2950 4004
41 407 52 419 '⁸
66 407 128 429 idest
140 412 176 429 te.

11 528 14 529 ν
43 517 52 525 ·
65 515 136 537 etima
149 521 216 538 mn.

41 835 203 863 fundantur

43 867 92 884 orn.
107 862 158 883 rab.

138 986 152 1017 β

1163 219 1272 255 CAP.
1303 220 1334 266 I,

279 296 532 335 mediantibus
548 297 618 333 alia
633 297 838 334 accidentia
854 297 1080 334 substantiae
1099 296 1236 333 insunt.
1255 298 1335 332 Ma-

278 350 378 387 xime
407 357 534 387 autern
554 362 667 398 super
691 350 768 387 duo
789 350 964 394 fundatur
992 349 1132 395 relatio,
1153 361 1251 396 quae
1269 349 1335 385 ha-

279 404 370 440 bent
384 402 557 439 ordinem
577 403 626 439 ad
645 403 758 449 aliud,
775 402 912 438 scilicet
928 404 947 424 '³‘
963 414 1076 451 super
1090 401 1335 449 quantitatem

280 463 316 493 et
344 454 552 492 actionem:
573 468 663 492 nam
692 455 877 514 quantitas
895 462 1020 502 potest
1048 465 1129 491 esse
1157 465 1336 490 mensura

280 508 392 546 etiam
421 508 576 545 alicuius
597 507 802 553 exterioris3
823 519 937 554 agens
965 514 1092 543 autem
1114 507 1133 527 ’³
1152 507 1336 543 transfun-

280 561 333 598 dit
350 562 539 599 actionem
554 573 662 597 suam
677 560 715 596 in
733 559 846 596 aliud.
863 559 1079 596 Relationes
1098 557 1207 606 igitur
1221 571 1334 606 quae-

280 616 369 652 dam
396 614 598 652 fundantur
625 624 737 660 super
773 611 1039 670 quantitatem;
1071 619 1106 648 et
1132 611 1334 670 praecipue

279 679 392 716 super
419 677 634 711 numerum,
662 664 722 700 cui
750 663 930 712 competit
956 664 1079 712 prima
1107 664 1200 700 ratio
1229 676 1334 701 men-

279 732 400 767 surae,
419 727 462 756 ut
487 724 589 766 patet
615 717 653 755 in
681 717 796 764 duplo
822 723 858 752 et
886 716 1055 763 dimidio,
1077 716 1271 764 multiplici
1300 724 1336 753 et

279 769 556 819 submultiplici,
578 776 614 805 et
631 769 670 807 in
689 769 768 806 aliis
787 769 1018 806 huiusmodi.
1040 769 1147 806 Idem
1168 769 1279 806 etiam
1300 777 1336 805 et

263 823 398 861 'simile
418 830 454 860 et
473 823 628 870 aequale
643 822 846 859 fundantur
861 822 880 842 *
895 834 1008 870 super
1026 821 1220 868 unitatem,
1236 834 1334 870 quae

279 883 333 914 est
349 875 577 924 principium
605 874 765 912 numeri.
785 873 892 911 Aliae
920 887 1013 911 vero
1034 874 1234 911 relationes
1253 875 1334 911 fun-

278 930 413 966 dantur
440 940 554 976 super
581 928 769 965 actionem
791 934 827 963 et
843 927 1080 975 passionem:
1109 927 1172 964 vel
1201 939 1333 963 secun-

277 982 371 1019 dum
395 981 521 1030 ipsum
550 988 676 1018 actum
695 979 723 1027 β,
754 980 848 1016 sicut
876 980 1097 1016 calefaciens
1125 979 1258 1016 dicitur
1286 980 1334 1017 ad

278 1034 520 1079 calefactum;
550 1034 611 1070 vel
640 1034 849 1070 secundum
885 1033 960 1069 hoc
988 1032 1092 1081 quod
1121 1040 1176 1069 est
1198 1033 1332 1082 egisse,

278 1086 372 1123 sicut
389 1093 495 1135 pater
518 1086 675 1123 refertur
694 1087 742 1123 ad
759 1085 879 1123 filium
908 1085 996 1134 quia
1023 1085 1168 1133 genuit3
1187 1086 1249 1122 vel
1277 1098 1333 1121 se-

278 1139 446 1176 cundum
491 1139 699 1198 potentiam
740 1137 896 1186 agendi,
935 1138 1030 1175 sicut
1071 1137 1248 1174 dominus
1285 1138 1333 1175 ad

253 1203 433 1228 -servum
470 1192 559 1239 quia
593 1199 718 1240 potest
746 1203 834 1228 eum
872 1203 1058 1228 coercere.
1089 1191 1199 1228 Hanc
1226 1191 1335 1250 igitur

136 1255 152 1280 t

39 1301 49 1311 ⁶
58 1299 251 1322 s.Th.1ect.xv11.

38 1326 132 1348 uidsib.
137 1326 178 1355 tv,
185 1332 205 1348 c.
211 1333 250 1352 xv,

36 1359 63 1375 n.
77 1358 85 1374 ι
99 1359 165 1381 seqq.

279 1243 504 1293 divisionem
538 1244 734 1281 manifeste
764 1244 944 1292 expressit
968 1249 983 1270 ⁷
1011 1243 1264 1292 Philosophus
1295 1244 1333 1280 in

277 1297 312 1333 V
323 1298 538 1345 Metaphys.
556 1298 588 1343 *3
605 1298 670 1334 sed
685 1297 746 1334 hic
761 1296 925 1334 breviter
942 1297 1068 1344 tangit,
1086 1296 1213 1333 dicens
1229 1298 1333 1345 quod

277 1350 329 1387 ad
354 1349 496 1398 aliquid
530 1349 631 1387 aliud
660 1349 815 1399 quidem
850 1357 905 1386 est
932 1350 1142 1386 secundum
1180 1362 1333 1398 supera-

277 1401 526 1440 bundantiam
570 1410 606 1439 et
641 1403 850 1447 defectum
886 1402 990 1450 quod
1018 1402 1173 1450 quidem
1201 1403 1332 1439 funda-

277 1463 338 1492 tur
365 1456 772 1503 supenquantitatem,
793 1462 834 1491 ut
862 1455 1021 1502 duplum
1051 1462 1086 1491 et
1114 1455 1331 1492 dimidium:

277 1507 378 1544 aliud
407 1516 534 1544 autem
563 1508 772 1544 secundum
806 1507 972 1544 activum
1002 1515 1037 1544 et
1063 1508 1271 1556 passivum,
1298 1516 1333 1545 et

277 1560 464 1597 motivum
494 1567 530 1596 et
557 1560 710 1608 mobile,
733 1572 829 1608 quae
850 1559 898 1596 ad
926 1559 1090 1597 invicem
1110 1561 1330 1608 referuntur,

275 1619 316 1650 ut
342 1618 444 1661 patet
469 1624 538 1661 per
565 1624 616 1649 se.

329 1677 366 1713 7.
391 1664 538 1703 Deinde
577 1677 665 1701 cum
703 1665 807 1702 dicit:
835 1665 926 1701 Non
964 1671 1018 1701 est
1051 1671 1175 1702 autem
1213 1672 1334 1702 motus

270 1723 425 1766 praeter
452 1729 511 1754 res
539 1725 620 1761 etc„
651 1718 812 1754 ostendit
840 1717 1038 1765 quomodo
1067 1726 1194 1754 motus
1223 1725 1332 1755 redu—

278 1770 371 1810 citur
398 1771 446 1807 ad
473 1770 684 1819 praedictas
714 1770 928 1807 divisiones.
950 1771 998 1806 Et
1027 1771 1125 1807 circa
1152 1772 1227 1808 hoc
1255 1772 1331 1808 duo

222 1833 228 1840 ·
277 1822 378 1859 facit:
398 1822 522 1871 primo
543 1823 706 1860 ostendit
724 1823 828 1871 quod
856 1830 982 1859 motus
1006 1835 1085 1860 non
1114 1831 1168 1860 est
1185 1831 1334 1872 praeter

135 1881 149 1906 ὃ

32 1989 49 2000 ⁴
62 1988 134 2011 Num.
147 1995 196 2017 seq.

37 2045 123 2073 *ergo
137 2045 190 2067 add.
205 2051 250 2067 mu

37 2077 94 2093 ιιιο.

33 2097 118 2119 *Lech
126 2103 167 2125 seq
169 2104 221 2119 ..nn
229 2104 249 2126 3,

32 2129 62 2150 5;
72 2123 124 2145 lect.
129 2130 164 2151 ιιι,
172 2130 195 2146 ιι.
201 2124 223 2146 6.

277 1877 413 1924 genera
436 1888 562 1914 rerum
587 1876 626 1913 in
654 1876 790 1925 quibus
816 1875 993 1923 contingit
1021 1888 1103 1913 esse
1121 1885 1270 1913 motum
1299 1874 1332 1923 3;

277 1928 444 1965 secundo
473 1929 578 1979 quod
607 1929 784 1966 dividitur
803 1928 897 1966 sicut
924 1941 1062 1975 genera
1085 1942 1211 1966 rerum
1241 1930 1332 1967 divi—

277 1980 427 2028 duntur,
447 1981 518 2019 ibi:
545 1982 842 2030 Unumquodque
860 1987 984 2018 autem
1006 1983 1025 2003 ⁴²
1046 1989 1114 2019 etc.
1132 1982 1241 2019 Circa
1259 1983 1332 2031 pri-

277 2045 383 2070 mum
402 2035 421 2055 '³²
438 2034 752 2072 considerandum
774 2042 830 2071 est
847 2034 963 2082 quod,
981 2047 1068 2072 cum
1083 2042 1222 2082 motus,
1239 2036 1334 2072 sicut

277 2087 373 2124 infra
388 2088 408 2108 ²¹²
426 2087 579 2135 patebit,
601 2087 646 2124 sit
665 2095 768 2124 actus
787 2086 1044 2135 imperfectus;
1070 2100 1186 2124 omne
1205 2095 1332 2125 autem

277 2139 382 2188 quod
410 2147 465 2176 est
491 2140 773 2188 imperfectum,
807 2141 876 2176 sub
906 2140 1043 2176 eodern
1071 2152 1207 2187 genere
1236 2141 1333 2177 cadit

278 2204 366 2228 curn
386 2193 565 2240 perfecto,
586 2205 665 2229 non
688 2192 844 2240 quidem
872 2192 965 2229 sicut
993 2193 1147 2241 species,
1178 2193 1244 2230 sed
1264 2204 1332 2241 per

247 2291 249 2293 ι
277 2244 536 2282 reductionem
570 2245 688 2291 (sicut
715 2245 871 2282 materia
897 2245 1020 2293 prima
1048 2252 1103 2282 est
1130 2245 1167 2281 in
1196 2257 1331 2292 genere

276 2297 535 2344 substantiae),
556 2309 709 2334 necesse
730 2305 785 2334 est
803 2299 907 2346 quod
927 2305 1053 2334 motus
1073 2311 1150 2334 non
1166 2298 1211 2335 sit
1224 2311 1331 2346 prae-

275 2356 331 2386 ter
349 2362 487 2398 genera
510 2362 637 2387 rerum
657 2350 694 2387 in
713 2350 849 2399 quibus
870 2350 1048 2398 contingit
1067 2363 1149 2387 esse
1169 2358 1329 2388 motum.

275 2403 325 2439 Et
338 2403 412 2439 hoc
432 2410 487 2439 est
505 2403 610 2452 quod
630 2403 727 2449 dicit,
744 2404 848 2451 quod
868 2411 994 2440 motus
1014 2415 1091 2440 non
1111 2411 1167 2440 est
1179 2410 1332 2451 praeter

275 2467 355 2501 res,
390 2455 486 2492 idest
521 2463 669 2504 praeter
705 2468 843 2503 genera
876 2468 1003 2493 rerum
1039 2456 1078 2492 in
1111 2456 1248 2504 quibus
1278 2464 1331 2493 est

275 2515 413 2555 motus,
433 2508 483 2545 ita
502 2509 605 2556 quod
626 2509 671 2545 sit
690 2509 829 2556 aliquid
851 2517 1080 2555 extraneum,
1109 2510 1171 2546 vel
1191 2509 1330 2558 aliquid

276 2572 482 2597 commune
501 2561 551 2598 ad
569 2562 663 2598 haec
682 2573 829 2609 genera.
860 2563 909 2598 Et
936 2562 1010 2598 hoc
1033 2562 1245 2598 manifestat
1262 2574 1331 2610 per

327 2688 354 2722 β)
373 2690 415 2715 vel
431 2690 574 2715 secundum
594 2690 678 2722 ipsum
697 2693 793 2715 actum.
807 2704 826 2709 —
844 2691 884 2716 vel
902 2698 982 2723 super
1006 2692 1091 2723 ipsum
1109 2695 1197 2716 actum
1217 2692 1250 2721 P;
1270 2692 1331 2716 item

275 2725 319 2749 lin.
332 2732 387 2757 seq.
400 2725 441 2750 vel
458 2732 538 2756 super
556 2725 604 2750 hoc
623 2733 681 2749 cum
700 2725 732 2755 R,
745 2730 771 2750 et
789 2726 833 2750 lin.
847 2726 921 2751 tertia
938 2727 979 2751 vel
993 2733 1073 2758 super
1086 2727 1251 2758 potentiam5
1270 2727 1331 2750 sub-

275 2761 404 2784 stituimus
422 2760 578 2790 secundum,
600 2760 660 2792 quia
678 2761 814 2785 relationes
838 2761 878 2785 hic
903 2766 1066 2786 enumeratae
1090 2762 1229 2786 fundantur
1251 2769 1332 2793 super

275 2795 401 2820 actionem
419 2800 445 2819 et
462 2796 625 2828 passionem,
645 2796 787 2820 secundum
813 2796 929 2820 diversos
952 2801 1084 2828 respectus
1109 2796 1189 2828 ipsius
1212 2804 1287 2829 agere
1307 2801 1332 2821 et

275 2830 335 2862 pati.
348 2844 367 2848 —
381 2830 466 2862 ipsum
484 2835 542 2855 ante
560 2833 648 2855 actum
667 2838 720 2855 om.
734 2831 807 2855 codd.
821 2839 874 2856 exc.
889 2832 973 2856 IKLS.

327 2865 354 2899 γ)
373 2865 512 2898 manifeste
530 2866 670 2897 expressit.
684 2879 703 2884 -
716 2866 751 2891 lta
775 2866 942 2896 PlKLRSab,
965 2866 1118 2900 manifestat
1140 2867 1202 2898 DM,
1220 2867 1330 2900 manife-

274 2903 314 2926 ste
331 2903 358 2925 et
375 2907 501 2932 expresse
514 2901 594 2932 ponit
612 2901 684 2931 CsA,
703 2901 842 2934 manifeste
865 2908 990 2934 expresse
1008 2902 1073 2934 TpA
1096 2906 1121 2926 et
1140 2902 1178 2932 O,
1198 2902 1268 2926 cuius
1294 2907 1330 2926 ta-

274 2943 334 2960 men
359 2936 467 2967 scriptor
495 2936 634 2970 manifeste
663 2937 781 2968 expunxit
805 2941 830 2961 et
859 2937 884 2960 in
907 2936 959 2961 fine
983 2937 1070 2969 posuit
1095 2937 1257 2970 manifestat.
1282 2937 1331 2962 Alii

275 2970 364 2994 codd.:
384 2970 539 3004 mamfestat
555 2978 689 3003 expresse.

327 3003 353 3036 δ)
372 3005 398 3029 in
417 3005 511 3037 quibus
528 3006 659 3039 contingit
673 3013 728 3030 esse
743 3009 875 3031 motum.-
887 3007 938 3031 Soli
953 3007 972 3031 P
987 3012 1012 3032 et
1026 3007 1105 3032 codex
1121 3008 1141 3031 L
1156 3007 1251 3032 habent
1268 3006 1331 3032 haec

275 3039 361 3070 verba,
381 3047 447 3072 quae
460 3040 519 3065 licet
533 3049 584 3066 non
598 3041 742 3065 necessaria
756 3042 813 3072 sint,
823 3046 909 3066 tamen
922 3042 953 3066 ad
967 3042 1174 3075 perspicuitatem
1190 3042 1331 3067 conferunt.

327 3073 350 3109 ε)
369 3075 415 3100 sed
433 3075 468 3100 sit
484 3082 568 3109 genus
586 3083 686 3101 eorum.
699 3091 720 3096 —
733 3079 764 3100 ut
781 3077 816 3101 sit
833 3084 916 3110 genus
935 3084 1026 3102 eorum
1046 3077 1124 3102 PGab
1142 3078 1208 3102 bene
1227 3078 1249 3102 si
1268 3077 1330 3102 haec

1365 219 1514 256 LECT.
1546 221 1559 256 I

2374 222 2444 258 103

1388 297 1462 333 hoc
1481 298 1584 344 quod
1605 310 1719 334 omne
1750 299 1769 319 ’⁸
1788 299 1893 346 quod
1918 306 2094 345 mutatur,
2116 306 2281 336 mutatur
2298 300 2360 336 vel
2389 312 2445 336 se-

1389 350 1556 386 cundum
1576 351 1842 397 substantiam,
1861 352 1923 387 vel
1943 351 2153 388 secundum
2182 352 2442 400 quantitatem,

1388 403 1449 438 vel
1478 403 1688 439 secundum
1717 404 1956 451 qualitatem,
1985 405 2046 440 vel
2066 405 2276 441 secundum
2298 406 2442 452 locum,

1388 461 1430 490 ut
1456 454 1495 490 in
1523 455 1653 502 quinto
1684 457 1703 476 Ψ·
1731 456 1957 492 ostendetur.
1988 455 2055 492 His
2085 464 2211 493 autem
2244 458 2443 504 generibus

1389 518 1466 542 non
1495 515 1550 543 est
1577 507 1745 556 accipere
1783 508 1936 556 aliquod
1974 521 2179 545 commune
2206 509 2441 557 univocum,

1388 558 1493 606 quod
1522 571 1600 595 non
1629 560 1862 597 contineatur
1881 562 1951 597 sub
1976 561 2101 609 aliquo
2122 562 2441 610 praedicamento,

1389 612 1456 647 sed
1475 611 1520 647 sit
1537 623 1655 658 genus
1675 625 1808 649 eorum
1823 619 1850 649 ‘:
1867 614 1933 650 sed
1954 625 2019 650 ens
2035 622 2089 650 est
2105 627 2310 651 commune
2330 615 2378 652 ad
2399 627 2443 651 ea

1389 664 1600 700 secundum
1621 665 1845 712 analogiam,
1866 673 1906 702 ut
1924 666 1962 702 in
1978 667 2028 702 lV
2046 667 2260 715 Metaphys.
2279 669 2299 688 ²³
2319 675 2442 704 osten-

1390 716 1508 752 detur.
1538 717 1649 753 Unde
1679 717 1789 754 etiam
1819 718 2060 755 manifestum
2094 727 2149 755 est
2183 720 2286 768 quod
2319 732 2442 768 neque

1388 776 1514 805 motus
1533 781 1657 818 neque
1677 770 1833 807 mutatio
1854 779 1939 807 sunt
1958 778 2060 807 extra
2078 772 2268 819 praedicta
2288 785 2441 819 genera3

1389 833 1476 857 cum
1496 821 1587 857 nihil
1603 822 1647 858 sit
1663 830 1764 859 extra
1779 835 1834 869 ea,
1852 824 1918 860 sed
1933 824 2161 860 sufficienter
2180 824 2348 861 dividant
2363 838 2440 862 ens.

1389 874 1598 920 Quomodo
1627 882 1754 911 autem
1783 882 1908 912 motus
1937 888 1977 912 se
2004 877 2142 912 habeat
2175 877 2222 913 ad
2250 877 2442 925 praedica-

1388 934 1560 963 mentum
1580 927 1736 964 actionis
1756 929 1817 964 vel
1835 928 2032 976 passionis,
2057 929 2152 965 infra
2172 930 2191 950 ²⁸⁸
2212 931 2439 967 ostendetur.

1442 980 1475 1015 8.
1506 978 1653 1015 Deinde
1675 992 1761 1016 cum
1782 980 1883 1016 dicit:
1918 982 2215 1029 Unumquodque
2232 988 2356 1018 autem
2376 983 2441 1019 du-

1381 1031 1528 1079 pliciter
1548 1038 1632 1079 etc.,
1655 1033 1816 1069 ostendit
1835 1034 1939 1080 quod
1967 1041 2093 1070 motus
2114 1034 2291 1071 dividitur
2311 1034 2405 1071 sicut
2423 1036 2442 1056 '¹‘

1386 1096 1524 1131 genera
1540 1097 1677 1122 rerum.
1695 1085 1937 1122 Manifestum
1958 1094 2012 1122 est
2028 1087 2128 1122 enirn
2148 1087 2252 1135 quod
2266 1087 2305 1123 in
2321 1087 2442 1124 omni-

1387 1137 1457 1173 bus
1476 1137 1675 1185 generibus
1696 1138 1873 1185 contingit
1892 1138 2031 1186 aliquid
2051 1151 2132 1175 esse
2157 1139 2361 1187 dupliciter,
2381 1141 2443 1176 vel

1386 1189 1480 1226 sicut
1497 1191 1718 1238 perfectum,
1733 1192 1795 1227 vel
1810 1191 1904 1227 sicut
1923 1191 2195 1239 imperfectum.
2217 1192 2333 1228 Cuius
2348 1192 2441 1229 ratio

1387 1249 1452 1289 est,
1475 1243 1564 1290 quia
1590 1243 1750 1291 privatio
1780 1250 1816 1279 et
1838 1243 1986 1280 habitus
2016 1250 2070 1280 est
2096 1244 2219 1292 prima
2244 1245 2442 1281 contrarie-

1386 1302 1452 1342 tas,
1483 1308 1580 1344 quae
1613 1296 1650 1332 in
1684 1295 1861 1332 omnibus
1891 1296 2083 1332 contrariis
2105 1297 2124 1317 ’¹‘
2143 1297 2316 1344 salvatur,
2337 1305 2377 1334 ut
2404 1298 2442 1334 in

1386 1348 1421 1383 X
1443 1349 1662 1397 Metaphys.
1684 1350 1704 1368 ⁴*
1724 1348 1867 1385 dicitur.
1897 1349 2019 1395 Unde,
2042 1361 2129 1385 cum
2154 1349 2282 1386 omnia
2305 1362 2442 1397 genera

1387 1400 1600 1438 dividantur
1620 1401 1812 1438 contrariis
1838 1378 2065 1449 differentiis,
2095 1410 2244 1450 oportet
2263 1402 2300 1438 in
2321 1403 2441 1439 omni-

1386 1453 1456 1489 bus
1489 1454 1688 1501 generibus
1725 1466 1806 1491 esse
1839 1454 2047 1502 perfectum
2086 1461 2122 1490 et
2156 1454 2440 1503 imperfectum:

1387 1505 1481 1542 sicut
1499 1506 1537 1542 in
1556 1507 1761 1543 substantia
1789 1506 1928 1554 aliquid
1958 1514 2012 1543 est
2029 1514 2071 1543 ut
2093 1507 2227 1554 forma,
2250 1514 2285 1544 et
2303 1508 2442 1555 aliquid

1386 1565 1427 1594 ut
1452 1559 1633 1607 privatio;
1655 1567 1691 1596 et
1719 1559 1756 1595 in
1775 1559 1950 1607 qualitate
1978 1559 2117 1607 aliquid
2137 1559 2151 1585 t.
2171 1568 2225 1596 est
2251 1567 2293 1596 ut
2311 1561 2440 1597 album

1341 1617 1343 1620 '
1387 1612 1492 1658 quod
1507 1618 1562 1648 est
1579 1613 1799 1660 perfectum,
1818 1619 1853 1648 et
1872 1611 2011 1660 aliquid
2029 1620 2070 1648 ut
2089 1612 2248 1660 nigrum,
2266 1613 2370 1660 quod
2386 1621 2441 1650 est

1387 1663 1494 1711 quasi
1521 1663 1806 1712 imperfectum,
1841 1673 1877 1700 et
1903 1665 1941 1701 in
1969 1664 2189 1713 quantitate,
2220 1665 2359 1713 aliquid
2388 1673 2442 1702 est

1387 1716 1572 1764 quantitas
1592 1717 1755 1765 perfecta
1775 1724 1811 1753 et
1830 1717 1968 1764 aliquid
1988 1717 2222 1765 imperfecta;
2246 1725 2281 1754 et
2299 1718 2337 1754 in
2356 1719 2440 1755 loco

1387 1768 1525 1817 aliquid
1551 1777 1605 1806 est
1630 1782 1791 1816 sursum,
1814 1770 1916 1817 quod
1946 1777 2000 1806 est
2027 1770 2134 1817 quasi
2160 1770 2380 1818 perfectum,
2407 1779 2442 1807 et

1386 1821 1526 1869 aliquid
1555 1821 1752 1869 deorsum,
1782 1822 1885 1870 quod
1914 1830 1968 1858 est
1989 1823 2008 1843 '¹‘
2026 1823 2133 1870 quasi
2157 1822 2439 1871 imperfectum3
2468 1832 2478 1842 ⁸

1385 1875 1447 1910 vel
1471 1875 1553 1911 leve
1575 1882 1610 1911 et
1628 1887 1754 1922 grave,
1784 1887 1881 1923 quae
1909 1882 2101 1923 ponuntur
2129 1875 2165 1912 in
2195 1876 2268 1921 ubi,
2297 1876 2440 1913 ratione

1386 1926 1644 1964 inclinationis.
1665 1929 1775 1965 Unde
1795 1927 2035 1964 manifestum
2057 1935 2112 1965 est
2130 1928 2233 1976 quod
2253 1936 2346 1976 quot
2360 1942 2441 1965 mo-

1387 1980 1442 2016 dis
1471 1980 1648 2018 dividitur
1675 1993 1754 2028 ens,
1774 1988 1828 2017 tot
1855 1981 1979 2018 modis
2008 1978 2186 2018 dividitur
2204 1989 2341 2018 motus.
2362 1982 2440 2018 Dif-

1386 2033 1510 2070 ferunt
1546 2033 1648 2070 enim
1678 2033 1821 2082 species
1858 2041 1984 2070 motus
2011 2039 2025 2056 '¹
2054 2034 2263 2070 secundum
2292 2034 2440 2071 diversa

1386 2098 1524 2132 genera
1553 2086 1714 2133 entium,
1743 2093 1783 2123 ut
1811 2094 2067 2134 augmentum,
2098 2086 2203 2134 quod
2231 2095 2287 2123 est
2313 2095 2440 2124 motus

1385 2138 1423 2174 in
1451 2139 1671 2186 quantitate,
1701 2152 1723 2175 a
1750 2139 2012 2186 generatione,
2043 2152 2139 2188 quae
2168 2147 2222 2176 est
2250 2147 2374 2176 motus
2403 2140 2440 2177 in

1385 2191 1602 2228 substantia.
1618 2191 1807 2228 Differunt
1827 2192 1939 2229 etiam
1961 2193 1980 2213 ’²⁴
1999 2192 2142 2240 species
2161 2200 2287 2230 motus
2307 2206 2439 2230 secun-

1386 2243 1478 2280 dum
1498 2245 1707 2292 perfectum
1727 2252 1762 2280 et
1780 2244 2043 2292 imperfectum
2068 2245 2106 2281 in
2125 2246 2263 2282 eodem
2284 2258 2438 2293 genere:

1385 2309 1474 2332 nam
1494 2296 1683 2344 generatio
1700 2305 1755 2333 est
1772 2305 1899 2334 motus
1915 2297 1952 2334 in
1972 2297 2177 2334 substantia
2197 2299 2243 2335 ad
2262 2299 2437 2346 formam,

1385 2349 1573 2398 corruptio
1601 2362 1693 2386 vero
1715 2349 1762 2386 ad
1789 2349 2058 2398 privationem3
2080 2358 2115 2386 et
2133 2351 2153 2372 ³*
2171 2350 2208 2387 in
2237 2351 2438 2400 quantitate

1385 2409 1630 2449 augmentum
1650 2402 1699 2439 ad
1718 2402 1964 2450 quantitatem
1981 2404 2208 2451 perfectam,
2240 2404 2437 2441 diminutio

1384 2455 1430 2491 ad
1460 2455 1729 2503 imperfectam.
1761 2455 1888 2501 Quare
1926 2463 2053 2492 autem
2091 2468 2169 2492 non
2205 2457 2439 2503 assignentur

1385 2508 1480 2544 duae
1501 2508 1644 2556 species
1672 2508 1711 2544 in
1739 2508 1913 2556 qualitate
1933 2516 1970 2545 et
1995 2509 2034 2545 in
2062 2509 2126 2545 ubi
2156 2509 2372 2546 ostendetur
2399 2509 2437 2546 in

1383 2567 1513 2608 quinto
1544 2561 1574 2597 '‘'fi

1386 2693 1571 2724 coniungantur
1595 2700 1655 2717 cum
1679 2692 1823 2724 accipere...
1848 2692 2001 2720 univocum:
2020 2692 2087 2717 idem
2109 2692 2245 2717 dicendum
2265 2693 2295 2718 de
2314 2693 2436 2723 lectione,

1385 2727 1456 2759 quod
1473 2727 1509 2752 sit
1526 2734 1609 2760 genus
1628 2734 1727 2757 eorum,
1741 2728 1834 2758 sCDL;
1849 2728 1958 2760 legimus
1978 2732 2063 2752 tamen
2077 2728 2122 2752 sed
2135 2728 2170 2752 sit
2188 2735 2270 2760 genus
2289 2735 2379 2753 eorum
2392 2736 2436 2753 au-

1386 2763 1499 2787 ctoritate
1518 2762 1632 2787 omnium
1646 2762 1700 2787 fere
1718 2763 1844 2794 codicum,
1859 2768 1884 2787 et
1898 2763 1957 2795 quia
1974 2763 2022 2787 sed
2033 2763 2068 2788 sit
2082 2763 2157 2788 obvie
2169 2763 2315 2796 intelligitur
2329 2771 2437 2796 respon—

1385 2798 1445 2822 dere
1464 2798 1621 2822 antecedenti
1639 2797 1710 2830 quod
1729 2805 1779 2822 non
1798 2798 1974 2823 contineatur.

1437 2831 1461 2866 ζ)
1482 2833 1508 2857 in
1528 2833 1655 2865 qualitate
1672 2833 1811 2865 aliquid.—
1824 2834 1874 2857 Pro
1892 2833 1941 2858 hoc
1960 2833 2061 2865 aliquid
2080 2838 2105 2858 et
2123 2833 2237 2866 quinque
2256 2834 2436 2866 sequentibus,

1385 2868 1485 2892 codices
1511 2869 1681 2892 communiter
1705 2868 1799 2893 habent
1821 2868 1911 2897 aliud‚·
1933 2868 2004 2900 ipsae
2023 2869 2080 2893 edd.
2100 2869 2153 2893 Pub
2172 2876 2219 2901 pro
2238 2872 2264 2894 et
2288 2869 2390 2902 aliquid
2408 2873 2438 2894 ut

1385 2902 1491 2935 nigrum
1510 2902 1605 2927 habent
1623 2903 1698 2927 aliud
1717 2907 1745 2928 ut
1764 2904 1871 2936 nigrum
1891 2911 1950 2928 cum
1969 2904 2043 2928 codd.
2063 2910 2116 2928 exc.
2135 2904 2166 2928 R

1437 2936 1463 2971 η)
1484 2937 1610 2971 differunt
1628 2938 1697 2962 enim
1716 2939 1814 2970 species
1833 2941 1952 2963 motus.—
1964 2939 2029 2963 Edd.
2047 2939 2086 2964 ab
2106 2944 2131 2963 et
2149 2939 2231 2968 codd..
2247 2947 2300 2964 exc.
2318 2939 2372 2969 FH
2392 2939 2436 2963 ha·
2461 2928 2464 2930 .

1384 2972 1445 2997 bent
1463 2972 1526 2997 haec
1544 2973 1630 3003 verba,
1650 2981 1761 3005 quorum
1779 2973 1886 2998 omissio
1905 2974 1931 2997 in
1949 2974 1968 2998 P
1988 2979 2074 3006 potest
2092 2974 2216 3006 explicari.
2230 2979 2273 2998 aut
2287 2982 2333 3006 per
2350 2982 2438 2999 recur

1384 3015 1443 3032 sum
1461 3008 1533 3032 verbi
1552 3011 1638 3033 motus
1662 3007 1739 3042 (nam
1765 3009 1839 3033 etiam
1867 3009 2006 3041 typothetis
2031 3009 2120 3033 accidit
2143 3010 2261 3034 omittere
2280 3015 2304 3033 et
2322 3014 2437 3041 repetere

1384 3043 1583 3075 homoteleuta),
1597 3048 1640 3067 aut
1657 3051 1703 3075 per
1721 3044 1888 3068 omissionem
1903 3044 1929 3068 in
1948 3044 2057 3068 editione
2076 3051 2126 3076 qua
2140 3044 2159 3068 P
2172 3052 2219 3069 usa
2232 3049 2278 3069 est.
2295 3045 2344 3068 Pro
2358 3045 2434 3073 em'm,

1384 3081 1471 3103 autem
1486 3078 1567 3107 DMT.
1583 3078 1662 3103 etiam
1681 3079 1712 3102 X.

854 3319 1856 3371 ,ψῃῆἣςὺψ-μ

2473 311 2530 331 'ens
2536 311 2683 333 sc1l1cetadd.

2471 472 2481 482 '⁸
2496 471 2559 494 Lect.
2574 478 2589 493 ι.

2572 631 2582 647 Ε

2470 678 2478 686 ·
2490 677 2657 700 s.Th.1ecx.1.
2670 690 2680 694 -

2470 703 2571 725 Did.1ib.
2583 704 2620 731 ιιι,
2632 710 2652 726 c.
2662 711 2678 731 ι,

2471 736 2492 750 n.
2509 736 2515 750 1
2531 736 2596 758 seqq.

2469 944 2479 954 “
2495 942 2555 965 Lect.
2571 950 2595 964 v.

2469 1043 2479 1054 *
2499 1045 2522 1064 et
2539 1043 2591 1065 add.
2612 1044 2679 1066 codd.

2469 1076 2519 1091 exc.
2532 1076 2582 1091 mr.

2468 1306 2619 1333 “generibus
2638 1312 2681 1327 ner-

2468 1338 2565 1379 fflqNTh.
2574 1359 2624 1380 lect.
2635 1365 2679 1380 v.-t

2470 1384 2528 1432 gie]6
2531 1385 2570 1406 lib.
2579 1385 2617 1412 IX,
2626 1391 2647 1406 c.
2655 1393 2678 1412 4,

2514 1831 2560 1852 uod
2577 1833 2613 1852 est
2630 1837 2678 1852 om.

2469 1864 2496 1878 co
2514 1857 2536 1879 d.
2555 1863 2604 1879 exc.
2618 1864 2680 1879 unm

2468 1890 2506 1904 ΝΥ.

2468 2207 2476 2216 ·
2492 2209 2567 2228 autem
2582 2213 2650 2228 ozon.

2466 2359 2477 2370 ⁸
2491 2361 2515 2380 et
2527 2365 2574 2381 om.
2590 2359 2657 2380 ruah.

2463 2562 2472 2573 '⁵
2486 2561 2550 2583 Lech
2564 2567 2594 2582 tv.
