2898 3996
1089 292 1198 327 CAP.
1228 293 1310 339 XII,
1341 293 1489 330 LECT.
1519 295 1590 330 XX

24 385 231 434 ,ag-mmmm
261 372 372 410 drati:
397 373 472 420 hoc
491 370 593 408 enlm
615 371 635 392 ³²
654 377 708 407 est
736 368 980 418 impossibile,
1007 368 1095 417 quia
1123 381 1318 416 nunquam

261 424 440 472 contingit
459 435 540 460 esse
558 435 707 460 verum.
730 421 960 458 Huiusmodi
974 428 1102 457 autem
1117 433 1195 458 non
1214 434 1319 458 men-

261 484 436 515 surantur
470 483 654 524 ternpore.
685 476 734 512 Et
770 475 844 511 hoc
881 474 933 511 sic
970 473 1116 522 probat.
1147 474 1319 522 Tempus

259 530 385 579 primo
415 536 451 566 et
476 541 545 577 per
573 541 613 565 se
642 535 697 564 est
724 539 903 564 mensura
930 529 1081 572 motus,'.
1094 524 1165 561 alia
1191 533 1319 562 autem

261 595 340 620 non
367 589 633 618 mensurantur
651 580 721 617 nisi
747 591 817 628 per
835 578 1025 615 accidens:
1055 589 1320 626 quaecumque

263 647 352 683 ergo
380 641 646 671 mensurantur
673 640 858 680 tempore,
885 630 939 667 eis
967 629 1145 677 contingit
1171 630 1319 667 moveri

264 695 300 725 et
332 687 523 736 quiescere
547 691 572 723 ²².
607 685 718 723 Unde
747 691 784 720 et
819 682 1046 731 generabilia
1079 689 1114 718 et
1143 682 1321 731 corrupti-

262 740 350 778 bilia
370 747 406 776 et
430 738 559 776 omnia
586 749 684 787 quae
712 736 941 785 quandoque
970 741 1055 771 sunt
1088 741 1124 770 et
1151 735 1320 783 quando-

264 804 338 842 que
365 804 443 829 non
471 798 567 838 sunt,
597 789 685 838 quia
713 795 799 825 sunt
825 788 862 824 in
891 787 1037 824 moveri
1062 792 1097 823 et
1123 787 1318 835 quiescere,

264 851 352 883 sunt
369 844 407 881 in
425 851 615 892 tempore:
633 841 721 891 quia
739 840 935 890 quoddam
954 846 1104 888 tempus
1125 847 1180 876 est
1198 840 1319 876 maius

265 897 338 944 eis,
358 895 462 946 quod
482 895 626 932 excellit
644 893 882 931 durationem
910 892 1093 940 ipsorum,
1115 899 1149 928 et
1167 899 1321 940 propter

263 950 338 987 hoc
357 955 551 985 mensurat
570 945 794 984 substantias
814 957 947 982 eorum
966 942 990 991 θ,
1011 957 1089 981 non
1109 945 1317 981 secundum

263 1002 303 1039 id
330 1001 434 1052 quod
461 1007 558 1049 sunt,
579 1000 647 1037 sed
666 999 876 1036 secundum
901 1009 983 1034 esse
1001 997 1063 1034 vel
1083 997 1320 1034 durationem

263 1054 446 1104 ipsorum.
589 1090 593 1093 a

319 1107 396 1144 Sed
423 1106 518 1144 inter
546 1117 590 1142 ea
618 1117 716 1154 quae
746 1115 824 1141 non
852 1110 953 1150 sunt,
983 1109 1020 1139 et
1045 1109 1175 1138 tamen
1205 1102 1319 1138 conti-

264 1167 400 1198 nentur
427 1171 450 1196 a
476 1166 660 1207 tempore,
689 1157 878 1206 quaedam
907 1155 1110 1204 aliquando
1139 1161 1256 1202 erant,
1280 1161 1322 1190 ut

317 1326 345 1359 η)
363 1329 390 1351 et
403 1325 542 1358 quiescere.
553 1336 572 1343 —-
585 1317 944 1352 P'ABCDIKLNOQSTVXY
958 1320 1105 1346 immediate
1114 1325 1321 1354 prosequuntur:

265 1361 328 1395 quia
345 1360 480 1394 quoddam
505 1358 590 1384 maius
610 1358 647 1384 eis
671 1358 779 1384 exceIIit
801 1357 969 1382 durationem
994 1357 1100 1388 (eorum
1119 1355 1177 1380 add.
1196 1355 1228 1384 P,
1254 1355 1322 1387 ipso-

239 1401 241 1404 ⁴
265 1404 325 1422 rum
343 1396 398 1429 D)‚·
414 1395 436 1420 Z
455 1395 518 1428 quia
541 1393 675 1428 quoddam
701 1396 802 1426 tempus
826 1395 866 1417 est
884 1392 970 1417 maius
987 1391 1024 1417 eis
1049 1391 1119 1424 quod
1141 1390 1249 1416 excellit
1273 1390 1322 1414 du-

265 1431 396 1457 rationem
415 1430 540 1463 ipsorum.
558 1442 577 1449 —‹
594 1429 661 1453 Cum
678 1429 752 1453 codd.
772 1427 916 1452 EFGHMR
934 1432 960 1451 et
977 1426 1035 1451 edd.
1053 1426 1095 1450 ab
1109 1425 1246 1450 omisimus
1259 1425 1321 1449 haec

264 1467 358 1496 verba,
382 1466 466 1499 primo
485 1465 544 1498 quia
565 1472 626 1490 non·
641 1464 805 1489 manifestum
825 1467 865 1487 est
883 1462 944 1495 quid
968 1461 1009 1487 hic
1027 1461 1075 1486 sibi
1093 1461 1186 1492 velint3
1207 1461 1321 1485 secundo

266 1502 326 1536 quia
342 1501 458 1526 videnter
475 1504 579 1533 sumpta
602 1506 633 1524 ex
651 1499 709 1524 loco
733 1499 810 1531 paulo
828 1497 951 1527 inferiori,
977 1496 1047 1530 quod
1070 1497 1181 1532 maxime
1204 1500 1273 1528 patet
1291 1503 1322 1520 ex

265 1537 376 1562 lectione
393 1535 422 1561 Z.

319 1570 344 1604 0)
363 1574 392 1597 et
403 1573 518 1603 propter
533 1570 583 1595 hoc
602 1572 740 1594 mensurat
756 1567 920 1593 substantias
937 1574 1037 1592 eorum.
1050 1566 1119 1591 -lta
1136 1566 1250 1598 PEab(et
1268 1565 1320 1598 G);

247 1610 292 1632 -et
305 1614 360 1640 per
375 1606 424 1632 hoc
441 1608 611 1632 mensuratur
632 1602 780 1629 substantia
802 1611 893 1629 eorum
917 1602 977 1634 Co,
995 1605 1022 1628 et
1039 1609 1092 1635 per
1113 1601 1162 1627 hoc
1186 1604 1322 1626 mensurat

2348 297 2420 331 215

1374 371 1581 417 Homerus;
1609 372 1795 420 quaedam
1824 373 2023 420 aliquando
2054 379 2172 419 erunt,
2201 379 2242 409 ut
2269 373 2422 421 aliquod

1373 422 1555 469 futurum3
1583 425 1644 460 vel
1673 424 1702 460 si
1731 425 1965 461 continentur
1989 438 2010 461 a
2033 432 2204 473 tempore
2222 425 2421 473 praeterito

1375 481 1410 510 et
1437 475 1572 521 futuro,
1599 484 1706 512 erunt
1725 485 1760 513 et
1780 485 1893 514 erant.
1914 478 1970 514 Ea
1989 490 2081 514 vero
2102 489 2198 526 quae
2218 479 2320 514 nullo
2340 490 2423 514 mo-

1375 526 1423 562 do
1463 527 1698 564 continentur
1731 541 1752 564 a
1788 536 1979 577 tempore,
2018 542 2140 578 neque
2178 538 2263 566 sunt
2298 541 2422 578 neque

1374 578 1523 615 fuerunt
1541 592 1663 628 neque
1684 588 1801 617 erunt.
1822 582 1871 617 Et
1889 581 1973 618 talia
1993 590 2079 618 sunt
2097 594 2141 618 ea
2156 594 2252 630 quae
2273 594 2424 631 semper

1374 642 1452 667 non
1471 638 1567 677 sunt,
1590 639 1625 667 et
1643 645 1806 679 quorum
1820 634 1840 654 *
1854 634 2026 681 opposita
2045 647 2195 682 semper
2213 642 2308 680 sunt;
2330 635 2424 671 sicut

1375 683 1600 720 diametrum
1630 693 1709 720 esse
1739 685 2157 723 incommensurabilem
2181 687 2294 733 lateri,
2325 699 2422 724 sem-

1373 748 1442 783 per
1461 743 1531 781 est3
1561 737 1661 773 unde
1686 749 1763 773 non
1793 746 2029 774 mensuratur
2057 746 2239 786 tempore.
2266 740 2314 776 Et
2336 752 2422 788 pro-

1373 795 1456 836 pter
1482 789 1556 825 hoc
1575 801 1697 837 neque
1719 790 1943 826 contrarium
1965 790 2059 836 eius,
2081 791 2185 839 quod
2205 799 2258 828 est
2283 791 2423 828 diame-

1374 847 1474 877 trum
1503 853 1584 877 esse
1611 848 1868 888 symmetrum,
1889 842 1982 879 idest
2002 844 2021 864 ’ᾗ
2042 844 2421 880 commensurabilem

1374 893 1498 940 lateri,
1533 901 1770 930 mensuratur
1797 902 1988 943 tempore:
2022 895 2107 932 ideo
2142 895 2242 932 enim
2275 908 2425 944 semper

1375 957 1453 981 non
1490 953 1564 992 est,
1599 946 1686 994 quia
1719 954 1773 982 est
1810 947 2037 984 contrarium
2071 947 2104 983 ei
2136 948 2239 995 quod
2276 960 2425 996 semper

1376 1005 1441 1034 est.
1466 1018 1490 1024 -
1519 998 1859 1047 Quorumcumque
1885 1001 1904 1021 a:
1928 1007 2055 1036 autem
2089 1000 2315 1036 contrarium
2348 1013 2425 1037 non

1376 1061 1527 1097 semper
1561 1058 1634 1096 est,
1663 1051 1757 1087 haec
1775 1059 1933 1099 possunt
1966 1065 2046 1088 esse
2077 1059 2112 1088 et
2148 1064 2225 1088 non
2254 1064 2359 1100 esse,
2391 1060 2426 1088 et

1375 1102 1516 1138 habent
1549 1102 1828 1149 generationem
1858 1111 1893 1140 et
1912 1105 1931 1125 ἦ·
1961 1104 2256 1153 corruptionem:
2278 1112 2313 1141 et
2340 1105 2426 1142 talia

1377 1162 1642 1191 mensurantur
1661 1162 1843 1203 tempore.

1374 1319 1548 1344 substantiam
1567 1326 1657 1344 eorum
1682 1318 1815 1351 (ipsorum
1834 1319 1986 1352 BFHMRZ)
2007 1325 2062 1350 cet„
2082 1328 2135 1345 exc.
2158 1321 2182 1345 G
2201 1321 2245 1353 qui
2264 1326 2348 1345 tamen
2368 1321 2429 1353 legit

1375 1355 1502 1386 ipsorum.
1528 1355 1602 1385 Quae
1621 1359 1770 1386 sequuntur,
1785 1362 1834 1379 non
1858 1355 2025 1379 secundum...
2045 1355 2210 1380 durationem
2234 1356 2356 1387 ipsorum,
2375 1359 2429 1381 o'm.

1375 1390 1449 1414 codd.
1468 1395 1493 1414 et
1506 1397 1523 1414 a
1533 1389 1564 1418 b,·
1577 1397 1624 1414 nec
1642 1394 1702 1414 sunt
1715 1389 1832 1414 absolute
1846 1390 1989 1415 necessaria
2002 1390 2064 1415 haec
2077 1390 2163 1420 verba,
2178 1391 2241 1422 quia
2254 1391 2304 1415 iam
2318 1391 2343 1415 in
2356 1398 2430 1423 prae-

1375 1425 1524 1449 cedentibus
1544 1425 1698 1449 declaratum
1713 1429 1752 1449 est
1764 1425 1898 1457 quomodo
1913 1425 2069 1450 substantiae
2083 1433 2173 1449 eorum
2196 1433 2261 1457 quae
2276 1426 2431 1458 quandoque

1375 1465 1435 1484 sunt
1453 1465 1478 1484 et
1496 1460 1652 1492 quandoque
1676 1467 1728 1484 non
1746 1465 1818 1490 sunt,
1839 1465 2020 1484 mensurentur
2037 1465 2168 1493 tempore,
2189 1460 2259 1492 quod
2281 1461 2387 1485 excellit
2405 1465 2431 1484 et

1375 1500 1507 1519 mensurat
1519 1495 1685 1520 durationem
1701 1494 1816 1526 ipsorum
1830 1494 1873 1527 (cf.
1884 1503 1927 1519 nn.
1942 1502 1964 1526 2,
1980 1494 1993 1519 3
2009 1500 2034 1519 et
2051 1494 2103 1529 ιο).
2117 1496 2236 1520 Attamen
2250 1495 2389 1520 retinemus
2400 1502 2430 1519 ea

1375 1530 1493 1554 claritatis
1506 1530 1593 1562 gratia,
1608 1535 1633 1554 et
1646 1530 1705 1562 quia
1723 1530 1789 1554 forte
1807 1537 1883 1554 causa
1896 1530 2044 1554 omissionis
2062 1530 2145 1562 potuit
2158 1537 2216 1554 esse
2230 1537 2350 1554 recursus
2363 1530 2431 1554 eius-

1376 1566 1434 1590 dem
1458 1566 1500 1589 vel
1520 1565 1610 1590 similis
1631 1565 1717 1596 vocis,
1736 1569 1813 1597 prout
1836 1565 1946 1590 indicare
1969 1566 2087 1590 videntur
2105 1566 2204 1590 codices
2227 1565 2271 1598 qui
2294 1573 2371 1598 supra
2394 1566 2431 1590 le-

1375 1606 1438 1632 gunt
1455 1600 1630 1625 substantiam
1651 1600 1775 1632 ipsorum.

2450 642 2461 653 ⁸
2475 647 2553 663 eorum
2567 647 2642 663 pecua

2450 671 2471 689 et
2486 674 2500 689 a
2509 668 2530 689 b.

2450 851 2460 860 ⁶
2466 853 2618 878 symmetrurm
2625 851 2662 872 id-

2451 879 2486 898 est
2499 883 2546 899 om.
2557 877 2592 899 pb.

2453 1012 2461 1021 ·
2475 1018 2570 1039 quorum
2584 1019 2606 1034 P-

2452 1115 2463 1126 ⁸
2478 1117 2501 1136 et
2514 1121 2561 1136 om.
2575 1122 2597 1136 ν.
