2898 3996
433 249 511 284 440

1046 229 1391 268 PHYSICORUM
1418 227 1765 270 ARISTOTELIS
1795 228 1888 263 LIB.
1918 227 2005 263 VIII

1140 486 1440 543 LECTIO
1478 485 1883 542 VIGESIMA

641 655 723 686 PER
745 653 960 685 RATIONES
986 651 1168 683 LOGICAS
1190 650 1248 681 ET
1273 648 1513 681 COMMUNES
1537 647 1814 679 OSTENDITUR
1838 647 1960 685 QUOD
1985 647 2134 678 MOTUS
2158 646 2411 678 CIRCULARIS

605 711 685 743 EST
709 709 957 742 CONTINUUS
980 709 1038 738 ET
1060 706 1217 738 PRIMUS
1241 723 1259 729 -
1283 705 1390 736 ITEM
1412 705 1494 735 PER
1516 704 1742 735 OPINIONES
1764 703 2057 742 ANTIQUORUM
2079 701 2449 735 PHILOSOPHORUM
2485 724 2487 726 -

884 764 1161 797 OSTENDITUR
1184 761 1306 800 QUOD
1329 761 1479 792 MOTUS
1502 760 1683 792 LOCALIS
1707 761 1772 792 SIT
1795 761 1951 792 PRIMUS
1974 760 2167 792 MOTUUM

441 904 598 951 Εὐλόγως
621 899 660 936 δὲ
682 901 870 948 συμβέβηκε
902 899 943 933 vd
976 899 1039 935 τήν
1070 898 1179 940 κύκλῳ
1210 901 1289 942 μίαν
1321 895 1407 930 εἶναι
1439 899 1498 929 καὶ

509 949 653 993 συνεχῆ,
684 949 742 979 καὶ
767 946 813 989 μὴ
839 946 903 981 την
929 942 979 976 ἐπ’
1009 941 1156 980 εὐθείας·
1182 944 1245 980 τῆς
1270 942 1328 987 μὲν
1353 942 1418 988 γὰρ
1443 940 1494 974 ἐπ’

510 991 637 1029 εὐθείας
662 991 801 1035 ὥρισται
825 991 882 1021 καὶ
909 987 996 1032 ἀρχή
1021 988 1079 1018 καὶ
1105 986 1201 1023 τέλος
1225 988 1283 1018 καὶ
1303 985 1418 1030 μέσον,
1440 988 1498 1017 καὶ

510 1037 611 1069 πάντ’
640 1035 709 1080 ἔχει
737 1035 768 1066 ἐν
802 1033 928 1074 ἑαυτῇ·
955 1031 1033 1062 ὥστ’
1064 1031 1154 1062 ἔστιν
1189 1029 1259 1062 ὅθεν
1293 1030 1433 1074 ἄρξεται
1457 1029 1498 1062 τὰ

508 1080 700 1124 κινούμενον
725 1079 782 1109 καὶ
805 1077 842 1109 οὖ
861 1074 1072 1111 τελευτήσει·
1092 1074 1171 1119 πρὸς
1188 1075 1252 1120 γοὲρ
1271 1078 1340 1112 τοῖς
1360 1073 1498 1118 πέρασιν

511 1125 626 1168 ἠρεμεῖ
645 1124 727 1163 πᾶν,
745 1121 765 1157 ἦ
785 1120 856 1152 ὅθεν
877 1119 899 1156 ἦ
924 1119 976 1151 οὗ·
995 1120 1058 1156 τῆς
1074 1113 1111 1150 δὲ
1132 1119 1321 1163 περιφεροῦς
1341 1117 1496 1162 ἀόριστα·

511 1172 544 1201 τί
569 1168 633 1214 γαρ
659 1167 787 1210 μᾶλλον
813 1164 988 1197 ὁποιονοῦν
1013 1163 1116 1207 πέρας
1141 1164 1207 1194 τῶν
1233 1163 1287 1194 ἐπὶ
1313 1163 1374 1199 τῆς
1392 1173 1499 1207 γραμ-

511 1213 592 1256 μῆς;
620 1212 739 1255 ὁμοίως
763 1209 827 1254 γαρ
853 1207 998 1240 ἕκαστον
1027 1208 1086 1238 καὶ
1112 1206 1199 1250 ἀρχή
1228 1209 1284 1238 καὶ
1310 1206 1409 1250 μέσον
1441 1206 1499 1236 καὶ

512 1255 623 1296 τέλος,
650 1252 728 1286 ὥστ’
752 1255 802 1286 ἀεί
827 1251 866 1285 τέ
891 1262 970 1283 τινα
995 1247 1080 1282 εἶναι
1105 1250 1137 1281 ὲν
1165 1251 1250 1295 ἀρχῇ
1275 1252 1332 1281 καὶ
1358 1251 1390 1281 ἐν
1409 1250 1500 1280 τέλει

510 1302 568 1332 καὶ
593 1295 779 1343 μηδέποτε.
808 1296 864 1328 Διὸ
887 1298 1031 1326 κινεῖται
1055 1295 1113 1326 καὶ
1133 1293 1249 1338 ἠρεμεῖ
1265 1305 1332 1331 πως
1357 1294 1378 1329 ἦ
1403 1295 1500 1336 σφαῖ-

513 1355 571 1388 ρα·
597 1342 657 1375 τόν
684 1342 789 1374 αὐτὸν
817 1340 881 1386 γάρ
914 1338 1056 1383 κατέχει
1087 1337 1204 1370 τόπον.
1243 1339 1357 1369 Αἴτιον
1388 1332 1415 1367 δ’
1447 1335 1499 1367 ὅτι

514 1387 632 1420 πάντα
656 1385 844 1430 συμβέβηκε
869 1384 987 1416 ταῦτα
1012 1383 1059 1422 τῷ
1084 1381 1220 1425 κέντρῳ·
1246 1383 1304 1412 καὶ
1325 1380 1388 1426 γάρ
1411 1380 1451 1424 ,ἀρ
1480 1379 1500 1416 ἣ

511 1433 570 1463 καὶ
595 1430 693 1475 μέσον
720 1431 781 1462 τοῦ
805 1426 963 1473 μεγέθους
994 1428 1052 1457 καὶ
1078 1425 1174 1462 τέλος
1199 1425 1303 1456 ἐστίν·
1328 1424 1415 1457 ὥστε
1466 1425 1502 1456 ιοί

514 1476 555 1508 τὸ
582 1474 642 1515 ἔξω
667 1471 750 1505 εἶναι
775 1473 881 1504 τοῦτο
907 1471 969 1507 τῆς
995 1471 1200 1513 περιφερείας
1224 1469 1282 1500 οὐκ
1300 1468 1390 1501 ἔστιν
1417 1467 1500 1502 ὅπου

513 1520 554 1551 τό
579 1517 754 1562 φερόμενον
780 1514 939 1558 ἦρεμῆσει
964 1514 1004 1551 ὥς
1028 1509 1234 1549 διεληλυθός·
1263 1513 1314 1545 ἀεὶ
1330 1512 1394 1558 γαρ
1411 1512 1501 1555 φέρε-

513 1574 571 1594 ται
597 1563 670 1605 περὶ
696 1561 736 1592 τὸ
761 1559 881 1605 μέσον,
909 1555 982 1590 ἀλλ’
1011 1559 1049 1589 οὐ
1075 1557 1155 1599 πρὸς
1180 1556 1221 1588 τό
1252 1556 1417 1600 ἔσχατον·
1443 1553 1503 1589 διὰ

512 1602 550 1638 δέ
574 1606 614 1637 τὸ
640 1605 744 1638 τοῦτο
770 1603 877 1648 μένει,
905 1603 956 1634 ἀεί
981 1614 1018 1633 τε
1044 1600 1159 1645 ἠρεμεῖ
1182 1612 1251 1637 πως
1275 1601 1317 1632 τό
1343 1600 1419 1632 ὅλον
1443 1602 1501 1632 καὶ

512 1653 655 1682 κινεῖται
679 1649 834 1693 συνεχῶς.

448 1695 625 1739 Συμβαίνει
649 1689 678 1724 δ’
701 1690 942 1743 ἀντιστρόφως·
967 1692 1024 1720 καὶ
1048 1688 1112 1742 γαρ
1139 1688 1192 1720 ὅτι
1217 1687 1338 1731 μέτρον
1364 1689 1429 1720 τῶν
1454 1700 1503 1719 κι-

513 1737 637 1774 νήσεων
663 1738 683 1773 ἡ
710 1747 870 1780 περιφορα
895 1734 987 1774 ἐστι,
1015 1743 1148 1777 πρωτην
1179 1732 1365 1778 ἀναγκαῖον
1392 1732 1501 1768 αὐτην

514 1779 598 1813 εἶναι
626 1780 786 1823 (ἅπαντα
810 1779 873 1825 γοὶρ
898 1781 1074 1821 μετρεῖται
1100 1777 1147 1818 τῷ
1165 1775 1318 1820 πρώτῳ),
1337 1777 1395 1807 καὶ
1412 1771 1502 1808 διότι

515 1826 644 1870 πρώτη,
671 1825 791 1869 μέτρον
817 1825 890 1855 ἐστὶ
915 1822 980 1853 τῶν
1007 1821 1128 1853 ἄλλων.

441 1875 518 1905 Ἔτι
542 1869 580 1902 δὲ
609 1870 666 1900 καὶ
692 1869 803 1912 ὁμαλῆ
830 1863 1006 1909 ἐνδέχεται
1037 1862 1121 1896 εἶναι
1150 1863 1212 1899 την
1244 1864 1352 1903 κύκλῳ
1385 1863 1500 1906 μόνην·

515 1915 562 1947 τοὶ
583 1912 647 1959 γοίρ
673 1911 722 1944 en*
752 1910 880 1948 εὐθείας
914 1910 1096 1953 ἀνωμαλῶς
1129 1906 1197 1940 ἀπὸ
1224 1907 1285 1944 τῆς
1318 1907 1422 1951 ἀρχῆς
1447 1907 1503 1950 φέ-

515 1969 611 2001 ρεται
641 1958 698 1988 καὶ
731 1956 810 1999 πρὸς
842 1954 882 1987 τό
912 1953 1022 1990 τέλος·
1057 1951 1175 1984 πάντα
1206 1951 1270 1996 γοὶρ
1304 1950 1429 1993 ὅσῳπερ
1463 1950 1502 1982 ἂν

517 2002 703 2044 ἀφίστηται
728 2001 840 2031 πλεῖον
867 2000 928 2030 τοῦ
953 1997 1170 2041 ἠρεμοῦντος,
1197 1994 1334 2039 φέρεται
1358 1993 1499 2026 θᾶττον·

517 2047 578 2083 τῆς
603 2040 640 2076 δὲ
663 2043 770 2084 κύκλῳ
795 2042 896 2086 μόνης
923 2039 993 2074 οὔτ’
1016 2040 1103 2084 ἀρχή
1129 2038 1209 2071 οὔτε
1234 2038 1330 2076 τέλος
1356 2039 1388 2070 ἐν
1411 2037 1502 2081 αὐτῇ

516 2089 678 2133 πέφυκεν,
706 2087 778 2120 ἀλλ’
807 2085 918 2123 ἐκτός.

443 2139 519 2171 Ὅτι
537 2130 564 2165 δ’
585 2134 606 2169 ἡ
630 2143 726 2164 κατα
741 2130 847 2163 τόπον
865 2130 950 2173 φοραὶ
966 2127 1081 2172 πρώτη
1101 2127 1166 2158 τῶν
1186 2125 1359 2166 κινήσεων,
1378 2137 1505 2170 μαρτυ-

517 2178 608 2220 ροῖσι
633 2175 759 2212 πάντες
784 2174 854 2206 ὅσοι
876 2176 947 2218 περὶ
971 2171 1129 2207 κινήσεως
1149 2172 1354 2206 πεποίηνται
1371 2171 1501 2212 μνείαν·

517 2221 579 2258 τοίς
603 2220 667 2266 γοὶρ
695 2219 798 2263 ἀρχοὶς
824 2218 933 2254 αὐτῆς
960 2211 1164 2249 ἀποδιδόασι
1190 2218 1260 2251 τοῖς
1283 2214 1410 2244 κινοῦσι
1435 2225 1504 2246 τοι-

518 2265 626 2301 αύτην
650 2266 788 2300 κίνησιν.
816 2261 980 2305 Διάκρισις
1003 2260 1067 2305 γάρ
1092 2259 1150 2290 καὶ
1171 2257 1336 2303 σύγκρισις
1361 2257 1503 2294 κινήσεις

515 2309 610 2341 κατοὶ
635 2307 740 2339 τόπον
765 2307 858 2338 εἰσίν·
885 2305 974 2337 οὕτω
998 2302 1036 2337 δὲ
1059 2302 1203 2334 κινοῦσιν
1227 2303 1247 2338 ἡ
1271 2303 1363 2345 φιλία
1387 2301 1505 2334 καὶτὸ

517 2357 638 2390 νεῖκος·
665 2351 705 2383 τὸ
731 2351 788 2394 μὲν
813 2349 877 2396 γάρ
909 2345 1089 2394 διακρίνει,
1117 2345 1157 2378 τό
1182 2341 1219 2376 δὲ
1250 2348 1414 2391 συγκρίνει
1445 2346 1503 2377 αὖ-

517 2398 595 2429 τῶν.
621 2397 686 2427 Καὶ
711 2394 770 2426 τόν
795 2395 870 2425 νοῦν
895 2389 931 2424 δέ
956 2403 1050 2436 φησιν
1069 2389 1303 2435 Ἀναξαγόρας
1327 2386 1503 2434 διακρίνειν

518 2441 576 2472 τόν
601 2439 792 2475 κινήσαντα
817 2438 961 2481 πρῶτον.
986 2437 1123 2480 Ὁμοίως
1149 2430 1186 2465 δέ
1209 2435 1267 2465 καὶ
1293 2433 1363 2466 ὅσοι
1388 2434 1506 2466 τοιαύ-

518 2496 578 2521 την
604 2484 662 2527 μὲν
689 2478 845 2526 οὐδεμίαν
873 2482 987 2512 αἰτίαν
1019 2479 1174 2525 λέγουσι,
1201 2473 1260 2510 δια
1282 2474 1319 2510 δὲ
1345 2478 1385 2510 τό
1409 2478 1503 2509 κενόν

516 2527 676 2559 κινεῖσθαί
701 2537 793 2571 φασι·
824 2527 881 2556 καὶ
906 2526 970 2571 γὰρ
997 2525 1090 2557 οὗτοι
1115 2522 1179 2558 τήν
1207 2522 1301 2554 κατα
1326 2522 1432 2554 τόπον
1457 2524 1504 2553 κί-

518 2583 608 2609 νησιν
640 2569 801 2601 κινεῖσθαι
826 2569 889 2605 την
921 2569 1014 2613 φύσιν
1042 2567 1209 2612 λέγουσιν·
1238 2567 1258 2602 η
1283 2566 1347 2612 γοὶρ
1379 2561 1438 2598 8ιοί
1462 2566 1502 2599 τὸ

517 2616 611 2647 κενὸν
635 2617 757 2652 κίνησις
782 2613 868 2658 φορά
892 2613 965 2645 ἐστι
988 2614 1046 2644 καὶ
1071 2613 1112 2648 ὠς
1135 2608 1166 2642 ἐν
1185 2609 1291 2650 τόπῳ·
1312 2611 1376 2642 τῶν
1395 2605 1424 2641 δ’
1448 2610 1505 2642 ἄλ-

516 2661 582 2691 λων
608 2655 765 2702 ούδεμίαν
793 2657 953 2702 ύποίρχειν
979 2661 1048 2694 τοῖς
1075 2654 1232 2698 πρώτοις,
1261 2654 1443 2696 ἀλλαγτοῖς
1470 2655 1505 2685 ἐκ

519 2703 650 2735 τούτων
677 2705 818 2734 οἴονται·
846 2700 1050 2742 αὐξάνεσθαι
1074 2699 1138 2746 γοὶρ
1162 2700 1220 2729 καὶ
1237 2697 1357 2742 φθίνειν
1374 2700 1431 2729 καὶ
1451 2699 1507 2730 ἀλ-

517 2747 688 2779 λοιοῦσθαι
708 2746 968 2792 συγκρινομένων
986 2747 1042 2776 καὶ
1060 2739 1139 2775 διακ
1162 2742 1318 2784 ινομένων
1340 2743 1406 2774 τῶν
1427 2742 1506 2775 ἀτό-

543 2803 586 2822 ων
612 2789 776 2834 σωμάτων
802 2792 893 2833 φασί.
921 2789 984 2820 Τὸν
1011 2787 1115 2820 αὐτόν
1141 2754 1178 2819 ge
1203 2785 1327 2830 τρόπον
1351 2788 1410 2818 καὶ
1436 2785 1506 2818 ὅσοι

518 2803 577 2869 §toi
601 2834 800 2871 πυκνότητα
822 2832 842 2870 ἦ
862 2832 1044 2877 μανότητα
1067 2830 1362 2873 κατασκευάζουσι
1378 2829 1505 2876 γένεσιν

520 2880 540 2917 ἦ
565 2878 699 2922 φθοράν·
728 2881 893 2923 συγκρίσει
923 2877 987 2923 γάρ
1017 2878 1075 2908 καὶ
1105 2870 1266 2916 διακρίσει
1292 2875 1410 2906 ταῦτα
1433 2869 1506 2906 δια-

518 2923 711 2967 κοσμοῦσιν.
733 2921 811 2953 Ἔτι
835 2917 872 2952 δὲ
897 2922 991 2964 παρα
1015 2920 1155 2958 τούτους
1181 2921 1210 2950 οἱ
1236 2918 1299 2955 την
1323 2918 1431 2963 ψυχήν
1457 2919 1506 2950 αὶ-

520 2971 597 3001 τίαν
622 2966 796 3002 ποιοῦντες
820 2965 991 3002 κινήσεως·
1018 2965 1059 2997 τό
1083 2965 1146 3008 γαρ
1166 2962 1253 2995 αὐτὸ
1271 2964 1375 2995 ἑαυτὸ
1397 2963 1507 2994 κινοῦν

523 3011 628 3057 ἀργήν
654 3007 738 3041 εἶναί
763 3020 843 3064 ῳασι
868 3010 932 3040 τῶν
956 3009 1165 3053 κινουμένων·
1192 3010 1275 3038 κινεῖ
1297 3002 1334 3038 δὲ
1359 3006 1400 3039 τό
1423 3007 1507 3049 ζῷον

519 3049 587 3088 καῖ
602 3054 668 3086 πᾶν
695 3053 735 3086 τό
762 3053 843 3096 εμψυ
872 3065 905 3084 ον
931 3053 993 3088 την
1025 3052 1120 3084 κατα
1143 3050 1249 3084 τόπον
1281 3051 1385 3083 ἑαυτὸ
1417 3053 1506 3087 κίνη-

519 3112 582 3131 σιν.
608 3099 672 3129 Καὶ
696 3099 810 3141 κυρίως
834 3094 870 3128 δε
895 3095 1055 3128 κινεῖσθαί
1081 3107 1186 3140 φαμεν
1239 3094 1311 3126 όνον
1333 3095 1374 3127 τό
1399 3094 1505 3126 κινού-

521 3155 616 3188 μενον
643 3142 704 3178 τήν
728 3140 822 3173 κατοὶ
846 3140 952 3173 τόπον
977 3142 1115 3177 κίνησιν·
1144 3138 1181 3171 ἂν
1207 3106 1234 3171 §3
1258 3138 1364 3192 ἠρεμῇ
1390 3138 1449 3181 μὲν
1475 3139 1507 3170 ἐν

522 3188 568 3228 τῷ
603 3186 716 3227 αὐτῷ,
749 3184 940 3225 αὐξάνηται
973 3179 1000 3214 δ’
1031 3183 1051 3220 ἦ
1085 3183 1180 3227 φθίνῃ
1215 3182 1235 3220 ἦ
1271 3182 1508 3226 αλλοιούμενον

522 3229 690 3276 τυγχάνῃ,
710 3230 758 3265 πῆ
775 3228 947 3269 κινεῖσθαι,
969 3228 1081 3265 οἱπλῶς
1098 3223 1135 3259 δὲ
1151 3226 1313 3259 κινεῖσθαι
1332 3225 1368 3258 οὐ
1386 3226 1505 3270 φαμέν.

451 3360 527 3392 ’Ὀτι
553 3360 610 3404 μὲν
636 3358 692 3391 οὖν
719 3359 769 3392 ἀεί
796 3371 832 3391 τε
856 3362 980 3396 κίνησις
1005 3356 1045 3395 ἦν
1077 3359 1134 3389 καὶ
1160 3357 1258 3390 ἔσται
1282 3356 1340 3389 τόν
1368 3356 1510 3389 ἅπαντα

523 3403 659 3448 χρόνον,
690 3405 746 3434 καὶ
773 3406 822 3440 τίς
849 3401 935 3447 ἀρχή
961 3404 1022 3440 τῆς
1055 3397 1163 3434 ἀϊδίου
1194 3398 1371 3441 κινήσεως,
1398 3400 1450 3432 ἔτι
1473 3395 1511 3432 δὲ

524 3449 575 3484 τίς
600 3446 714 3490 πρώτη
745 3449 887 3487 κίνησις,
912 3449 970 3477 καὶ
996 3449 1073 3479 τίνα
1097 3448 1222 3482 κίνησιν
1250 3439 1355 3476 ἀίδιον
1382 3438 1512 3489 ἐνδέχε-

526 3501 585 3522 ται
609 3489 710 3533 μόνην
735 3487 838 3530 εἶναι,
868 3492 924 3521 καὶ
951 3489 991 3521 τό
1015 3490 1124 3521 κινοῦν
1157 3489 1288 3533 πρῶτον
1315 3486 1367 3520 ὅτι
1399 3487 1512 3525 ἀκίνη-

527 3545 606 3573 τον,
632 3535 773 3577 εἴρηται.

1553 898 1568 916 *
1590 899 1828 932 Rationabiliter
1856 907 1963 931 autem
1994 900 2106 932 accidit
2140 899 2322 933 circularem
2353 910 2456 931 unum
2483 910 2550 932 esse
2583 906 2613 932 et

1620 944 1827 983 continuum,
1852 951 1883 975 et
1905 954 1971 975 non
1994 951 2124 976 rectum.
2148 944 2225 975 Eius
2251 944 2337 975 enim
2367 944 2423 985 qui
2446 944 2480 975 in
2502 950 2588 976 recto
2602 966 2612 983 ‚

1619 988 1862 1019 determinatum
1892 994 1938 1019 est
1969 988 2160 1029 principium
2188 995 2218 1019 et
2240 987 2311 1018 finis
2341 995 2371 1019 et
2393 989 2552 1026 medium,
2582 995 2613 1019 et

1619 1032 1735 1063 omnia·
1750 1033 1826 1063 haec
1857 1032 1950 1063 habet
1972 1032 2005 1062 in
2029 1031 2142 1072 seipso.
2168 1031 2274 1068 Quare
2299 1038 2345 1062 est
2376 1032 2460 1062 unde
2483 1031 2611 1072 incipiet

1619 1077 1707 1117 quod
1723 1083 1884 1114 movetur,
1906 1082 1937 1106 et
1950 1076 2004 1106 ubi
2019 1075 2122 1106 finiet:
2147 1076 2232 1116 apud
2255 1075 2406 1105 terminos
2423 1074 2508 1106 enim
2523 1075 2612 1116 quie-

1620 1119 1677 1151 scit
1700 1129 1811 1158 omne,
1835 1126 1889 1150 aut
1918 1119 2003 1149 unde
2031 1125 2085 1149 aut
2114 1119 2180 1150 ubi.
2206 1118 2374 1150 Circularis
2397 1125 2504 1150 autem
2525 1118 2612 1150 inde-

1619 1163 1774 1194 terminati
1797 1169 1880 1194 sunt.
1905 1162 1993 1200 Quid
2015 1162 2100 1192 enim
2122 1162 2222 1202 magis
2245 1162 2439 1203 quicumque
2461 1162 2613 1194 terminus

1620 1217 1732 1238 eorum
1750 1206 1805 1247 qui
1827 1213 1902 1237 sunt
1919 1206 1952 1236 in
1967 1203 2067 1236 linea?
2090 1205 2230 1237 similiter
2255 1205 2339 1236 enim
2359 1207 2614 1248 unumquodque

1620 1250 1812 1291 principium
1829 1257 1859 1280 et
1878 1250 2020 1280 medium
2037 1255 2083 1280 est
2107 1256 2136 1280 et
2158 1249 2239 1280 finis.
2257 1250 2362 1287 Quare
2381 1259 2504 1290 semper
2519 1259 2614 1291 quae-

1577 1294 1580 1297 ”
1617 1295 1690 1324 dam
1713 1300 1787 1324 sunt
1809 1293 1842 1323 in
1865 1293 2020 1333 principio
2041 1300 2075 1324 et
2097 1292 2170 1332 fine,
2185 1300 2215 1324 et
2238 1303 2412 1334 nunquam.
2437 1294 2528 1325 Unde
2544 1303 2614 1325 mo-

1620 1345 1710 1368 vetur
1732 1344 1763 1368 et
1778 1337 1911 1378 quiescit
1932 1337 2174 1378 quodammodo
2193 1337 2343 1378 sphaera:
2369 1337 2506 1368 eundem
2529 1337 2615 1368 enim

1622 1381 1741 1412 obtinet
1756 1382 1874 1412 locum.
1899 1381 2003 1412 Causa
2021 1387 2128 1412 autem
2149 1387 2205 1420 est,
2228 1381 2317 1422 quod
2339 1380 2447 1412 omnia
2469 1381 2546 1413 haec
2567 1391 2615 1413 ac—

1622 1425 1730 1456 cidunt
1753 1432 1874 1456 centro:
1897 1425 2088 1465 principium
2103 1424 2189 1455 enim
2209 1432 2240 1456 et
2261 1425 2404 1456 medium
2426 1425 2616 1466 magnitudi-

1621 1469 1669 1499 nis
1693 1475 1722 1499 et
1744 1468 1815 1499 finis
1839 1475 1894 1499 est.
1919 1469 2042 1507 Quare,
2065 1475 2194 1509 propter
2220 1469 2253 1500 id
2284 1469 2373 1510 quod
2402 1475 2486 1500 extra
2517 1469 2632 1500 circu-'

1621 1513 1772 1543 lationem
1800 1519 1865 1551 est,
1898 1523 1965 1543 non
1989 1519 2034 1543 est
2065 1512 2119 1543 ubi
2150 1513 2238 1553 quod
2271 1512 2368 1544 fertur
2398 1512 2555 1554 quiescat,
2579 1518 2615 1544 ut

1622 1557 1710 1598 quod
1733 1557 1892 1597 pervenit:
1917 1566 2041 1596 semper
2059 1556 2144 1587 enim
2167 1556 2263 1587 fertur
2286 1556 2364 1587 circa
2387 1556 2545 1596 medium,
2559 1556 2615 1587 sed

1623 1611 1689 1631 non
1711 1601 1751 1630 ad
1767 1601 1926 1632 ultimum.
1950 1601 2081 1641 Propter
2104 1600 2166 1631 hoc
2181 1607 2288 1631 autem
2312 1606 2418 1631 manet
2440 1607 2470 1631 et
2492 1609 2616 1641 semper

1623 1645 1755 1686 quiescit
1777 1645 2017 1685 quodammodo
2040 1650 2145 1675 totum
2158 1666 2167 1683 ,
2191 1651 2222 1675 et
2243 1651 2390 1675 movetur
2412 1644 2570 1675 continue.

1557 1688 1680 1720 Accidit
1711 1695 1816 1719 autem
1840 1688 2034 1720 conversim:
2065 1694 2095 1718 et
2117 1698 2273 1728 namque,
2292 1688 2446 1729 quoniam
2468 1697 2616 1719 mensura

1624 1739 1773 1763 motuum
1803 1732 1983 1770 circulatio,
2011 1731 2147 1772 primam
2182 1742 2308 1763 necesse
2336 1738 2382 1763 est
2417 1732 2520 1772 ipsam
2549 1741 2616 1763 esse

1624 1774 1745 1818 (omnia
1755 1776 1840 1806 enim
1854 1782 2075 1806 mensurantur
2089 1774 2224 1818 primo);
2243 1783 2273 1807 et
2283 1776 2358 1816 quia
2367 1776 2519 1816 primum,
2528 1785 2616 1807 men-

1625 1829 1696 1850 sura
1719 1820 1854 1851 aliorum
1873 1826 1928 1850 est.
2247 1848 2252 1854 ,

1557 1863 1705 1904 Amplius
1737 1870 1864 1902 autem,
1893 1870 1923 1894 et
1949 1863 2123 1903 regularem
2153 1863 2308 1902 contingit
2335 1863 2517 1894 circularem
2549 1871 2616 1893 esse

1624 1908 1740 1939 solum.
1770 1908 1860 1944 Quae
1889 1907 1974 1938 enim
1996 1907 2028 1936 in
2051 1913 2156 1945 recto,
2185 1917 2203 1937 a
2225 1906 2380 1947 principio
2408 1905 2636 1947 irregulariter·

1624 1951 1765 1982 feruntur
1784 1952 1823 1981 ad
1841 1951 1954 1982 finem:
1978 1950 2086 1981 omnia
2101 1950 2196 1989 enim,
2213 1957 2333 1991 quanto
2352 1950 2467 1981 distant
2485 1949 2618 1991 quidem

1623 1995 1695 2036 plus
1719 2005 1736 2025 a
1759 1995 1955 2036 quiescente,
1981 1994 2123 2024 feruntur
2144 1994 2294 2026 velocius.
2320 1993 2487 2033 Circularis
2506 1999 2613 2024 autem

1625 2039 1722 2070 solius
1742 2049 1843 2080 neque
1867 2038 2057 2079 principium
2080 2047 2183 2079 neque
2206 2037 2277 2068 finis
2303 2038 2336 2068 in
2351 2037 2422 2078 ipso
2436 2043 2548 2078 aptum
2565 2046 2618 2068 na-

1623 2089 1694 2114 tum
1709 2089 1755 2113 est
1773 2093 1850 2121 esse,
1865 2083 1919 2112 sed
1942 2088 2034 2112 extra.

1557 2127 1575 2147 *
1590 2127 1688 2165 Quod
1711 2134 1817 2158 autem
1840 2126 2015 2157 secundum
2031 2125 2138 2156 locum
2165 2125 2299 2156 mutatio
2314 2125 2436 2166 primus
2467 2130 2618 2156 motuum
2642 2132 2653 2142 ⁶

1624 2177 1681 2208 est,
1689 2177 1841 2201 testantur
1855 2180 1967 2200 omnes
1983 2170 2176 2211 quicumque
2191 2170 2230 2200 de
2239 2176 2330 2200 motu
2345 2169 2485 2200 fecerunt
2494 2172 2616 2200 memo-

1623 2215 1712 2246 riam.
1730 2214 1884 2254 Principia
1907 2214 1992 2244 enim
2011 2213 2136 2244 tradunt
2158 2213 2257 2254 ipsius
2279 2213 2480 2244 moventibus
2507 2222 2617 2244 secun—

1625 2259 1704 2290 dum
1726 2258 1910 2289 huiusmodi
1933 2264 2069 2288 motum.
2093 2257 2287 2297 Disgregatio
2311 2257 2396 2288 enim
2429 2263 2459 2287 et
2489 2265 2616 2298 congre-

1625 2303 1709 2343 gatio
1733 2309 1839 2333 motus
1863 2302 2039 2332 secundum
2061 2301 2170 2331 locum
2193 2308 2284 2332 sunt:
2313 2301 2358 2332 sic
2380 2300 2466 2331 enim
2487 2306 2618 2332 movent

1626 2346 1793 2378 concordia
1816 2352 1846 2376 et
1869 2345 2041 2383 discordia;
2069 2345 2145 2375 haec
2176 2345 2306 2386 quidem
2335 2344 2421 2376 enim
2444 2345 2617 2384 disgregat,

1625 2391 1678 2421 illa
1701 2397 1807 2421 autem
1825 2395 2001 2430 congregat.
2025 2389 2066 2419 Et
2085 2388 2191 2428 ipsum
2207 2396 2313 2419 autem
2334 2388 2530 2420 intellectum
2545 2397 2616 2419 mo—

1625 2441 1751 2465 ventem
1773 2433 1875 2474 prius,
1899 2433 1942 2464 ait
1963 2435 2162 2472 Anaxagoras
2185 2432 2369 2472 disgregare.
2393 2432 2542 2463 Similiter
2564 2441 2617 2462 au—

1626 2486 1690 2510 tem
1713 2485 1743 2509 et
1758 2478 1951 2518 quicumque
1966 2476 2148 2507 huiusmodi
2165 2476 2296 2517 quidem
2314 2485 2416 2517 neque
2432 2485 2530 2507 unam
2546 2485 2618 2517 cau·-

1626 2533 1694 2554 sam
1718 2522 1836 2560 dicunt,
1861 2527 1990 2562 propter
2011 2530 2149 2551 vacuum
2171 2527 2277 2551 autem
2299 2520 2419 2551 moveri
2442 2520 2560 2550 dicunt.
2576 2519 2618 2550 Et

1628 2575 1764 2607 namque
1795 2565 1828 2595 hi
1858 2565 2033 2596 secundum
2058 2564 2168 2595 locum
2198 2571 2324 2598 motum
2355 2570 2465 2594 natura
2496 2562 2617 2594 moveri

1628 2611 1749 2641 dicunt:
1765 2615 1872 2639 motus
1895 2609 1980 2639 enim
1995 2608 2050 2650 qui
2065 2615 2193 2649 propter
2210 2618 2348 2638 vacuum
2369 2607 2415 2646 fit,
2434 2607 2496 2638 loci
2514 2613 2617 2639 muta-

1627 2655 1672 2686 tio
1692 2661 1748 2692 est‚
1764 2659 1818 2683 aut
1846 2653 1926 2683 sicut
1954 2652 1986 2682 in
2013 2652 2097 2683 loco.
2110 2652 2257 2683 Aliorum
2273 2658 2379 2682 autem
2397 2661 2500 2692 neque
2515 2660 2618 2682 unum

1627 2700 1727 2730 inesse
1750 2697 1858 2737 primis
1875 2696 2070 2737 corporibuS,
2089 2696 2144 2727 sed
2162 2696 2210 2726 his
2226 2705 2307 2736 quae
2330 2701 2403 2726 sunt
2418 2704 2455 2725 ex
2473 2695 2532 2734 his,
2547 2694 2617 2735 opi-

1627 2749 1757 2774 nantur:
1781 2741 1975 2781 augmentari
1998 2740 2083 2770 enim
2106 2747 2137 2771 et
2159 2739 2319 2780 corrumpi
2342 2746 2372 2771 et
2394 2739 2526 2777 alterari,
2541 2748 2618 2770 con-

1627 2786 1759 2828 gregatis
1782 2791 1813 2815 et
1836 2784 2016 2825 disgregatis
2048 2783 2162 2815 atomis
2196 2783 2390 2824 corporibuS‚
2414 2782 2532 2814 dicunt.
2553 2782 2617 2814 Eo·

1621 2832 1702 2862 'dem
1725 2837 1831 2861 autem
1849 2829 1948 2859 modo
1965 2835 1996 2859 et
2009 2827 2202 2869 quicumque
2217 2834 2346 2868 propter
2363 2826 2548 2858 densitatem
2563 2833 2618 2858 aut

1627 2875 1783 2907 raritatem
1800 2873 1938 2904 efficiunt
1967 2871 2200 2912 generationem
2221 2878 2251 2902 et
2273 2870 2524 2911 corruptionem:
2542 2879 2616 2901 con·

1627 2918 1806 2961 gregatione
1830 2917 1915 2948 enim
1931 2922 1962 2947 et
1983 2914 2209 2955 disgregatione
2224 2915 2300 2945 haec
2315 2919 2523 2954 componunt.
2539 2915 2618 2944 Am—

1628 2963 1711 3004 plius
1736 2968 1842 2992 autem
1867 2967 1897 3006 ςῐ
1920 2966 2040 3000 praeter
2066 2959 2125 2989 hos
2155 2958 2293 2989 animam
2319 2967 2445 2989 causam
2471 2956 2618 2988 facientes

1628 3013 1745 3038 motus.
1770 3005 1879 3045 Ipsum
1902 3003 2042 3044 seipsum
2065 3002 2150 3033 enim
2171 3012 2314 3040 movens,
2337 3000 2528 3042 principium
2551 3010 2619 3032 esse

1625 3051 1733 3082 dicunt
1751 3059 1863 3080 eorum
1885 3057 1966 3088 quae
1999 3053 2183 3078 moventur:
2207 3045 2347 3076 movebit
2373 3052 2480 3076 autem
2502 3044 2620 3076 animal

1630 3102 1660 3126 et
1675 3103 1771 3125 omne
1787 3092 1972 3130 animatum,
1989 3090 2164 3122 secundum
2183 3099 2253 3121 eam
2275 3099 2357 3130 quae
2376 3096 2421 3120 est
2443 3088 2619 3119 secundum

1629 3139 1748 3177 locum,
1765 3135 1999 3168 auto-kinesim.
2016 3135 2056 3166 Et
2071 3134 2196 3174 proprie
2212 3139 2318 3164 autem
2338 3132 2459 3164 moveri
2483 3132 2617 3163 dicimus

1630 3182 1736 3214 solum
1749 3181 1838 3223 quod
1852 3185 1998 3210 movetur
2007 3177 2182 3210 secundum
2192 3177 2301 3208 locum
2317 3184 2457 3208 motum:
2474 3176 2500 3206 si
2512 3182 2618 3207 autem

1631 3226 1770 3268 quiescat
1801 3223 1929 3266 quidem
1957 3222 1990 3253 in
2022 3222 2145 3264 seipso,
2177 3227 2396 3262 augmentetur
2427 3226 2533 3251 autem
2564 3225 2619 3250 aut

1631 3270 1854 3302 detrimentum
1873 3267 2006 3308 patiatur
2028 3273 2082 3297 aut
2105 3265 2225 3296 alterari
2257 3264 2437 3305 contingat,
2463 3263 2619 3305 quodam-

1631 3314 1729 3345 modo
1753 3312 1884 3350 moveri,
1908 3310 2088 3351 simpliciter
2110 3316 2217 3340 autem
2239 3308 2359 3339 moveri
2382 3318 2448 3339 non
2472 3307 2616 3338 dicimus.

1565 3358 1663 3396 Quod
1685 3357 1815 3399 quidem
1833 3355 1926 3396 igitur
1948 3364 2071 3395 semper
2089 3359 2196 3384 motus
2219 3359 2283 3384 erat
2301 3359 2332 3383 et
2354 3351 2411 3383 erit
2433 3350 2522 3382 omni
2540 3357 2618 3381 tem·

1630 3411 1718 3442 pore,
1731 3407 1761 3432 et
1779 3399 1867 3442 quod
1887 3404 1932 3429 est
1945 3397 2137 3439 principium
2152 3396 2294 3438 perpetui
2310 3399 2428 3435 motus,'
2447 3394 2549 3425 adhuc
2565 3402 2619 3424 au-

1631 3452 1695 3476 tem
1718 3444 1789 3485 quis
1812 3450 1919 3474 motus
1943 3442 2083 3482 primus,
2107 3448 2136 3472 et
2159 3450 2256 3482 quem
2278 3446 2404 3471 motum
2427 3444 2616 3480 perpetuum

1630 3487 1782 3528 contingit
1805 3496 1870 3518 esse
1894 3485 2011 3524 solum,
2027 3492 2058 3516 et
2080 3485 2168 3526 quod
2187 3484 2327 3525 primum
2350 3492 2481 3514 movens
2502 3481 2619 3512 immo—

1629 3532 1691 3563 bile
1713 3531 1762 3569 sit,
1786 3530 1906 3562 dictum
1927 3535 1984 3560 est.

2638 905 2648 915 ·
2662 904 2716 933 Seq.
2731 899 2824 934 cipum
2844 891 2854 899 I

2637 930 2705 953 Text.
2719 930 2756 959 76.

2666 2130 2736 2154 Text.
2747 2136 2784 2160 77.
