2982 4022
8 1336 18 1390 εξ

0 1386 19 1450 ,g

6 1473 14 1518 ,f

1173 240 1283 276 CAP.
1313 241 1386 287 ΠΙ,4
1411 241 1560 278 LECT.
1590 242 1625 278 v

313 331 410 367 quae
440 320 577 356 cadunt
603 319 642 356 in
670 319 888 356 definitione
917 319 1046 356 totius:
1076 314 1136 356 hi'c
1164 326 1292 355 autem
1317 319 1369 355 lo-

313 372 437 420 quitur
468 372 515 408 de
546 372 714 420 partibus
747 372 946 418 materiae,
976 372 1014 408 in
1042 384 1203 420 quarum
1238 371 1371 407 defini-

312 425 415 460 tione
435 425 455 445 *
485 424 583 461 cadit
609 432 748 471 toturn,
779 425 872 461 sicut
901 425 1059 461 circulus
1088 423 1185 467 cadit
1213 423 1250 459 in
1277 423 1369 459 defi-

311 476 453 513 nitione
469 477 702 514 semicirculi.
725 477 802 514 Sed
821 477 955 513 melius
971 477 1175 514 dicendum
1193 476 1250 513 'est
1264 476 1368 523 quod

274 567 279 571 ,
310 529 395 566 licet
421 537 545 578 partes
565 530 702 578 speciei
730 541 826 578 quae
849 537 1042 577 ponuntur
1069 529 1107 565 in
1136 528 1367 574 definitione,

313 590 580 630 comparentur
607 583 656 620 ad
683 581 920 631 suppositum
945 587 1100 617 naturae
1119 593 1188 630 per
1206 581 1366 617 modum

313 647 447 671 causae
471 634 648 681 formalis,
677 642 806 670 tamen
833 633 882 670 ad
909 633 1030 681 ipsam
1058 641 1232 670 naturam
1263 632 1367 669 cuius

312 695 399 724 sunt
415 695 551 735 partes,
573 693 840 734 comparantur
858 693 899 722 ut
917 685 1103 722 materia:
1122 697 1211 722 nam
1233 697 1367 722 omnes

310 747 436 788 partes
465 746 732 787 comparantur
759 738 808 775 ad
835 745 956 775 totum
976 746 1018 774 ut
1036 738 1299 786 imperfectum
1319 739 1366 774 ad

310 792 530 841 perfectum,
551 803 648 838 quae
677 791 832 839 quidem
852 799 907 827 est
926 791 1158 839 comparatio
1188 790 1365 827 materiae

311 845 359 882 ad
382 844 561 880 formam.

74 431 85 443 ⁸⁸
99 430 255 458 definitionem
271 435 285 451 Ρ

74 464 97 484 ιη
113 457 174 479 idem
188 456 283 484 limseq.

363 897 456 933 Item
479 896 500 917 ’¹‘
524 902 649 944 potest
677 908 758 932 esse
788 896 947 934 dubium
976 895 1023 932 de
1048 896 1121 932 hoc
1142 895 1246 944 quod
1265 895 1363 942 dicit,

73 905 82 914 ·
95 903 181 925 Iter-nun
193 908 283 928 annixa

71 935 125 951 rvx.

71 1007 83 1019 ⁴
96 1007 197 1035 Num-³·
307 1000 399 1038 teria
419 999 519 1038 enim
537 1007 634 1038 inest
653 1000 685 1037 ei
706 1001 810 1038 cuius
831 1008 885 1038 est
904 1000 1073 1038 materia:
1094 1001 1196 1038 unde
1216 1013 1330 1049 supra
1346 1002 1364 1022 Ἐ

309 1053 506 1090 notificans
535 1065 688 1089 causam
718 1054 962 1100 materialem,
993 1053 1082 1090 dixit
1103 1054 1215 1101 'quod
1244 1062 1299 1091 est
1319 1066 1388 1102 ex*

307 1117 385 1154 quo
413 1106 457 1142 fit
484 1105 623 1154 aliquid
660 1116 745 1143 cum
782 1105 888 1151 insit;
920 1106 1198 1155 propositiones
1235 1114 1363 1143 autem

69 1170 80 1181 ·
94 1172 130 1191 esc
142 1169 194 1191 aaa.
209 1169 278 1191 codd.
308 1165 394 1195 sunt
407 1170 580 1196 seorsum
595 1170 618 1194 a
633 1159 884 1196 conclusione.
903 1159 979 1196 Sed
999 1159 1204 1196 dicendum
1221 1160 1240 1180 ’¹‘
1261 1160 1364 1208 quod

68 1202 118 1218 ω’
132 1202 168 1217 ‘⁰'
306 1212 353 1257 ex
372 1210 541 1248 terminis
559 1211 862 1260 propositionum
887 1211 1121 1249 constituitur
1149 1212 1362 1249 conclusio:

306 1263 408 1301 unde
435 1264 647 1301 secundum
680 1263 754 1300 hoc
781 1264 1058 1313 propositiones
1087 1264 1260 1302 dicuntur
1284 1277 1363 1301 ma-

306 1316 398 1353 teria
427 1317 690 1363 conclusionis,
719 1316 759 1354 in
787 1324 971 1366 quantum
999 1317 1158 1364 termini,
1188 1317 1252 1365 qui
1278 1326 1364 1354 sunt

307 1368 463 1405 materia
489 1369 806 1417 propositionum,
836 1377 922 1406 sunt
949 1370 1061 1406 etiam
1090 1370 1246 1407 materia
1275 1383 1363 1407 con-

307 1421 503 1467 clusionis,
542 1422 627 1458 licet
662 1434 740 1458 non
775 1422 985 1459 secundum
1023 1423 1126 1470 quod
1164 1431 1261 1459 stant
1292 1424 1362 1460 sub

9 1464 13 1472 ⁸
63 1479 277 1507 *etoinmmzab-
307 1474 439 1511 ordine
452 1474 772 1523 propositionum;
794 1475 888 1511 sicut
907 1476 976 1512 et*
995 1475 1113 1512 farina
1133 1474 1265 1512 dicitur
1283 1488 1363 1512 ma-

305 1525 397 1564 teria
423 1526 552 1575 panis,
581 1526 666 1565 licet
701 1539 780 1563 non
816 1527 1028 1564 secundum
1062 1528 1166 1575 quod
1194 1536 1264 1565 stat
1291 1530 1362 1565 sub
1384 1558 1386 1560 f

305 1579 429 1616 forma
455 1579 608 1615 farinae.
639 1579 729 1615 Ideo
757 1587 886 1616 tamen
917 1580 1042 1628 potius
1076 1580 1249 1617 dicuntur
1275 1594 1361 1629 pro-

303 1631 509 1680 positiones
537 1631 693 1668 materia
713 1632 964 1669 conclusionis
985 1644 1100 1680 quam
1121 1644 1141 1668 e
1162 1645 1360 1680 converso,

305 1683 393 1732 quia
411 1683 560 1721 termini
588 1684 650 1732 qui
681 1684 959 1732 coniunguntur
976 1684 1014 1721 in
1035 1685 1288 1732 conclusione,
1306 1699 1361 1722 se-

302 1736 463 1785 paratim
491 1744 684 1784 ponuntur
701 1736 741 1773 in
761 1737 990 1785 praemissis.
1022 1737 1084 1774 Sic
1110 1737 1220 1785 igitur
1246 1739 1362 1775 habe-

304 1801 391 1826 mus
419 1789 516 1827 duos
543 1790 681 1827 modos
710 1802 857 1827 causae.

361 1854 418 1878 10.
450 1842 653 1888 Quaedam
679 1854 773 1879 vero
810 1842 984 1880 dicuntur
1017 1854 1099 1880 esse
1134 1855 1269 1879 causae
1304 1856 1360 1879 se-

319 2005 322 2008 .
354 1988 379 2020 v)
392 1990 462 2013 sunt.
475 2001 496 2007 -
510 1989 545 2013 lta
559 1982 612 2018 'Pm-
630 1991 670 2013 est
683 1989 725 2013 ed.
737 1995 767 2018 a,
783 1992 821 2014 est
836 1996 871 2013 un
885 1989 916 2019 D,
928 1992 968 2014 est
987 1997 1068 2014 unum
1082 1989 1155 2022 EpG,
1167 1993 1207 2014 est
1221 1991 1290 2015 unde
1305 1991 1362 2021 sGI,

301 2025 341 2056 cst
359 2023 429 2049 unde
445 2023 525 2048 etiam
544 2024 640 2055 p1,7est
658 2031 738 2049 unum
757 2027 796 2051 est
815 2024 851 2055 K,
873 2025 942 2049 unde
961 2027 1001 2049 est
1019 2024 1051 2055 T,
1070 2028 1109 2049 est
1128 2025 1197 2058 unde
1217 2029 1257 2051 est
1274 2026 1361 2050 ABCF

300 2056 527 2089 MNOQRVXYZ,
545 2061 608 2085 sunt
626 2059 695 2085 unde
713 2062 752 2083 est
770 2059 824 2089 LS;
844 2059 907 2084 haec
925 2059 1014 2084 ultima
1033 2060 1108 2084 lectio
1121 2060 1265 2085 Aristotelis
1285 2062 1362 2085 textui

301 2091 330 2117 'ac
348 2093 500 2126 expositioni
514 2101 535 2118 s.
545 2085 663 2118 Thomae
681 2090 820 2125 respondet
835 2097 860 2118 et
878 2094 1004 2118 variantes
1019 2092 1094 2119 etiarn
1108 2095 1230 2120 lectiones
1244 2095 1361 2120 codicum

302 2126 417 2159 explieat.
430 2141 451 2147 ·—
463 2128 520 2152 Lin.
537 2135 594 2160 seq.
606 2135 696 2153 semen*
713 2136 766 2153 om.
778 2126 850 2153 FLS.
864 2128 900 2153 Er
913 2129 987 2153 hoc...
1003 2129 1102 2154 dicitur
1114 2136 1197 2154 causa
1210 2138 1263 2154 om.
1279 2131 1360 2155 AlKO

302 2162 405 2192 QTVX,
416 2170 463 2194 pro
477 2163 571 2195 quibus
582 2163 616 2187 C:
637 2166 666 2187 ut
683 2170 769 2188 semen
791 2163 889 2188 dicitur
907 2171 988 2188 causa
1006 2164 1121 2197 efficiens
1140 2165 1362 2198 ipsiusgenerati

301 2198 466 2228 ex-semine5
485 2198 562 2222 etiam
576 2198 623 2223 EG
641 2199 730 2231 legunt
748 2205 831 2228 musa
847 2199 970 2232 efficiens.
1342 2218 1345 2219 ν

309 947 412 998 quod
430 946 708 997 propositiones
723 956 809 985 sunt
823 948 979 985 materia
999 948 1260 985 conclusionis.
1283 949 1364 985 Ma·
1388 958 1390 961 ’

1409 1119 1554 1143 :causae
1573 1108 1770 1156 potissima
1789 1117 1844 1145 est
1863 1109 1959 1146 inter
1978 1111 2066 1147 alias
2081 1112 2101 1132 *²
2121 1123 2269 1148 causas:
2300 1120 2355 1149 est
2374 1113 2475 1149 enim
2503 1127 2514 1138 ⁴

2435 258 2479 294 71

1427 319 1595 356 cundum
1624 320 1735 358 aliam
1765 322 1962 370 rationem,
1983 323 2071 371 quia
2091 323 2227 360 scilicet
2246 330 2357 361 sunt*
2384 325 2485 373 prin·
2610 343 2623 358 ν

1427 371 1566 418 cipium
1604 381 1730 410 motus
1761 382 1796 410 et
1824 375 1968 423 quietis.
2000 377 2047 412 Et
2075 377 2149 412 hoc
2183 377 2300 413 modo
2330 390 2482 424 semen,

1425 424 1529 471 quod
1559 433 1613 461 est
1640 426 1806 463 activum
1835 428 1872 463 in
1901 428 2162 475 generatione,
2194 429 2327 466 dicitur
2353 442 2481 476 causa;

1425 482 1461 512 e‘t
1497 476 1664 515 similiter
1700 479 1870 516 medicus
1907 493 1976 528 per
2012 482 2113 517 hunc
2151 482 2311 518 modum
2351 482 2484 519 dieitur

1425 540 1537 564 causa
1566 530 1746 576 sanitatis;
1778 539 1813 568 et
1842 533 2041 569 consilians
2070 541 2125 570 est
2153 546 2266 570 causa
2292 547 2362 583 per
2381 536 2482 572 hunc

1423 581 1596 628 modum,
1618 590 1654 618 et
1682 596 1796 620 omne
1825 585 1975 621 faciens.
1996 606 2020 612 —
2042 586 2124 622 Alia
2152 587 2268 623 littera
2297 588 2421 634 habet,
2449 594 2485 624 et

1416 635 1705 681 propositiones:
1725 648 1814 672 nam
1830 638 2109 686 propositiones
2125 639 2279 687 quidem
2296 648 2480 688 quantum

1422 685 1470 722 ad
1490 687 1672 723 terminos
1700 696 1786 725 sunt
1810 690 1965 726 materia
1995 691 2256 738 conclusionis,
2277 701 2318 729 ut
2338 693 2479 729 dictum

1422 746 1477 774 est
1494 740 1529 783 *;
1559 748 1742 786 quantum
1762 750 1890 778 autern
1910 743 1958 779 ad
1977 741 1990 766 ξ
2008 743 2087 779 vim
2107 744 2286 781 illativam
2310 745 2479 793 ipsarum
2508 756 2601 777 ‘Num-
2618 763 2692 784 praec-

1421 791 1652 828 reducuntur
1684 793 1732 829 ad
1764 795 1838 830 hoc
1875 807 1993 842 genus
2027 808 2182 843 causae;
2222 809 2311 833 nam
2343 798 2478 846 princi-

1419 843 1527 891 pium
1547 845 1736 882 discursus
1756 847 1907 884 rationis
1932 848 1970 884 in
1992 849 2233 886 conclusione
2253 857 2309 886 est
2328 863 2373 886 ex
2392 863 2479 899 pro-

1419 896 1682 944 positionibus.

1479 961 1535 985 11.
1576 951 1618 986 In
1650 950 1728 987 aliis
1765 963 1857 987 vero
1897 953 2017 989 causis
2054 953 2242 990 invenitur
2276 954 2347 991 alia
2384 955 2477 992 ratio

1419 1013 1578 1049 causae,
1617 1003 1827 1040 secundum
1865 1005 2003 1042 scilicet
2043 1006 2149 1053 quod
2189 1007 2274 1043 finis
2310 1008 2372 1044 vel
2410 1009 2477 1044 bo-

1419 1053 1512 1090 num
1550 1055 1664 1091 habet
1701 1056 1885 1092 rationem
1925 1070 2071 1095 causae.
2116 1060 2164 1095 Et
2199 1060 2295 1096 haec
2332 1060 2476 1108 species

2529 1127 2592 1148 alias
2607 1134 2654 1149 om.
2666 1134 2715 1154 τηις

2503 1159 2588 1174 causas
2603 1160 2650 1175 om.
2669 1161 2714 1176 auu

1420 1171 1533 1196 causa
1560 1161 1682 1197 finalis
1711 1161 1869 1198 aliarum
1909 1174 2107 1200 causarum
2137 1170 2286 1201 causa⁰.
2318 1166 2475 1202 Manife-
2502 1186 2542 1200 MN.

1416 1220 1518 1264 stum
1539 1221 1595 1249 est
1614 1213 1715 1250 enirn
1735 1214 1839 1262 quod
1859 1226 1974 1262 agens
2003 1215 2076 1263 agit
2098 1225 2252 1265 propter
2272 1218 2411 1264 finem;
2441 1226 2477 1255 et

1416 1265 1585 1309 similiter
1600 1274 1795 1303 ostensum
1811 1275 1866 1304 est
1884 1280 1998 1316 supra
2009 1268 2028 1288 '¹‘
2044 1268 2083 1305 in
2097 1269 2360 1317 artificialibus,
2373 1271 2475 1319 quod
2505 1285 2714 1313 'Lect.praec.n.8.

1418 1318 1564 1354 formae
1593 1319 1814 1356 ordinantur
1846 1320 1895 1357 ad
1927 1333 2040 1357 usum
2070 1321 2164 1357 sicut
2191 1322 2238 1359 ad
2266 1323 2405 1370 finem,
2441 1331 2477 1360 et

1418 1371 1596 1408 materiae
1624 1372 1662 1408 in
1690 1373 1831 1409 formas
1861 1373 1955 1409 sicut
1982 1373 2019 1410 in
2047 1374 2184 1411 finem:
2215 1382 2251 1411 et
2273 1387 2343 1423 pro
2372 1383 2475 1412 tanto

2600 1216 2614 1232 0

1408 1423 1551 1460 dicitur
1586 1424 1672 1461 finis
1714 1437 1828 1462 causa
1870 1438 2080 1463 causarum.
2125 1428 2176 1463 Et
2211 1428 2298 1476 quia
2335 1428 2477 1465 dixerat

1414 1474 1521 1524 >quod
1539 1477 1634 1513 haec
1663 1477 1807 1525 species
1836 1491 1972 1516 causae
1996 1479 2145 1516 habet*
2166 1480 2351 1517 rationem
2372 1481 2475 1529 boni,
2501 1496 2512 1507 ι
2527 1495 2646 1517 habenta

1417 1536 1454 1565 et
1477 1530 1708 1577 quandoque
1735 1530 1773 1566 in
1801 1528 1858 1567 his
1878 1543 1976 1580 quae
1996 1535 2111 1579 agunt
2126 1534 2146 1554 ⁵*
2164 1542 2234 1581 per
2253 1533 2475 1571 electionem
2503 1548 2513 1558 ⁴
2529 1550 2630 1575 aguntur
2639 1554 2713 1569 anem

1417 1582 1595 1629 contingit
1622 1583 1740 1619 finem
1770 1596 1852 1620 esse
1881 1585 2048 1630 malum;
2077 1585 2164 1622 ideo
2200 1586 2248 1622 ad
2281 1587 2380 1623 hanc
2408 1587 2475 1623 du·
2504 1580 2597 1595 ‘'L''m'

1417 1633 1636 1670 bitationem
1653 1636 1869 1682 tollendam,
1883 1637 1970 1673 dicit
1985 1638 2089 1685 quod
2104 1638 2194 1674 nihil
2211 1638 2334 1675 differt
2347 1646 2475 1676 utrum

1418 1698 1531 1723 causa
1558 1687 1680 1724 finalis
1714 1688 1759 1724 sit
1785 1701 1876 1725 vere
1906 1690 2007 1726 bona
2040 1691 2102 1726 vel
2136 1702 2322 1739 apparens
2350 1692 2472 1739 bona,

1417 1738 1504 1786 quia
1533 1739 1636 1787 quod
1669 1748 1824 1788 apparet
1856 1742 2001 1778 bonum
2035 1755 2113 1779 non
2141 1751 2273 1780 movet
2306 1745 2376 1782 nisi
2404 1746 2473 1782 sub

1416 1791 1560 1828 ratione
1588 1792 1690 1830 boni.
1715 1814 1739 1820 -
1769 1794 1817 1830 Et
1843 1793 1897 1830 sic
1923 1794 2056 1831 ultimo
2096 1796 2283 1834 concludit
2311 1805 2366 1834 tot
2394 1807 2475 1835 esse

1415 1844 1560 1892 species
1589 1857 1789 1887 causarum
1818 1854 1910 1894 quot
1938 1847 2058 1884 dictae
2086 1856 2182 1886 sunt.
2228 1882 2229 1885 ,

1471 1990 1494 2024 ξ)
1510 1995 1637 2023 quantum
1651 1996 1740 2017 autem
1752 1993 1797 2017 ad.
1809 2007 1827 2012 -
1836 1997 1964 2025 quantum
1978 1994 2016 2018 ad
2029 1995 2193 2026 AIKTVXY,
2203 1995 2250 2020 sed
2263 1999 2389 2027 quantum
2404 1997 2440 2021 ad
2453 1997 2473 2021 C

1414 2030 1543 2059 quantum
1562 2034 1624 2052 vero
1638 2027 1675 2052 ad
1693 2029 1740 2052 LS.
1755 2042 1774 2046 -
1784 2029 1833 2053 Pro
1848 2029 1900 2053 vim
1914 2029 2051 2060 illativum,
2065 2031 2136 2062 quod
2149 2030 2243 2062 habent
2257 2031 2300 2061 Pb,
2315 2031 2473 2056 intellectum

1414 2062 1491 2094 EpG,
1508 2062 1559 2086 vim
1578 2065 1604 2087 et
1623 2063 1780 2088 intellectum
1799 2068 1846 2088 cet.
1866 2069 1891 2088 et
1909 2072 1934 2088 a.

1469 2098 1493 2129 o)
1505 2100 1544 2122 est
1556 2097 1624 2122 enim
1671 2105 1812 2123 causarum
1826 2106 1916 2124 causa.
1925 2113 1944 2118 -
1957 2099 2006 2124 Pro
2020 2103 2059 2124 est
2073 2101 2151 2131 enim,
2162 2104 2188 2126 et
2201 2101 2264 2126 haec
2276 2101 2308 2132 K,
2319 2104 2345 2126 et
2358 2105 2398 2126 est
2410 2102 2474 2126 ed.a

1414 2137 1440 2156 et
1452 2137 1499 2156 cet.
1515 2132 1588 2156 codd.
1603 2140 1655 2157 exc.
1666 2133 1812 2163 BLMSYZ;
1833 2135 1941 2158 alterurn
1960 2142 2041 2159 causa
2055 2134 2108 2161 ofn.
2123 2143 2140 2160 α
2154 2141 2179 2161 et
2193 2137 2266 2160 codd.
2281 2144 2333 2161 exc.
2348 2137 2475 2161 BMYZ.-

1414 2166 1482 2190 Infra
1496 2175 1543 2199 pro
1549 2169 1660 2200 formae
1674 2168 1842 2198 ordinantur,
1851 2170 1946 2201 forma
1960 2170 2103 2195 ordinatur·
2116 2171 2239 2196 FHNRZ.
2251 2185 2270 2190 -
2279 2172 2330 2196 Pro
2345 2173 2473 2197 materiae

1414 2201 1440 2226 in
1455 2202 1578 2234 formas,
1597 2203 1710 2228 materia
1729 2204 1755 2228 in
1768 2204 1868 2237 formis
1888 2205 1928 2230 ed.
1943 2213 1974 2234 a,
1994 2206 2107 2237 materia
2126 2207 2152 2231 in
2165 2207 2285 2240 formam
2304 2206 2349 2232 Pb.
