2898 3996
217 636 225 643 ·
246 634 305 654 enim
322 638 426 654 BDEFGHN

215 666 254 681 on.

213 1414 222 1422 '
233 1413 366 1440 propinqua
381 1418 422 1433 rur

212 1438 276 1459 ικτὸ.

212 1681 220 1689 ’
236 1678 375 1700 scholarium
386 1685 406 1699 ι’.

213 1838 221 1845 ·
230 1842 275 1857 non
283 1840 420 1861 Axnwpmx,

211 1868 258 1883 om.
265 1865 308 1882 cet.
315 1867 420 1882 excmscr.

213 2469 221 2475 ·
237 2467 307 2488 Num.
325 2472 398 2494 praec.

458 288 533 333 354

1070 283 1413 321 PHYSICORUM
1439 281 1787 319 ARISTOTELIS
1817 266 1910 318 LIB.
1939 282 2008 319 VII

455 364 600 412 generis
627 362 945 412 praedicationem
984 360 1200 409 suscipiunt.
1231 361 1280 397 Et
1311 360 1364 396 sic
1392 372 1511 407 genus
1564 370 1641 394 uno
1671 358 1809 395 scilicet
1827 358 1945 396 modo
1965 366 2007 395 ut
2025 359 2153 396 album
2174 359 2318 396 dicatur
2335 361 2434 398 aliud
2463 373 2486 398 a
2509 362 2620 410 dulci,

456 423 511 452 est
537 428 657 452 unum
684 415 822 462 logice,
852 415 919 450 sed
947 426 1026 451 non
1053 412 1219 461 physice.

1564 410 1652 458 quia
1666 410 1706 446 inv
1718 410 1805 446 albo
1825 410 2014 448 invenitur
2033 411 2104 447 alia
2118 419 2252 448 natura
2269 413 2436 450 subiecta
2451 426 2567 463 quam
2581 415 2621 452 in

510 468 609 514 Quia
642 480 730 514 ergo
767 479 885 514 genus
918 465 1193 514 quodammodo
1229 471 1284 501 est
1310 476 1444 510 unum,
1475 471 1510 500 et
1564 462 1679 508 dulci;
1704 462 1777 499 alio
1797 463 1928 510 modo,
1949 463 2038 512 quia
2065 460 2144 500 non
2163 464 2286 500 solum
2315 466 2527 504 seeundum
2554 479 2620 505 na-

455 532 532 556 non
560 519 790 568 simpliciter,
819 519 924 554 iuxta
950 529 1093 567 genera
1113 517 1224 553 latent
1242 516 1375 553 multa:
1401 516 1507 562 idest,

453 584 521 621 per
540 571 819 608 similitudinem
849 578 885 606 et
910 569 1229 618 propinquitatem
1251 569 1298 605 ad
1325 568 1506 605 unitatem

454 624 610 671 generis,
622 625 827 660 multorum
847 621 1109 670 aequivocatio
1124 622 1221 657 latet.
1240 622 1335 658 Sunt
1349 629 1476 658 autem
1490 621 1509 642 '¹‘

454 677 642 724 quaedam
670 674 1027 723 aequivocationum
1057 675 1218 710 multum
1247 674 1439 719 distantes,
1469 673 1508 709 in

454 728 590 776 quibus
628 729 707 764 sola
745 726 996 763 communitas
1038 726 1239 762 nominum
1282 725 1506 771 attenditur;

453 781 546 816 sicut
565 780 595 816 si
615 779 715 816 canis
745 779 887 816 dicatur
915 779 1072 814 caeleste
1102 778 1216 824 sidus,
1238 785 1275 814 et
1297 778 1436 814 animal
1456 779 1507 814 la-

452 832 591 869 trabile.
614 832 812 878 Quaedam
827 843 919 868 vero
939 837 1025 867 sunt
1043 843 1140 877 quae
1155 830 1295 866 habent
1313 831 1507 878 quandam
1561 845 1565 848 ·

452 884 749 929 similitudinem;
778 884 871 920 sicut
894 883 924 919 si
949 883 1023 919 hoc
1050 894 1192 919 nomen
1219 883 1331 918 homo
1364 882 1508 919 dicatur

452 937 499 973 de
527 949 619 982 vero
647 935 801 972 homine
831 943 866 972 et
889 936 935 971 de
962 935 1118 971 homine
1145 935 1259 982 picto,
1283 934 1506 982 inquantum

452 989 564 1025 habet
584 988 863 1025 similitudinem
883 987 1076 1035 quandam
1091 987 1172 1024 veri
1191 987 1367 1024 hominis.
1381 987 1507 1033 Quae-

453 1041 539 1077 dam
557 1053 648 1077 vero
669 1040 998 1088 aequivocationes
1018 1047 1104 1076 sunt
1122 1039 1332 1087 proximae:
1343 1047 1407 1076 aut
1419 1052 1507 1088 pro-

449 1100 532 1141 pter
551 1092 852 1129 convenientiam
880 1092 918 1128 in
943 1104 1080 1139 genere
1109 1091 1225 1138 (sicut
1247 1092 1277 1128 si
1297 1104 1434 1140 corpus
1454 1092 1507 1130 di-

451 1153 555 1181 catur
570 1145 615 1181 de
632 1157 790 1193 corpore
810 1145 958 1181 caelesti
974 1152 1010 1181 et
1025 1144 1071 1180 de
1088 1156 1247 1193 corpore
1264 1145 1504 1193 corruptibili,

451 1197 658 1244 aequivoce
687 1197 839 1243 dicitur,
860 1197 1076 1233 naturaliter
1094 1197 1304 1246 loquendo,
1334 1197 1423 1246 quia
1442 1210 1505 1234 eo-

450 1262 534 1286 rum
563 1262 639 1286 non
669 1257 724 1285 est
751 1249 908 1286 materia
926 1261 1012 1286 una.
1042 1249 1285 1286 Conveniunt
1312 1257 1440 1286 tamen
1467 1249 1506 1286 in

450 1314 584 1349 genere
604 1302 743 1349 logico:
770 1309 805 1338 et
822 1309 975 1350 propter
993 1302 1091 1338 hanc
1112 1302 1257 1349 generis
1278 1302 1505 1339 convenien-

449 1354 539 1390 tiam
566 1354 741 1391 videntur
766 1354 922 1390 omnino
943 1367 1021 1391 non
1050 1354 1260 1403 aequivoca
1289 1357 1411 1400 esse):
1441 1362 1505 1391 aut

450 1406 561 1442 etiam
587 1414 672 1443 sunt
694 1407 931 1455 propinquae
950 1408 970 1427 ’Ψ-
989 1407 1200 1443 secundum
1220 1406 1385 1454 aliquam
1405 1407 1506 1444 simi-

449 1459 664 1505 litudinem3
703 1459 796 1495 sicut
823 1459 880 1496 ille
909 1459 972 1508 qui
1001 1460 1112 1496 docet
1142 1459 1180 1495 in
1209 1459 1345 1496 scholis
1373 1459 1506 1497 dicitur

449 1511 635 1559 magister,
654 1519 689 1548 et
708 1511 873 1548 similiter
892 1512 950 1548 ille
971 1512 1034 1560 qui
1052 1519 1202 1559 praeest
1222 1511 1353 1549 domui
1374 1512 1506 1549 dicitur

450 1563 625 1611 magister
652 1564 800 1611 domus,
826 1564 1047 1612 aequivoce,
1073 1571 1109 1600 et
1135 1571 1263 1601 tamen
1290 1564 1507 1614 propinqua

449 1616 761 1663 aequivocatione
803 1624 957 1665 propter
997 1616 1304 1662 similitudinem;
1347 1625 1506 1666 uterque

449 1669 551 1705 enim
567 1677 622 1705 est
636 1676 769 1716 rector,
789 1669 850 1705 hic
869 1670 1023 1717 quidem
1044 1670 1259 1706 scholarum
1281 1671 1311 1716 ¹⁸,
1333 1670 1392 1706 ille
1411 1682 1504 1707 vero

449 1721 596 1758 domus.
627 1721 736 1758 Unde
773 1730 928 1770 propter
954 1723 1053 1758 hanc
1088 1722 1411 1770 propinquitatem
1444 1723 1506 1759 vel

449 1774 594 1821 generis
613 1774 674 1810 vel
695 1774 955 1821 similitudinis,
978 1787 1055 1810 non
1078 1774 1254 1811 videntur
1279 1787 1359 1811 esse
1379 1775 1506 1822 aequi-

448 1827 680 1872 vocationes,
704 1839 790 1862 cum
820 1834 947 1863 tamen
963 1827 982 1846 ²³⁴
999 1827 1080 1863 sint.

502 1891 536 1926 9.
558 1878 706 1915 Deinde
727 1891 815 1915 cum
836 1879 939 1916 dicit:
974 1879 1131 1920 Quando
1152 1879 1267 1928 igitur
1285 1879 1403 1915 altera
1424 1886 1505 1925 etc„

449 1932 536 1979 quia
565 1931 707 1968 dixerat
727 1933 745 1952 ²³²
766 1932 869 1979 quod
898 1931 1218 1969 considerandum
1248 1939 1303 1968 est
1330 1943 1427 1979 quae
1462 1931 1508 1967 sit

448 1984 658 2020 differentia
677 1991 813 2030 motus,
838 1992 965 2021 utrum
985 1984 1122 2021 scilicet
1145 1991 1271 2020 motus
1295 1984 1469 2021 differant
1487 1984 1507 2004 ³¹³

450 2036 590 2084 specie,
628 2036 689 2072 hic
716 2036 866 2084 inquirit
893 2037 1091 2085 quomodo
1125 2036 1333 2073 differentia
1369 2036 1507 2084 speciei

450 2089 567 2137 accipi
594 2088 728 2137 possit,
758 2096 835 2125 tam
864 2089 902 2124 in
930 2089 1096 2126 motibus
1125 2101 1240 2137 quam
1268 2088 1305 2125 in
1336 2089 1426 2125 aliis.
1458 2090 1506 2125 Et

449 2141 540 2189 quia
568 2141 768 2177 essentiam
789 2141 926 2189 speciei
946 2141 1130 2189 significat
1159 2141 1340 2187 definitio,
1361 2141 1507 2188 quaerit

451 2195 543 2230 duas
572 2194 830 2242 quaestiones:
859 2206 975 2230 unam
1006 2195 1052 2231 de
1081 2194 1225 2242 specie,
1254 2201 1290 2229 et
1317 2193 1428 2229 aliam
1458 2194 1505 2230 de

451 2245 679 2283 definitione.
702 2245 858 2292 Quaerit
877 2258 965 2293 ergo
985 2247 1109 2294 primo
1131 2247 1177 2283 de
1197 2245 1333 2293 specie,
1351 2247 1503 2294 quando

450 2299 494 2335 sit
521 2298 719 2335 iudicanda
756 2299 870 2334 altera
899 2299 1062 2347 species:
1093 2307 1218 2335 utrum
1249 2310 1293 2334 ex
1319 2299 1394 2334 hoc
1422 2299 1503 2335 solo

449 2351 554 2399 quod
582 2353 715 2388 eadem
752 2358 883 2387 natura
920 2351 965 2387 sit
992 2351 1030 2387 in
1058 2351 1130 2387 alio
1161 2359 1196 2387 et
1224 2350 1296 2387 alio
1326 2351 1504 2399 suscepti-

450 2404 524 2450 bili,
546 2403 639 2440 sicut
659 2403 838 2440 Platonici
858 2409 1077 2451 posue'runt.
1104 2404 1181 2440 Sed
1199 2404 1274 2440 hoc
1293 2404 1504 2441 secundum

449 2456 655 2505 praemissa
683 2469 760 2493 non
787 2463 911 2504 potest
939 2469 1019 2492 esse
1047 2469 1193 2493 verum.
1224 2455 1377 2492 Dictum
1407 2464 1461 2493 est
1485 2459 1503 2475 ἢ

450 2509 551 2545 enim
580 2508 683 2556 quod
712 2521 829 2556 genus
866 2521 942 2544 non
972 2516 1027 2545 est
1054 2508 1271 2557 simpliciter
1298 2521 1438 2545 unum:
1470 2516 1505 2545 et

449 2561 534 2598 ideo
568 2561 777 2598 differentia
809 2561 947 2609 speciei
983 2573 1061 2598 non
1098 2561 1299 2598 attenditur
1325 2573 1394 2609 per
1430 2562 1505 2598 hoc

450 2614 554 2662 quod
583 2613 719 2662 aliquid
739 2614 841 2650 idem
869 2614 915 2650 sit
942 2613 979 2650 in
1008 2614 1080 2650 alio
1107 2622 1141 2651 et
1169 2614 1254 2660 ali0,
1275 2613 1345 2650 nisi
1371 2626 1503 2651 secun—

450 2667 541 2703 dum
562 2666 774 2703 Platonicos
794 2664 817 2713 ὅ,
839 2666 902 2714 qui
929 2675 1140 2714 posuerunt
1167 2678 1284 2714 genus
1314 2679 1395 2702 esse
1416 2667 1503 2703 sirn-

449 2719 592 2767 pliciter
610 2731 740 2755 unum.
762 2720 810 2755 Et
827 2726 983 2767 propter
1009 2720 1094 2766 hoc,
1115 2719 1222 2768 quasi
1241 2719 1503 2766 quaestionem

450 2772 611 2817 solvens,
637 2771 841 2818 subiungit:
870 2778 937 2808 aut
959 2772 994 2807 si
1018 2772 1123 2808 aliud
1139 2772 1176 2808 in
1205 2771 1298 2815 alio;
1325 2771 1431 2820 quasi
1452 2772 1504 2808 di-

451 2832 524 2860 cat:
555 2836 632 2860 non
659 2831 813 2872 propter
838 2824 912 2860 hoc
949 2831 1002 2860 est
1035 2824 1106 2860 alia
1138 2824 1300 2872 species,
1334 2824 1421 2872 quia
1450 2833 1505 2861 est

451 2876 551 2913 idem
571 2876 608 2913 in
628 2876 717 2918 alio;
748 2877 813 2913 sed
833 2877 922 2924 quia
952 2883 1006 2912 est
1033 2877 1103 2913 alia
1132 2884 1263 2913 natura
1290 2877 1328 2912 in
1349 2877 1422 2913 alio
1443 2890 1503 2914 su-

451 2928 643 2976 sceptibili.

505 2981 719 3017 Secundam
749 2981 1006 3029 quaestionem
1035 2989 1167 3018 movet
1191 2982 1237 3018 de
1266 2981 1503 3018 definitione:

453 3040 488 3068 et
517 3040 570 3068 est
597 3033 765 3080 quaestio
794 3034 883 3081 quid
907 3034 954 3069 sit
979 3035 1177 3079 terminus,
1207 3034 1316 3080 idest,
1338 3046 1436 3082 quae
1461 3034 1506 3070 sit

454 3085 621 3121 definitio
650 3086 841 3122 declarans
865 3086 1041 3134 speciem.
1065 3087 1113 3123 Et
1131 3086 1219 3135 quia
1239 3099 1283 3123 ea
1302 3099 1400 3135 quae
1420 3095 1506 3123 sunt

453 3137 553 3174 idem
574 3137 803 3183 definitione,
820 3146 906 3174 sunt
924 3138 1027 3175 idem
1047 3139 1273 3187 simpliciter,
1290 3138 1378 3175 ideo
1399 3139 1504 3187 quasi

453 3190 603 3226 solvens
632 3190 831 3237 subiungit,
861 3191 963 3238 quod
984 3190 1073 3227 illud
1093 3199 1148 3227 est
1165 3191 1318 3240 propria
1339 3191 1505 3228 definitio

454 3242 516 3286 rei,
537 3254 612 3289 quo
632 3255 836 3290 possumus
857 3243 1067 3279 discernere
1086 3251 1212 3280 utrum
1236 3243 1281 3280 sit
1300 3243 1401 3280 idem
1418 3250 1428 3264 ¹
1444 3252 1507 3281 aut

455 3294 573 3341 aliud,
602 3303 693 3342 puta
720 3295 847 3331 album
875 3297 937 3332 vel
966 3295 1085 3332 dulce.
1112 3297 1160 3332 Et
1186 3295 1260 3332 hoc
1289 3296 1391 3344 quod
1421 3296 1506 3333 dico

455 3346 566 3391 aliud,
586 3354 709 3394 potest
737 3347 886 3384 duobus
914 3348 1039 3384 modis
1068 3347 1197 3396 accipi,
1219 3347 1314 3384 sicut
1333 3356 1368 3384 et
1386 3348 1505 3396 prius:

1562 521 1686 551 turam
1715 515 1923 553 subiectam
1944 515 2131 564 differunt,
2151 516 2219 553 sed
2247 517 2405 554 omnino
2433 530 2512 556 non
2535 528 2622 557 sunt

1561 566 1676 604 idem.
1708 567 1817 613 Quae
1846 568 2000 616 quidem
2038 568 2115 605 duo
2147 575 2233 605 sunt
2270 569 2405 607 eadem
2443 583 2529 608 cum
2562 572 2621 611 his

1562 631 1661 667 quae
1689 631 1803 667 supra
1830 620 1975 668 posuit:
2002 620 2037 657 si
2062 621 2159 657 idem
2187 621 2224 657 in
2253 621 2340 667 alio,
2369 628 2437 659 aut
2459 623 2494 660 si
2517 623 2623 662 aliud

1562 671 1599 707 in
1627 671 1714 708 alio.
1744 672 1988 710 Manifestum
2026 680 2082 709 est
2115 673 2218 709 enim
2251 674 2357 722 quod
2393 675 2529 712 eadem
2567 683 2622 714 est

1561 722 1654 760 ratio
1683 723 1881 763 identitatis
1910 733 1946 762 et
1973 725 2214 772 diversitatis,
2241 732 2278 762 et
2304 725 2343 763 in
2370 727 2495 775 specie
2519 735 2556 765 et
2581 728 2621 766 in

1561 775 1790 821 definitione.

1621 840 1677 864 10.
1698 829 1847 866 Deinde
1868 841 1955 866 cum
1971 829 2075 866 dicit:
2090 831 2150 866 De
2163 829 2383 867 alteratione
2396 837 2520 869 autem
2536 839 2619 879 etc„

1561 879 1635 927 agit
1663 881 1710 916 de
1739 882 2020 930 comparatione
2048 882 2323 919 alterationum.
2345 883 2394 920 Et
2422 884 2520 921 circa
2545 885 2621 923 hoc

1561 932 1638 969 duo
1667 932 1770 970 facit:
1798 933 1923 982 primo
1952 934 2117 972 ostendit
2140 934 2245 983 quod
2271 947 2350 972 una
2372 936 2540 974 alteratio
2565 945 2621 975 est

1561 997 1681 1034 aeque
1718 986 1830 1022 velox
1868 986 1988 1033 alteri;
2018 988 2186 1024 secundo
2220 986 2372 1036 inquirit
2407 990 2619 1028 secundum

1561 1037 1651 1086 quid
1677 1038 1883 1086 aequalitas
1910 1039 2116 1076 velocitatis
2144 1040 2356 1076 attendatur
2378 1040 2416 1077 in
2435 1042 2619 1079 alteratio-

1560 1102 1620 1136 ne,
1641 1090 1709 1127 ibi:
1739 1091 1814 1128 Sed
1829 1091 1920 1139 quid
1935 1092 2133 1128 alteratum
2153 1098 2207 1128 est
2219 1091 2239 1112 ²⁸¹
2255 1099 2324 1129 etc.
2353 1093 2511 1139 Quaerit
2529 1106 2619 1143 ergo

1558 1142 1684 1190 primo
1715 1143 1761 1180 de
1790 1144 2020 1190 alteratione,
2046 1144 2245 1192 quomodo
2274 1144 2321 1181 sit
2346 1157 2424 1182 una
2451 1147 2619 1184 alteratio

1560 1195 1766 1242 aequaliter
1792 1196 1905 1232 velox
1933 1196 2035 1232 alteri
2064 1195 2282 1233 alterationi.
2312 1197 2361 1234 Et
2386 1198 2493 1246 quod
2520 1199 2619 1237 duae

1560 1247 1798 1284 alterationes
1812 1247 1885 1284 sint
1899 1260 2019 1297 aeque
2029 1249 2193 1295 veloces,
2208 1249 2355 1297 probat.
2368 1249 2501 1288 Sanari
2516 1250 2619 1290 enim

1561 1306 1615 1335 est
1642 1300 1806 1336 alterari:
1838 1301 2018 1348 contingit
2053 1308 2181 1338 autem
2208 1313 2329 1338 unum
2367 1301 2439 1339 cito
2473 1304 2618 1355 sanari,

1560 1359 1596 1388 et
1610 1351 1726 1388 aliurn
1743 1353 1763 1373 ²¹⁸
1777 1353 1898 1399 tarde;
1919 1360 1954 1390 et
1969 1353 2149 1402 contingit
2166 1354 2280 1391 etiam
2300 1354 2489 1402 quosdam
2508 1356 2619 1395 simul

1560 1404 1700 1441 sanari:
1731 1417 1820 1452 ergo
1839 1417 1916 1442 una
1936 1405 2102 1442 alteratio
2132 1413 2187 1443 est
2214 1418 2336 1455 aeque
2355 1407 2468 1444 velox
2495 1409 2618 1456 alteri;

1558 1456 1648 1493 illud
1677 1457 1779 1494 enim
1808 1457 1941 1495 dicitur
1968 1469 2089 1507 aeque
2116 1459 2297 1496 velociter
2323 1460 2487 1508 moveri,
2513 1462 2620 1510 quod

1560 1509 1598 1546 in
1626 1509 1772 1558 aequali
1800 1517 1972 1559 tempore
2000 1518 2188 1548 movetur.

1619 1575 1631 1599 1
1645 1574 1675 1599 1.
1701 1562 1849 1600 Deinde
1869 1575 1957 1599 curn
1977 1563 2088 1600 dicit:
2118 1564 2192 1600 Sed
2210 1565 2301 1612 quid
2316 1563 2514 1602 alteratum
2534 1572 2617 1615 etc„

1561 1615 1649 1663 quia
1672 1615 1710 1652 in
1730 1623 1838 1652 motu
1866 1615 1986 1662 locali,
2007 1616 2056 1653 ad
2073 1616 2148 1653 hoc
2175 1617 2282 1664 quod
2305 1615 2350 1653 sit
2369 1617 2535 1665 aequalis
2552 1630 2618 1656 ve·

1560 1667 1702 1715 locitas,
1723 1667 1922 1716 requiritur
1943 1680 2023 1705 non
2042 1669 2166 1705 solum
2194 1669 2400 1717 aequalitas
2423 1670 2617 1719 temporis,

1560 1720 1628 1757 sed
1656 1720 1770 1757 etiam
1798 1720 2004 1768 aequalitas
2031 1721 2298 1768 magnitudinis
2326 1734 2423 1770 quae
2449 1730 2617 1770 pertran-

1560 1772 1672 1818 situr;
1711 1773 1909 1821 supposito
1946 1773 2050 1820 quod
2082 1773 2120 1810 in
2157 1774 2374 1811 alteratione
2411 1775 2618 1823 aequalitas

1559 1824 1741 1873 temporis
1770 1825 1980 1873 requiratur
1997 1825 2045 1862 ad
2065 1827 2263 1874 aequalem
2283 1827 2540 1876 velocitatem,
2562 1827 2617 1869 in-

1561 1877 1671 1926 quirit
1706 1877 1798 1925 quid
1835 1877 1935 1915 aliud
1972 1878 2192 1926 requiratur.
2231 1880 2280 1915 Et
2311 1880 2387 1916 hoc
2420 1887 2477 1916 est
2511 1880 2618 1928 quod

1562 1929 1668 1966 dicit:
1696 1930 1762 1966 sed
1779 1930 1869 1978 quid
1885 1930 2082 1967 alteratum
2101 1930 2182 1967 est?
2199 1930 2305 1978 ideSt,
2327 1932 2417 1980 quid
2436 1940 2493 1969 est
2510 1930 2614 1981 illud,

1560 1983 1609 2019 ad
1628 1982 1733 2031 quod
1753 1994 1841 2019 cum
1868 1983 2082 2030 pervenerit
2109 1983 2278 2020 alteratio
2298 1983 2336 2021 in
2356 1985 2503 2032 aequali
2521 1993 2616 2023 tem-

1559 2047 1670 2083 pore,
1699 2035 1818 2083 possit
1846 2035 1918 2071 dici
1946 2047 2066 2084 aeque
2093 2035 2235 2072 velox?
2272 2037 2321 2073 Et
2347 2037 2440 2074 ratio
2470 2037 2616 2075 dubita-

1559 2087 1670 2124 tionis
1700 2095 1765 2134 est,
1797 2087 1886 2135 quia
1899 2088 1919 2108 *
1933 2087 1970 2124 in
1990 2087 2176 2136 qualitate,
2199 2089 2296 2125 circa
2315 2101 2432 2137 quam
2451 2097 2507 2126 est
2527 2091 2616 2128 alte·
2643 2097 2653 2106 ·

1560 2140 1670 2186 ratio,
1700 2152 1778 2176 non
1797 2139 1986 2176 invenitur
2005 2141 2183 2189 aequale:
2211 2149 2253 2178 ut
2270 2141 2462 2190 possimus
2490 2142 2617 2181 dicere

1559 2193 1663 2240 quod
1682 2192 1835 2240 quando
1863 2193 2038 2240 pervenit
2065 2193 2114 2229 ad
2141 2195 2340 2241 aequalem
2367 2191 2616 2242 quantitatem

1558 2245 1596 2281 in
1615 2245 1764 2293 aequali
1783 2252 1967 2292 ternpore,
1984 2245 2030 2282 sit
2047 2257 2168 2294 aeque
2187 2247 2300 2283 velox
2318 2247 2503 2294 alteratio;
2523 2247 2617 2286 sicut

1559 2297 1752 2334 dicebatur
1779 2297 1818 2333 in
1846 2305 1954 2334 motu
1981 2298 2100 2345 locali,
2131 2305 2167 2335 et
2183 2299 2308 2336 etiam
2327 2299 2400 2336 dici
2425 2307 2551 2348 potest
2577 2300 2617 2339 in

1558 2357 1761 2398 augmento
1783 2357 1819 2386 et
1838 2350 2098 2388 diminutione.
2129 2351 2207 2388 Sed
2234 2351 2330 2388 sicut
2353 2352 2391 2389 in
2410 2353 2616 2400 quantitate

1557 2402 1747 2439 invenitur
1765 2402 1982 2451 aequalitas,
2011 2403 2062 2440 ita
2081 2411 2118 2440 et
2133 2405 2152 2424 ’ἓ
2168 2404 2206 2440 in
2228 2404 2404 2452 qualitate
2426 2404 2616 2443 invenitur
2642 2406 2653 2416 '

1558 2454 1774 2492 similitudo.

1611 2507 1711 2544 Huic
1739 2519 1827 2554 ergo
1861 2507 2071 2555 quaestioni
2109 2508 2311 2557 respondet
2345 2521 2432 2546 cum
2468 2507 2614 2557 subdit}

1558 2561 1632 2597 Sed
1647 2561 1694 2596 sit
1711 2560 1807 2596 idem
1827 2568 1896 2597 etc.
1922 2561 1972 2596 Et
1988 2561 2112 2609 primo
2133 2561 2242 2610 ponit
2260 2561 2547 2610 responsionem
2567 2562 2616 2600 ad

1558 2613 1841 2661 quaestionem:
1879 2619 1915 2649 et
1943 2613 2030 2650 dicit
2060 2614 2364 2661 quod-alteratio
2399 2615 2512 2651 debet
2544 2614 2616 2653 diei

1558 2677 1678 2713 aeque
1707 2666 1841 2710 velox,
1870 2665 1900 2701 si
1929 2665 1967 2702 in
1995 2666 2142 2715 aequali
2171 2674 2343 2715 tempore
2363 2674 2553 2704 mutatum
2570 2666 2618 2708 sit

1559 2718 1672 2765 idem,
1702 2717 1797 2754 idest
1815 2717 1904 2754 illud
1923 2718 2029 2766 quod
2049 2726 2104 2755 est
2123 2719 2331 2756 alteratum.

1619 2782 1674 2808 12.
1697 2770 1875 2807 Secundo
1894 2770 1962 2807 ibi:
1988 2772 2120 2808 Utrum
2137 2783 2230 2821 ergo
2246 2779 2328 2818 etc„
2349 2779 2482 2809 movet
2499 2784 2615 2820 quae-

1559 2823 1720 2860 stionem
1741 2822 1838 2859 circa
1855 2823 2019 2871 positam
2039 2824 2287 2861 solutionem:
2317 2831 2354 2861 et
2371 2831 2427 2861 est
2444 2825 2615 2873 quaestio

1559 2877 1674 2925 quam
1693 2875 1817 2924 primo
1837 2883 1980 2923 movet,
2000 2876 2093 2913 talis.
2124 2877 2224 2914 Cum
2245 2877 2345 2914 enim
2370 2877 2512 2914 dictum
2533 2877 2581 2915 sit
2595 2878 2616 2900 ⁸
2642 2882 2652 2891 ·

1559 2928 1663 2978 quod
1692 2940 1812 2976 aeque
1840 2929 1952 2965 velox
1980 2929 2147 2966 alteratio
2177 2936 2242 2976 est,
2262 2929 2293 2966 si
2311 2929 2358 2966 sit
2378 2928 2482 2966 idem
2509 2929 2616 2980 quod

1560 2982 1757 3018 alteratum
1786 2987 1841 3017 est
1868 2980 1906 3017 in
1943 2981 2089 3029 aequali
2117 2988 2311 3030 tempore;
2345 2981 2383 3018 in
2412 2993 2457 3018 eo
2486 2989 2614 3020 autem

1560 3033 1664 3082 quod
1693 3040 1749 3070 est
1776 3034 1971 3070 alteratum
2000 3033 2077 3070 duo
2107 3042 2161 3071 est
2189 3033 2447 3081 considerare,
2477 3031 2615 3072 scilicet

1559 3086 1776 3135 passionem
1806 3085 2015 3122 secundum
2036 3098 2151 3135 quam
2179 3087 2223 3124 fit
2249 3086 2434 3134 alteratio,
2464 3094 2500 3123 et
2527 3087 2614 3130 sub·

1560 3139 1699 3175 iectum
1735 3137 1774 3174 in
1811 3150 1887 3186 quo
1930 3145 1986 3175 est
2024 3138 2176 3186 passio:
2220 3147 2274 3176 est
2310 3151 2400 3187 ergo
2442 3139 2613 3187 quaestio

1559 3199 1685 3228 utrum
1706 3189 1925 3227 huiusmodi
1954 3191 2276 3240 comparationem
2296 3199 2469 3240 oporteat
2484 3193 2504 3213 ¹⁸
2519 3191 2614 3229 acci-
2642 3192 2651 3201 ”

1560 3256 1650 3293 pere
1674 3243 1883 3280 secundum
1903 3242 2133 3280 identitatem
2152 3244 2353 3292 passionis,
2384 3256 2431 3281 an
2447 3245 2467 3266 ²³⁴
2482 3256 2613 3282 secun·
2641 3250 2650 3259 ·

1562 3297 1654 3334 dum
1682 3295 1914 3333 identitatem
1943 3296 2098 3332 subiecti
2126 3296 2165 3333 in
2192 3308 2268 3345 quo
2298 3304 2353 3334 est
2379 3297 2517 3346 passio.

1620 3350 1676 3386 13.
1708 3348 1886 3386 Secundo
1914 3347 1985 3385 ibi:
2013 3349 2092 3386 Hic
2118 3349 2234 3398 igitur
2253 3356 2335 3397 etc„
2364 3349 2476 3387 solvit
2499 3361 2612 3399 quae-

509 3482 533 3516 δ)
553 3484 603 3508 nisi
620 3485 759 3509 secundum
780 3485 965 3511 Platonicos.—
980 3486 1030 3511 nisi
1048 3494 1100 3511 om.
1119 3486 1161 3511 ab
1181 3491 1206 3511 et
1220 3486 1286 3511 codd
1299 3494 1352 3512 exc.
1366 3487 1402 3517 D;
1421 3487 1454 3512 ibi
1471 3487 1505 3512 Et
1559 3487 1628 3512 Yle
1649 3493 1673 3512 et
1691 3496 1721 3518 a,
1741 3495 1807 3521 quae
1825 3487 1855 3518 E,
1869 3487 1999 3520 quomodo
2018 3487 2049 3518 R,
2068 3494 2146 3521 quam
2161 3465 2197 3519 ’ᾗ
2216 3495 2264 3521 pro
2277 3490 2367 3513 uerum
2379 3488 2415 3514 sit
2429 3488 2506 3516 idem,
2521 3490 2610 3512 utrum

456 3521 577 3548 propter,
602 3522 626 3542 et
645 3527 696 3543 om.
715 3527 731 3543 a
751 3524 775 3543 ct
800 3520 873 3544 codd.
893 3529 945 3545 exc.
967 3521 1021 3548 BF:
1041 3529 1088 3553 pro
1108 3521 1195 3553 quasi,
1217 3522 1287 3554 quod
1306 3529 1358 3546 om.
1379 3522 1413 3552 E,
1433 3523 1504 3554 quod
1559 3523 1656 3548 scilicet
1669 3523 1704 3548 sit
1719 3523 1785 3548 illud
1803 3522 1838 3551 G.
1859 3525 1946 3548 uerum
1966 3522 2000 3548 sit
2018 3523 2067 3548 hoc
2086 3523 2153 3548 idem
2173 3530 2231 3548 cum
2251 3522 2296 3548 mo
2314 3522 2352 3554 D,
2378 3526 2466 3548 utrum
2481 3522 2516 3548 sit
2534 3521 2611 3555 (sub-

458 3551 589 3583 ll.NRpT,
610 3561 658 3577 ras.
677 3555 732 3585 pss:
751 3555 851 3579 solvens
870 3563 921 3579 orn.
942 3555 1053 3580 ΑΙΚΤΧ.

1560 3558 1638 3582 intell.
1653 3558 1688 3582 aI'
1702 3557 1764 3592 l'ra)
1779 3560 1867 3582 utrum
1883 3557 1951 3582 idem
1965 3557 2001 3582 sit
2014 3558 2046 3588 S,
2061 3561 2149 3583 utrum
2163 3558 2198 3583 sit
2211 3557 2509 3590 AFKMOVXYpBClQ,
2521 3559 2611 3583 mum

509 3587 530 3617 ι)
549 3594 598 3618 quo
613 3595 751 3618 possumus
770 3588 916 3614 discernere
935 3593 1022 3614 utrum
1037 3590 1072 3615 sit
1092 3590 1254 3616 idem—Pro
1268 3598 1327 3623 quo,
1347 3598 1398 3623 qua
1417 3590 1504 3617 Axsx
1561 3599 1639 3617 unum
1655 3592 1690 3617 sit
1704 3593 1742 3623 sl,
1763 3595 1851 3617 utrum
1870 3592 1918 3618 hoc
1935 3591 1970 3617 sit
1989 3592 2060 3618 nB.-
2073 3591 2123 3617 Pro
2140 3595 2188 3618 aut
2205 3592 2288 3623 aliud,
2306 3595 2354 3618 aut
2373 3591 2439 3618 illud
2456 3591 2486 3616 Β.
