2950 4004
0 2652 2 2660 ε
0 2605 5 2633 ,-,
0 2456 9 2590 «.,ῑ,,,-,,,,«
0 2429 2 2442 .,
0 2372 1 2390 „⁴

1127 214 1235 250 CAP.
1267 213 1332 258 ΙΙΙ,
1364 212 1514 249 LECT.
1544 213 1589 250 V.
2374 226 2438 250 111

1032 426 1330 484 LEcho
1370 428 1682 504 QUINTA

855 587 1010 619 UTRUM
1034 586 1168 617 ACTIO
1193 586 1250 616 ET
1274 585 1419 616 PASSIO
1444 586 1539 616 SINT
1564 587 1683 617 IIDEM
1707 588 1856 619 MOTUS

267 725 361 771 Ἔχει
377 717 405 754 δ’
429 721 571 764 ἀπορίαν
594 717 749 764 λογικήν·
770 717 956 769 ἀναγκαῖον
973 716 1037 762 γάρ
1053 718 1131 753 ἴσως
1150 713 1233 747 εἷναί
1252 727 1331 747 τινα
1388 716 1406 734 ³*
1425 718 1528 748 Habet
1557 725 1663 749 autem
1692 719 1849 750 defectum
1875 720 2099 751 rationabilem.
2127 721 2259 751 Necesse
2285 729 2330 752 est
2359 721 2443 752 enim

339 765 506 810 ἐνέργειαν
533 763 636 799 ἀλλην
662 774 724 794 του
750 772 930 798 ποιητικου
953 761 1012 792 καὶ
1038 761 1100 792 τοῦ
1123 759 1329 797 παθητικοῦ·

338 810 379 843 τό
404 808 462 852 μὲν
494 805 537 844 δή
568 809 719 847 ποίησις,
751 805 792 837 τὸ
822 801 859 837 δέ
888 804 1045 842 πάθησις·
1079 805 1173 850 ἔργον
1203 800 1240 836 δὲ
1272 806 1329 836 καὶ

337 853 434 889 τέλος
459 853 521 885 τοῦ
546 851 605 895 μὲν
630 853 774 894 ποίημα,
802 851 864 882 τοῦ
889 846 927 881 δὲ
951 848 1072 886 πάθος.

265 899 362 930 Ἐπεὶ
388 894 443 928 οὖν
471 896 566 940 ἄμφω
591 894 749 935 κινήσεις,
768 894 796 926 εἰ
814 894 872 938 μὲν
898 893 1025 938 ἕτεραι,
1053 893 1085 924 ὲν
1111 895 1195 932 τίνι;
1222 891 1244 928 ἦ
1264 892 1328 938 γάρ

337 941 433 986 ἄμφω
459 941 491 972 ἐν
516 941 564 982 τῷ
590 938 761 983 πάσχοντι
783 940 842 970 καὶ
858 936 1052 982 κινουμένῳ,
1071 935 1092 972 ἦ
1111 938 1131 973 ἡ
1153 937 1212 980 μὲν
1233 939 1330 972 ποίη-

335 997 383 1023 σις
403 985 435 1018 ἐν
454 985 501 1026 τῷ
519 985 688 1025 ποιοῦντι,
707 984 728 1020 ἡ
749 978 786 1014 δὲ
811 981 955 1019 πάθησις
978 982 1010 1014 ἐν
1032 982 1080 1022 τῷ
1098 980 1282 1026 πάσχοντι·
1301 981 1328 1011 εὶ

336 1025 373 1062 δὲ
398 1026 449 1061 δεῖ
470 1030 528 1060 καὶ
554 1027 687 1065 ταύτην
714 1029 846 1064 ποίησιν
863 1028 992 1067 καλεῖν,
1016 1024 1184 1070 ὁμώνυμος
1207 1024 1244 1057 ἂν
1264 1027 1327 1062 εἴη.

263 1116 372 1148 Ἀλλά
395 1115 460 1159 μήν
486 1115 513 1147 εἰ
538 1115 665 1155 τοῦτο,
692 1114 712 1150 ἦ
737 1115 861 1150 κίνησις
892 1113 925 1144 ἐν
958 1112 1004 1153 τῷ
1034 1111 1183 1143 κινοῦντι
1214 1110 1326 1143 ἔσται·

338 1161 354 1192 ὀ
378 1161 442 1206 γάρ
478 1159 583 1196 αὐτὸς
613 1159 712 1204 λόγος
743 1155 799 1190 ἐπὶ
827 1157 998 1194 κινοῦντος
1032 1157 1090 1188 καὶ
1118 1154 1325 1199 κινουμένου.

328 1203 422 1236 “Ὠστ’
445 1202 466 1240 ἢ
491 1204 558 1236 πᾶν
583 1203 624 1235 τὸ
648 1203 759 1234 κινοῦν
783 1201 974 1241 κινήσεται,
993 1198 1014 1237 ἦ
1041 1200 1117 1246 ἔχον
1141 1202 1267 1236 κίνησιν
1289 1200 1327 1231 οὗ

334 1248 525 1285 κινήσεται.

268 1293 307 1325 Et
330 1289 359 1324 δ’
390 1293 486 1337 ἄμφω
512 1292 544 1324 ἐν
570 1291 617 1332 τῷ
641 1289 820 1334 κινουμένῳ
837 1291 894 1321 καὶ
913 1288 1097 1333 πάσχοντι,
1115 1289 1173 1319 καὶ
1191 1289 1212 1324 ἡ
1232 1291 1328 1325 ποίη·-

335 1348 383 1373 σις
408 1338 467 1368 καὶ
493 1337 513 1373 'ti
540 1334 697 1375 πάθησις,
715 1336 774 1366 καὶ
792 1335 812 1371 ἡ
830 1329 960 1373 δίδαξις
983 1335 1042 1364 καὶ
1060 1334 1080 1370 ἡ
1101 1332 1244 1375 μάθησις
1265 1328 1325 1364 δύο

336 1379 434 1413 οὖσαι
459 1381 491 1413 ὲν
518 1381 564 1421 τῷ
590 1378 810 1423 μανθάνοντι,
837 1379 968 1422 πρῶτον
995 1378 1054 1420 μὲν
1080 1379 1100 1413 ή
1127 1377 1276 1423 ἐνέργεια
1305 1377 1325 1413 ἢ

335 1425 483 1458 ἑκάστου
508 1425 568 1456 οὐκ
593 1425 626 1455 ἐν
656 1422 789 1463 ἑκάστῳ
819 1422 980 1464 ὑπάρξει,
1005 1418 1084 1453 εἶτα
1111 1422 1240 1454 ἄτοπον
1265 1417 1325 1453 δύο

334 1469 479 1507 κινήσεις
505 1467 577 1512 ἅμα
593 1466 768 1498 κινεῖσθαι·
787 1468 873 1503 τίνες
890 1466 954 1512 γάρ
977 1465 1113 1498 ἔσονται
1133 1465 1326 1504 ἀλλοιώσεις

335 1510 396 1546 δύο
421 1514 483 1546 τοῦ
509 1513 580 1550 ἑνός
603 1512 662 1542 καὶ
687 1512 731 1547 εἰς
758 1510 790 1542 ἓν
815 1506 923 1550 εἷδος;
952 1510 1022 1542 ἀλλ’
1052 1506 1233 1542 ἀδύνατον.

263 1557 372 1590 Ἀλλά
394 1560 455 1601 μία
481 1556 578 1588 ἔσται
604 1556 624 1591 ή
650 1554 813 1600 ἐνέργεια.
846 1552 934 1585 Ἀλλ’
966 1554 1089 1599 ἄλογον
1114 1550 1174 1585 δύο
1204 1553 1324 1596 ἑτέρων

335 1602 383 1643 τῷ
409 1597 488 1632 εἴδει
518 1601 581 1637 τήν
608 1598 717 1635 αὑτήν
749 1599 807 1629 καὶ
832 1601 912 1641 μίαν
945 1595 1030 1629 εἶναι
1062 1597 1242 1644 ἐνέργειαν·
1267 1599 1326 1629 καὶ

336 1646 452 1686 ἔσται,
479 1646 570 1690 εἴπερ
596 1645 616 1680 ἢ
643 1639 771 1683 δίδαξις
794 1644 852 1674 καὶ
878 1643 898 1678 ἡ
923 1641 1065 1685 μάθησις
1091 1642 1204 1674 ταύτό
1229 1644 1285 1673 καὶ
1305 1643 1325 1678 ἡ

336 1691 467 1727 ποίησις
490 1690 549 1721 καὶ
574 1689 594 1725 ἢ
621 1686 778 1727 πάθησις,
796 1689 853 1717 καὶ
879 1686 920 1718 τὸ
944 1681 1115 1718 διδάσκειν
1135 1687 1182 1727 τῷ
1200 1685 1329 1730 μανθά-

335 1745 400 1765 νειν
433 1733 565 1774 ταύτό,
597 1733 656 1763 καὶ
688 1731 730 1764 τὰ
754 1734 860 1763 ποιεῖν
891 1730 937 1771 τῷ
972 1730 1128 1774 πάσχειν·
1155 1729 1241 1762 ὥστε
1267 1730 1326 1763 τόν

335 1773 547 1810 διδάσκοντα
574 1775 704 1822 ἀνάγκη
732 1775 829 1807 ἔσται
855 1773 975 1807 πάντα
993 1774 1174 1817 μανθάνειν
1191 1777 1248 1806 καὶ
1267 1774 1326 1806 τὸν

336 1823 504 1856 ποιοῦντα
528 1821 684 1864 πάσχειν.

259 1866 307 1899 ’Ἡ
332 1866 411 1898 οὔτε
436 1866 478 1898 τὸ
503 1865 567 1902 τήν
594 1866 696 1898 ἄλλου
722 1862 888 1908 ἐνέργειαν
908 1863 940 1894 ὲν
959 1862 1059 1907 ἑτέρῳ
1085 1859 1170 1894 εἶναι
1197 1861 1327 1894 ἄτοπον

334 1910 423 1953 (ἔστι
436 1911 499 1957 γάρ
515 1911 535 1948 ἧ
549 1905 678 1949 δίδαξις
696 1907 846 1953 ἐνέργεια
863 1908 925 1939 τοῦ
941 1902 1199 1948 διδασκαλικοῦ,
1215 1907 1247 1938 έν
1262 1918 1328 1938 τινι

335 1954 465 1999 μέντοι,
482 1958 539 1988 καὶ
559 1955 617 1987 οὐκ
635 1950 917 2007 άποτετμημένη,
937 1952 1027 1984 ἀλλά
1042 1947 1142 1983 τοῦδε
1160 1951 1192 1983 ἐν
1209 1947 1326 1994 τῷδε),

270 2000 349 2034 οὔτε
373 2001 453 2042 μίαν
473 1995 564 2032 δυοῖν
589 1998 652 2035 τήν
671 1997 781 2032 αὐτήν
800 2007 884 2027 ειναι
905 1995 1037 2037 κωλύει,
1057 1995 1103 2040 μή
1124 1996 1165 2033 ὠς
1184 1995 1225 2027 τὸ
1243 1993 1328 2027 εἶναι

335 2043 378 2075 τὸ
404 2043 512 2085 αὑτό,
541 2044 613 2076 ἀλλ’
643 2043 685 2079 ὠς
711 2040 855 2085 ὑπάρχει
881 2040 922 2071 τό
956 2035 1095 2084 δυνάμει
1122 2038 1155 2070 ὃν
1181 2040 1261 2082 πρὸς
1287 2040 1329 2071 τό

337 2087 504 2133 ἐνεργοῦν·
531 2087 602 2120 οὔτ’
633 2084 763 2131 ἀνάγκη
796 2084 856 2116 τὸν
887 2079 1098 2117 διδάσκοντα
1127 2083 1327 2127 μανθάνειν,

339 2127 407 2162 οὐδ’
436 2132 464 2163 εἰ
496 2132 536 2164 τὸ
567 2134 672 2163 ποιεῖν
702 2130 760 2160 καὶ
793 2127 937 2171 πάσχειν
968 2127 1009 2160 τὸ
1043 2127 1130 2160 αὐτό
1162 2129 1255 2168 ἐστι,
1282 2128 1328 2171 μή

337 2174 454 2218 μέντοι
478 2177 519 2213 ὠς
547 2174 605 2206 τὸν
629 2172 730 2219 λόγον
763 2169 848 2203 εἶναι
875 2172 932 2203 ἕνα
957 2173 1017 2204 τὸν
1044 2175 1077 2204 τί
1103 2170 1142 2208 ἦν
1167 2169 1253 2203 εἶναι
1275 2172 1332 2209 λέ-

336 2230 466 2264 γοντα,
498 2220 538 2257 ὠς
566 2217 694 2250 λώπιον
723 2217 781 2248 καὶ
814 2215 963 2260 ἱμάτιον,
992 2216 1063 2249 ἀλλ’
1093 2217 1134 2253 ὠς
1159 2217 1179 2252 ή
1208 2211 1282 2253 ὁδός
1309 2217 1329 2252 ή

336 2263 487 2303 Θήβηθεν
506 2262 672 2304 Ἀθήναζε
688 2263 745 2292 καὶ
764 2261 784 2296 ἡ
805 2259 985 2297 Ἀθήνηθεν
1011 2261 1054 2298 εἰς
1071 2260 1200 2301 Θήβας,
1219 2259 1328 2304 ὥσπερ

336 2310 468 2351 εἴρηται
491 2309 549 2339 καὶ
575 2306 749 2350 πρότερον.
776 2305 821 2336 Οὐ
847 2305 910 2350 γάρ
936 2305 1056 2337 ταύτά
1079 2304 1197 2337 πάντα
1223 2303 1330 2348 ὑπάρ-

360 2364 388 2383 ει
412 2355 483 2390 τοῖς
518 2351 670 2383 ὁπωσοῦν
697 2353 767 2387 τοῖς
801 2349 938 2389 αὐτοῖς,
973 2347 1063 2381 ἀλλά
1089 2348 1189 2391 μόνον
1216 2348 1261 2386 οἷς
1287 2349 1328 2381 τό

335 2407 421 2429 ειναι
445 2395 487 2428 τὸ
512 2394 612 2427 αὐτό.

269 2441 315 2473 Οὗ
340 2441 405 2485 μήν
433 2438 504 2472 ἀλλ’
534 2435 601 2471 οὐδ’
631 2438 659 2469 εἰ
685 2438 705 2474 ἢ
730 2431 860 2513 δίδαξις
893 2437 937 2478 τῇ
968 2434 1113 2480 μαθήσει
1146 2436 1187 2468 τὸ
1218 2436 1326 2477 αὐτό,

303 2488 310 2491 s
335 2485 394 2518 καὶ
426 2484 468 2517 τό
497 2482 676 2528 μανθάνειν
709 2481 756 2522 τῷ
786 2477 817 2512 δι
845 2481 976 2522 άσκειν,
1010 2479 1122 2525 ὥσπερ
1155 2474 1224 2512 οὐδ’
1254 2482 1281 2512 εἱ
1307 2482 1327 2517 ἡ

336 2527 514 2566 διάστασις
540 2530 602 2572 μία
627 2527 692 2558 τῶν
718 2521 963 2566 διεστηκότων,
981 2526 1039 2556 καὶ
1065 2526 1105 2557 τό
1130 2520 1328 2557 διίστασθαι

338 2567 467 2606 ἐνθένδε
493 2573 598 2604 ἐκεῖσε
621 2569 773 2604 κάκεῖθεν
794 2565 891 2613 δεῦρο
917 2569 948 2601 ἓν
973 2571 1030 2600 καὶ
1056 2569 1096 2602 τό
1122 2568 1222 2602 αὐτό.

261 2618 369 2656 ’Ὀλως
393 2613 421 2648 δ’
443 2617 561 2657 εἰπεῖν,
582 2611 650 2647 οὐδ’
675 2615 696 2651 ἡ
713 2609 842 2655 δίδαξις
864 2614 908 2656 τῇ
926 2612 1073 2655 μαθήσει
1098 2609 1168 2646 οὐδ’
1190 2614 1210 2650 ἡ
1233 2616 1327 2650 ποίη-

337 2673 386 2698 σις
415 2661 461 2702 τῇ
494 2659 639 2696 παθήσει
669 2658 709 2691 τό
740 2656 827 2690 αὐτὸ
856 2660 994 2701 κυρίως,
1029 2659 1100 2690 ἀλλ’
1131 2658 1154 2699 ᾦ
1185 2657 1329 2702 ὑπάρχει

338 2705 477 2744 ταῦτα,
503 2705 524 2740 ἡ
548 2706 686 2740 κίνησις·
713 2702 754 2735 τὸ
777 2702 842 2748 γάρ
867 2696 968 2734 τοῦδε
1003 2702 1034 2733 ὲν
1061 2697 1168 2743 τῷδε,
1202 2703 1260 2733 καὶ
1287 2702 1327 2734 τό

338 2745 440 2782 τοῦδε
466 2748 532 2780 ὑπὸ
557 2742 658 2780 τοῦδε
683 2745 851 2791 ἐνέργειαν
876 2743 961 2777 εἶναι
986 2745 1098 2788 ἕτερον
1124 2747 1172 2787 τῷ
1196 2746 1296 2800 λόγῳ.

270 2796 308 2825 Τί
334 2794 393 2837 μὲν
420 2790 476 2824 οὗν
502 2793 575 2825 ἐστὶ
598 2794 723 2828 κίνησις
747 2792 804 2822 καὶ
832 2789 977 2822 καθόλου
1007 2792 1065 2821 καὶ
1089 2790 1185 2822 κατά
1208 2801 1326 2835 μερος,

337 2840 481 2883 εἴρηται·
510 2835 548 2868 οὐ
571 2836 636 2882 γάρ
663 2830 787 2871 ἄδηλον
816 2836 856 2872 ὠς
888 2835 903 2866 ὁ
927 2832 1104 2869 ισθῆσεται
1135 2835 1202 2866 τῶν
1235 2828 1328 2866 εἰδῶν

338 2881 483 2914 ἕκαστον
520 2880 642 2917 αὗτῆς·
670 2880 845 2916 ἀλλοίωσις
876 2890 935 2923 μεν
960 2879 1024 2923 γάρ
1050 2879 1070 2915 ἡ
1097 2880 1159 2911 τοῦ
1191 2879 1330 2910 ἀλλοιω-

339 2927 414 2967 τοῦ,
442 2925 463 2968 ’ᾗ
490 2922 695 2964 ἀλλοιωτόν,
723 2922 929 2968 ἐντελέχεια.
958 2924 1036 2954 Ἔτι
1061 2918 1098 2954 δὲ
1121 2922 1330 2968 γνωριμώτε-

338 2981 406 3014 ρον,
425 2970 446 3007 ή
473 2970 534 3001 τοῦ
559 2964 698 3012 δυνάμει
723 2968 902 3005 ποιητικοῦ
918 2971 975 3000 καὶ
994 2965 1200 3009 παθητικοῦ,
1221 2968 1240 3010 ᾔ
1259 2979 1324 3000 τοι-

339 3014 453 3055 οῦτον,
477 3014 591 3051 άπλῶς
615 3025 653 3045 τε
677 3013 735 3044 καὶ
760 3012 861 3044 πάλιν
886 3010 959 3043 καθ’
981 3011 1140 3053 ἕκαστον,
1159 3010 1179 3048 ἦ
1203 3007 1331 3044 οἰκοδό-

338 3069 435 3101 μησις
459 3056 480 3093 ἦ
505 3057 685 3101 ἰάτρευσις.
712 3056 776 3088 Τὸν
795 3054 900 3088 αὐτὸν
922 3052 961 3088 δὲ
975 3055 1183 3100 λεχθήσεται
1201 3055 1328 3100 τρόπον

336 3103 395 3134 καὶ
420 3103 494 3146 περὶ
517 3102 584 3134 τῶν
612 3101 720 3133 ἄλλων
745 3100 906 3137 κινήσεων
931 3100 1089 3138 ἑκάστης.

325 3260 465 3287 SYNOPSIS
480 3274 514 3279 —
535 3267 559 3286 1.
573 3259 784 3295 Argumentum
798 3264 826 3285 et
839 3257 941 3285 divisio
956 3264 1056 3285 textus.
1072 3274 1092 3279 —
1106 3265 1133 3285 2.
1150 3259 1227 3286 Tum
1242 3258 1330 3286 activi

269 3306 333 3328 tum
351 3298 463 3336 passivi
482 3303 525 3325 est
545 3297 647 3334 aliquis
667 3303 762 3331 actus;
777 3297 860 3325 activi
881 3296 998 3333 quidem
1012 3297 1095 3330 actio,
1110 3306 1146 3325 eo
1167 3298 1248 3333 quod
1269 3297 1330 3333 ipsa

273 3345 315 3367 est
329 3347 403 3374 opus
417 3344 445 3365 et
458 3337 523 3365 finis
537 3336 607 3372 eius,
622 3336 726 3373 passivi
741 3345 808 3364 vero
819 3336 918 3373 passio
932 3337 1033 3363 eadem
1048 3335 1169 3364 ratione.
1185 3352 1205 3357 -
1221 3337 1245 3363 3.
1262 3337 1328 3370 Quo

271 3378 376 3415 posito,
391 3377 481 3405 oritur
502 3375 657 3404 dubitatio:
680 3375 754 3404 actio
783 3381 810 3403 et
830 3375 941 3411 passio,
966 3384 1032 3402 cum
1060 3375 1116 3402 sint
1141 3381 1237 3403 motus
1265 3375 1328 3412 qui-

273 3418 351 3452 dam,
365 3423 462 3445 utrum
484 3415 539 3444 sint
559 3425 634 3443 unus
656 3421 683 3443 et
703 3415 781 3442 idern
803 3421 907 3449 motus,
929 3414 972 3442 vel
994 3413 1050 3442 sint
1070 3420 1166 3441 motus
1188 3414 1329 3442 diversi.-

272 3458 310 3486 Et
330 3457 354 3485 si
375 3456 491 3493 quidem
506 3462 573 3483 sunt
593 3454 695 3483 diversi
717 3460 822 3489 motus,
838 3459 952 3490 oportet
967 3454 1046 3490 quod
1066 3453 1111 3481 vel
1131 3459 1275 3490 utrunque
1294 3453 1330 3481 sit

272 3496 304 3525 in
323 3496 448 3533 patiente
469 3502 497 3524 et
518 3501 608 3529 moto,
632 3494 676 3522 vel
697 3503 796 3529 unum,
819 3493 924 3521 scilicet
945 3493 1035 3528 actio,
1058 3493 1093 3520 sit
1114 3492 1143 3520 in
1164 3499 1279 3529 agente,
1302 3499 1329 3520 et

273 3536 402 3571 alterum,
418 3535 522 3564 scilicet
536 3534 641 3571 passio,
659 3533 694 3562 sit
710 3533 740 3561 in
761 3533 893 3570 patiente.
909 3550 928 3554 -
941 3542 969 3568 4.
985 3532 1041 3560 Sed
1055 3532 1079 3560 si
1094 3532 1149 3560 hoc
1170 3533 1328 3560 secundum

1454 761 1592 792 fortassis
1617 773 1681 793 esse
1712 764 1872 804 quendam
1902 771 2008 794 actum
2038 764 2129 795 activi
2153 772 2182 795 et
2205 765 2328 805 passivi.
2360 765 2443 796 Hinc

1453 806 1583 846 quidem
1607 807 1691 836 enim
1714 807 1813 845 actio,
1839 808 1924 838 illinc
1951 818 2026 838 vero
2050 808 2173 848 passio:
2199 819 2280 849 opus
2310 809 2394 839 enim
2414 816 2443 840 et

1452 849 1533 888 finis,
1557 851 1651 881 huius
1675 851 1804 891 quidem
1828 852 1920 889 actio,
1944 852 2028 882 illius
2052 859 2158 883 autem
2181 853 2295 892 passio.

1387 893 1549 930 Quoniam
1560 894 1655 934 igitur
1669 902 1800 935 utraque
1822 903 1895 926 sunt
1913 902 2030 934 motuS,
2043 896 2069 926 si
2086 896 2215 936 quidem
2234 897 2331 935 alteri,
2346 897 2380 926 in
2391 897 2444 926 ali-

1453 948 1518 978 quo
1535 945 1618 968 sunt.
1642 940 1708 968 Aut
1731 939 1814 968 enim
1837 946 1969 980 utraque
1985 939 2017 969 in
2034 940 2169 980 patiente
2193 947 2223 971 et
2246 947 2335 971 moto
2356 947 2443 978 sunt;

1452 989 1506 1012 aut
1529 982 1609 1012 actio
1640 982 1769 1022 quidem
1797 983 1829 1012 in
1850 991 1970 1023 agente,
1995 984 2098 1024 passio
2123 990 2229 1014 autem
2254 984 2285 1014 in
2307 984 2444 1024 patiente

1451 1032 1507 1056 est.
1524 1026 1557 1056 Si
1571 1033 1678 1056 autem
1701 1033 1827 1066 oportet
1857 1034 1887 1058 et
1909 1027 1989 1058 hanc
2014 1028 2171 1058 actionem
2193 1038 2315 1067 vocare,
2340 1028 2445 1069 aequi-

1451 1079 1530 1100 voce
1553 1070 1683 1110 quidem
1706 1070 1749 1101 fit.

1384 1115 1427 1143 At
1447 1124 1522 1144 vero
1546 1114 1572 1144 si
1594 1114 1656 1144 hoc
1682 1121 1743 1152 est,
1759 1114 1791 1144 in
1815 1122 1961 1145 movente
1985 1122 2091 1146 motus
2115 1116 2179 1146 erit.
2196 1116 2316 1146 Eadem
2339 1123 2444 1146 autem

1450 1158 1529 1188 ratio
1565 1165 1611 1188 est
1643 1158 1675 1188 in
1708 1166 1855 1188 movente
1879 1166 1908 1189 et
1930 1159 1962 1188 in
1995 1166 2095 1190 moto.
2130 1160 2234 1197 Quare
2264 1167 2318 1190 aut
2348 1170 2443 1190 omne

1449 1212 1581 1232 movens
1600 1202 1789 1240 movebitur,
1813 1209 1868 1232 aut
1890 1202 2007 1233 habens
2023 1210 2150 1234 motum
2173 1214 2238 1233 non
2254 1203 2440 1234 movebitur.

1383 1289 1415 1319 Si
1439 1297 1546 1320 autem
1578 1297 1710 1330 utraque
1734 1290 1766 1320 in
1797 1297 1886 1320 moto
1920 1298 1994 1321 sunt
2020 1297 2049 1321 et
2071 1291 2104 1321 in
2128 1291 2280 1331 patiente,
2306 1298 2335 1321 et
2363 1291 2443 1322 actio

1445 1341 1475 1364 et
1498 1334 1614 1374 passio,
1636 1341 1666 1364 et
1689 1334 1795 1364 doctio
1811 1341 1841 1364 et
1857 1334 2006 1373 doctrina,
2032 1345 2105 1365 cum
2125 1336 2190 1365 duo
2214 1335 2285 1373 sint,
2309 1335 2342 1364 in
2363 1335 2445 1365 addi-

1449 1384 1551 1408 scente
1573 1385 1663 1416 sunt;
1683 1378 1824 1418 primurn
1844 1378 1989 1418 quidem,
2006 1386 2092 1409 actus
2114 1379 2363 1419 uniuscuiusque
2377 1389 2443 1409 non

1448 1422 1482 1451 in
1497 1431 1695 1462 unoquoque
1715 1422 1779 1452 erit.
1797 1423 1909 1452 Postea
1925 1429 1955 1453 et
1970 1422 2194 1453 inconveniens
2211 1430 2266 1460 est,
2285 1433 2341 1463 per
2364 1423 2445 1453 duos

1449 1472 1555 1495 motus
1568 1465 1662 1496 simul
1676 1466 1811 1496 moveri:
1828 1467 1984 1506 quaedam
1996 1477 2134 1507 namque
2147 1473 2238 1497 erunt
2250 1466 2445 1497 alterationes

1449 1510 1530 1539 duae
1548 1509 1642 1540 unius
1666 1516 1696 1540 et
1719 1509 1751 1539 in
1771 1520 1868 1540 unam
1891 1510 2038 1550 speciem,
2063 1511 2117 1540 sed
2139 1510 2333 1550 impossibile
2356 1518 2410 1541 est.

1383 1552 1441 1582 Sed
1471 1563 1553 1583 unus
1592 1553 1648 1584 erit
1678 1551 1783 1583 actus?
1813 1554 1873 1584 Sed
1907 1554 2116 1585 irrationabile
2151 1561 2197 1584 est
2229 1554 2366 1584 duorum
2401 1554 2446 1584 di-

1448 1607 1612 1627 versorum
1647 1598 1821 1627 secundum
1854 1598 1990 1637 speciem
2022 1599 2159 1628 eundem
2187 1605 2217 1628 et
2244 1608 2346 1628 unum
2379 1608 2444 1628 esse

1450 1647 1565 1671 actum.
1590 1641 1631 1670 Et
1655 1641 1711 1671 erit
1734 1641 1759 1670 si
1778 1641 1908 1681 quidem
1936 1641 2040 1672 doctio
2065 1648 2095 1672 et
2128 1642 2268 1672 doctrina
2291 1641 2390 1680 idem,
2415 1649 2445 1672 et

1450 1684 1555 1723 passio
1576 1691 1606 1714 et
1628 1684 1720 1714 actio:
1745 1692 1774 1714 et
1798 1685 1909 1715 docere
1927 1695 2001 1716 cum
2017 1685 2174 1715 addiscere
2192 1686 2286 1723 idem,
2305 1693 2334 1716 et
2355 1695 2443 1726 agere

1451 1737 1526 1757 cum
1549 1728 1622 1767 pati.
1657 1728 1762 1764 Quare
1781 1739 1906 1759 necesse
1930 1736 1975 1760 est
2005 1739 2135 1759 omnem
2169 1730 2334 1759 docentem
2357 1730 2442 1759 addi-

1451 1781 1545 1810 scere,
1571 1778 1600 1802 et
1623 1778 1767 1811 agentem
1791 1772 1863 1812 pati.

1383 1867 1400 1886 *
1415 1868 1481 1897 Aut
1503 1877 1606 1907 neque
1623 1873 1728 1897 actum
1747 1866 1871 1897 alterius
1887 1866 1919 1896 in
1936 1867 2032 1897 altero
2057 1877 2133 1905 esse,
2150 1867 2373 1897 inconveniens
2389 1873 2444 1898 est.

1450 1911 1506 1941 Est
1529 1910 1614 1940 enim
1637 1910 1742 1941 doctio
1771 1918 1858 1941 actus
1882 1911 2041 1941 docentis:
2066 1911 2098 1940 in
2122 1911 2264 1951 quodam
2286 1918 2391 1942 tamen
2416 1918 2445 1942 et

1451 1965 1516 1985 non
1540 1954 1672 1993 decisus,
1697 1955 1749 1984 sed
1774 1954 1867 1985 huius
1890 1955 1923 1984 in
1946 1955 2016 1985 hoc.

1384 1999 1495 2039 Neque
1530 2009 1632 2029 unum
1665 1999 1791 2028 duobus
1825 1999 2002 2039 quidquam
2033 1998 2178 2038 prohibet
2208 1999 2345 2029 eundem
2379 2009 2444 2029 esse

1451 2049 1568 2082 actum,
1592 2053 1658 2072 non
1675 2042 1754 2073 sicut
1777 2052 1842 2072 esse
1865 2042 1960 2080 idem,
1979 2043 2034 2072 sed
2057 2042 2138 2073 sicut
2162 2049 2207 2073 est
2230 2043 2317 2083 quod
2331 2049 2444 2082 poten-

1450 2086 1493 2116 tia
1523 2093 1569 2117 est
1601 2087 1640 2116 ad
1659 2097 1762 2127 agens.
1778 2086 1795 2104 *
1810 2087 1922 2127 Neque
1949 2096 2074 2117 necesse
2103 2093 2148 2117 est
2171 2087 2336 2117 docentem
2360 2086 2445 2116 addi-

1451 2140 1546 2169 scere,
1571 2140 1673 2171 neque
1697 2130 1722 2160 si
1745 2130 1809 2170 pati
1832 2137 1862 2161 et
1884 2140 1973 2170 agere
1997 2130 2082 2160 idem
2105 2137 2165 2168 est;
2189 2141 2253 2161 non
2281 2137 2387 2161 tamen
2410 2137 2445 2161 ut

1450 2174 1529 2204 ratio
1557 2174 1596 2204 sit
1625 2184 1689 2204 una
1719 2174 1807 2214 quod
1834 2175 1911 2214 quid
1940 2181 1985 2204 est
2015 2184 2080 2204 esse
2106 2174 2228 2213 dicens,
2260 2174 2339 2204 sicut
2361 2174 2445 2204 tuni-

1453 2227 1505 2247 cae
1529 2224 1559 2248 et
1581 2217 1768 2256 indumenti,
1799 2218 1853 2248 sed
1872 2218 1951 2248 sicut
1973 2218 2023 2247 via
2046 2228 2082 2248 ex
2105 2218 2223 2248 Thebis
2242 2219 2282 2248 ad
2305 2218 2442 2248 Athenas

1448 2268 1479 2291 et
1501 2262 1539 2291 ab
1562 2261 1694 2291 Athenis
1717 2262 1757 2292 ad
1779 2262 1915 2300 Thebas,
1949 2262 2223 2302 quemadmodum
2253 2262 2373 2292 dictum
2397 2269 2443 2293 est

1451 2305 1547 2344 prius.
1573 2306 1646 2335 Non
1670 2305 1755 2335 enim
1779 2305 1887 2335 omnia
1914 2306 2024 2335 eadem
2046 2305 2154 2336 insunt
2177 2306 2319 2346 quolibet
2343 2306 2441 2336 modo

1452 2349 1580 2388 eisdem,
1605 2349 1659 2379 sed
1683 2349 1789 2379 solum
1812 2349 1927 2389 quibus
1952 2359 2017 2379 esse
2040 2349 2126 2380 idem
2149 2356 2204 2380 est.

1385 2445 1426 2474 At
1447 2453 1522 2473 vero
1546 2453 1650 2484 neque
1673 2444 1699 2473 si
1722 2444 1827 2474 doctio
1852 2451 1882 2474 et
1905 2443 2046 2473 doctrina
2064 2443 2159 2482 idem,
2185 2450 2214 2474 et
2237 2444 2393 2474 addiscere
2413 2451 2442 2475 et

1451 2488 1561 2518 docere
1585 2487 1678 2518 idem.
1703 2487 1790 2518 Sicut
1812 2498 1914 2528 neque
1930 2487 1956 2517 si
1975 2487 2112 2527 spatium
2135 2497 2237 2517 unum
2259 2488 2441 2518 distantium

1450 2531 1499 2570 sit,
1517 2538 1547 2562 et
1565 2531 1677 2562 distare
1693 2531 1765 2561 hinc
1788 2531 1863 2562 illuc
1879 2538 1909 2562 et
1930 2531 2002 2561 inde
2021 2531 2083 2561 huc
2115 2541 2217 2561 unum
2233 2538 2263 2562 et
2281 2532 2365 2562 idem
2384 2539 2439 2562 est.

1383 2618 1400 2638 *
1416 2618 1558 2650 Omnino
1582 2625 1689 2649 autem
1718 2618 1818 2649 dicere
1847 2625 1908 2657 est,
1932 2629 2034 2659 neque
2058 2618 2164 2649 doctio
2188 2628 2261 2649 cum
2285 2619 2440 2657 doctrina,

1450 2673 1552 2703 neque
1582 2663 1663 2693 actio
1691 2673 1764 2693 cum
1791 2662 1935 2702 passione
1958 2663 2043 2693 idem
2069 2663 2195 2702 proprie
2226 2670 2281 2700 est,
2306 2663 2359 2693 sed
2390 2663 2440 2694 cui

1449 2706 1557 2737 insunt
1579 2706 1665 2743 haec,
1690 2713 1807 2737 motus.
1829 2707 1925 2744 Quod
1942 2706 2026 2736 enim
2044 2707 2138 2737 huius
2156 2707 2188 2736 in
2213 2707 2289 2746 hoc,
2307 2714 2337 2737 et
2352 2707 2441 2748 quod

1450 2750 1544 2780 huius
1568 2751 1606 2781 ab
1622 2751 1684 2781 hoc
1703 2757 1808 2781 actum
1827 2761 1903 2788 esse,
1928 2751 2046 2781 ratione
2069 2751 2201 2781 alterum
2225 2758 2279 2782 est.

1383 2794 1400 2813 *
1411 2794 1497 2831 Quid
1512 2794 1643 2835 quidem
1659 2795 1752 2835 igitur
1766 2802 1872 2825 motus
1889 2794 1937 2832 sit,
1951 2801 1981 2825 et
1995 2794 2207 2825 universaliter
2223 2802 2253 2825 et
2267 2795 2441 2825 secundum

1449 2846 1570 2879 partem
1597 2839 1717 2869 dictum
1740 2845 1795 2869 est.
1820 2839 1893 2869 Non
1918 2838 2002 2869 enim
2020 2838 2268 2869 immanifestum
2291 2846 2337 2869 est
2360 2849 2440 2879 quo-

1449 2882 1549 2912 modo
1567 2882 1731 2913 definietur
1746 2883 1920 2921 specierum
1935 2892 2143 2923 unaquaeque
2162 2883 2270 2923 ipsius.
2290 2883 2441 2913 Alteratio

1451 2926 1581 2967 quidem
1600 2926 1685 2956 enim
1709 2926 1872 2956 alterabilis
1896 2927 2071 2957 secundum
2087 2927 2175 2967 quod
2199 2933 2245 2957 est
2267 2927 2441 2963 alterabile,

1451 2977 1538 3001 actus
1554 2977 1609 3001 est.
1632 2970 1780 3010 Amplius
1804 2977 1910 3001 autem
1933 2970 2050 3008 notius,
2078 2971 2166 3012 quod
2189 2971 2328 3011 potentia
2351 2970 2442 3001 activi

1452 3021 1482 3044 et
1514 3014 1628 3054 passivi
1658 3014 1849 3054 inquantum
1880 3014 2084 3053 huiusmodi,
2116 3014 2378 3055 simpliciterque,
2413 3021 2442 3044 et

1451 3058 1567 3088 iterum
1591 3059 1766 3088 secundum
1798 3059 2063 3098 unumquodque,
2084 3059 2236 3098 quoniam
2268 3058 2440 3088 aedificatio

1453 3108 1507 3132 aut
1529 3102 1705 3132 medicatio.
1727 3102 1850 3132 Eodem
1873 3109 1978 3133 autem
2003 3102 2122 3133 dicetur
2136 3103 2234 3132 modo
2259 3108 2289 3132 et
2312 3102 2349 3131 de
2373 3101 2439 3131 aliis

1453 3145 1592 3176 motibus
1617 3146 1756 3185 singulis.

1383 3258 1546 3293 assumitur,
1562 3267 1595 3286 ex
1609 3267 1644 3286 eo
1661 3259 1740 3294 quod
1756 3258 1830 3286 actio
1846 3264 1888 3286 est
1902 3264 1997 3285 motus
2014 3257 2140 3293 quidam,
2159 3257 2287 3293 sequitur
2305 3256 2440 3285 inconve-

1383 3297 1465 3325 niens
1482 3298 1526 3325 vel
1541 3298 1620 3334 quod
1634 3307 1721 3325 omne
1736 3306 1855 3325 movens
1876 3303 2034 3330 moveatur,
2049 3297 2092 3323 vel
2110 3297 2190 3332 quod
2203 3296 2310 3332 aliquid
2332 3297 2440 3324 habens

1384 3343 1497 3365 motum
1511 3346 1572 3364 non
1593 3343 1751 3364 moveatur.
1767 3353 1786 3357 -
1803 3337 1827 3363 5.
1842 3335 1872 3363 Si
1892 3345 1960 3363 vero
1976 3335 2086 3363 dicatur
2106 3336 2186 3372 quod
2205 3342 2267 3363 tum
2282 3335 2356 3364 actio
2377 3343 2439 3364 tum

1383 3376 1488 3412 passio,
1499 3385 1566 3404 curn
1581 3376 1637 3403 sint
1649 3377 1707 3403 duo
1722 3381 1826 3410 motus,
1846 3381 1912 3402 sunt
1933 3374 1962 3402 in
1983 3374 2107 3411 patiente
2121 3381 2149 3402 et
2163 3381 2260 3410 moto,
2282 3382 2440 3412 sequuntur

1383 3416 1442 3443 duo
1454 3415 1691 3448 inconvenientia,
1706 3423 1809 3450 nempe
1824 3420 1851 3441 et
1866 3414 1945 3450 quod
1960 3413 2092 3450 proprius
2107 3420 2195 3450 actus,
2210 3414 2227 3442 i.
2242 3423 2265 3442 e.
2281 3415 2363 3449 actio,
2379 3424 2439 3443 non

1383 3454 1418 3482 sit
1433 3454 1462 3482 in
1483 3464 1518 3483 eo
1541 3454 1620 3482 cuius
1635 3461 1677 3482 est
1691 3460 1778 3488 actus,
1794 3459 1821 3480 et
1836 3453 1915 3489 quod
1936 3462 2027 3481 unum
2049 3460 2077 3481 et
2097 3453 2173 3481 idem
2195 3453 2354 3482 subiectum
2375 3464 2439 3483 mo-

1381 3500 1480 3521 veatur
1501 3494 1658 3522 sec'undum
1673 3494 1746 3520 duos
1767 3498 1863 3519 motus
1884 3492 2051 3521 terminatos
2078 3493 2116 3521 ad
2130 3494 2251 3521 eandem
2271 3493 2404 3530 speciem.
2422 3510 2439 3516 -

1383 3533 1410 3560 6.
1429 3533 1516 3567 Quod
1537 3533 1561 3560 si
1582 3532 1684 3569 aliquis
1701 3541 1850 3560 assumens
1870 3531 1996 3568 primum
2010 3533 2172 3560 membrum
2193 3533 2302 3570 primae
2324 3533 2438 3562 divisio-

2471 731 2479 739 ·
2499 730 2552 758 Seq.
2568 737 2618 759 cap.
2635 738 2668 753 ιιι.

2469 757 2536 779 Text.
2552 763 2583 785 ¹9·

2473 1876 2481 1886 '⁸
2496 1875 2562 1897 Text.
2577 1882 2614 1898 20.

2471 2093 2479 2100 ·
2494 2091 2562 2113 Text.
2576 2097 2605 2113 21.

2465 2632 2476 2643 ⁴
2490 2631 2557 2653 Text.
2572 2637 2604 2653 22.

2466 2807 2476 2817 ⁸
2491 2807 2558 2829 Text.
2572 2813 2605 2835 23.
