2898 3996
425 259 504 304 428

494 336 584 376 μεῖον
613 330 743 376 ἀνάγκη
771 329 865 370 αὐτῷ
893 327 1038 372 ἀριθμεῖν
1064 321 1137 358 δυό·
1166 326 1228 358 τοῦ
1252 325 1311 368 μὲν
1333 325 1396 372 γὰρ
1417 325 1490 359 ἑτέ-

492 388 548 420 ρου
573 374 717 410 τελευτή
743 374 893 417 ἡμίσεος,
924 373 985 403 τοῦ
1010 367 1038 402 δ’
1061 370 1175 412 ἑτέρου
1203 369 1224 403 ἀ
1244 370 1290 414 χή
1313 370 1426 411 ἔσται,
1448 370 1486 403 ἀν

519 420 538 455 τ’)
564 422 642 463 μίαν
678 418 799 462 ἀριθμῇ
832 417 895 453 τήν
932 415 1074 460 συνεχῆ,
1104 414 1194 446 ἀλλὰ
1246 415 1284 446 υό
1317 415 1484 458 ἡμισείας.

484 464 586 496 Ὥστε
610 463 750 494 λεκτέον
775 463 854 505 πρὸς
871 459 930 492 τὸν
949 459 1131 503 ἐρωτῶντα
1149 458 1177 489 εἰ
1195 454 1375 504 ἐνδέχεται
1394 457 1487 491 ἄπει-

490 519 533 551 ρα
557 503 733 547 διεξελθεῖν
760 504 780 542 ἦ
807 506 840 537 ἐν
864 502 970 549 χρόνῳ
986 501 1016 538 ’ἦ
1043 500 1074 534 ἑν
1100 502 1214 546 μήκει,
1243 501 1296 534 ὅτι
1322 502 1413 534 ἔστιν
1430 501 1485 541 ὥς,

492 551 565 583 ἔστι
589 546 618 581 δ’
646 551 686 586 ὠς
715 549 763 582 οὔ.
785 548 1002 591 Ἐντελεχείᾳ
1028 545 1086 590 μὲν
1111 545 1175 599 γοὶρ
1202 547 1287 579 ὄντα
1314 546 1373 577 οὐκ
1399 541 1489 578 ἑνδέ-

490 605 611 639 χεται,
637 589 777 638 δυνάμει
801 588 830 623 δ’
860 587 1049 636 ἐνδέχεται·
1079 590 1094 621 0'
1118 602 1184 635 γαρ
1210 591 1353 635 συνεχῶς
1379 589 1487 621 κινού-

491 649 587 681 μενος
618 637 715 669 κατὰ
742 634 949 680 συμβεβηκὸς
984 634 1108 676 ἄπειρα
1132 629 1345 675 διελήλυθεν,
1373 634 1486 671 οἱπλῶς

491 684 519 717 δ’
551 683 606 714 οὗ·
633 680 821 725 συμβέβηκε
853 679 917 724 γσὶρ
949 678 995 719 τῇ
1028 678 1169 723 γραμμῇ
1207 678 1331 721 ἄπειρα
1362 678 1487 721 ἡμίσεα

491 726 589 767 εἶναι,
616 727 636 762 ἡ
662 721 690 756 δ’
721 722 819 756 οὐσία
845 724 935 755 ἐστὶν
963 720 1065 760 ἑτέρα
1089 724 1147 754 καὶ
1173 722 1214 755 τὸ
1238 719 1335 754 εἶναι.

425 771 531 807 Δῆλον
557 767 594 803 δέ
618 770 676 800 καὶ
703 767 755 801 ὅτι
781 768 838 800 ἑοὶν
863 766 910 810 μή
936 777 986 803 τις
1013 766 1094 801 ποιῆ
1120 766 1183 798 τοῦ
1203 765 1323 811 χρόνου
1341 765 1382 798 τὸ
1399 759 1486 796 διαι-

491 816 565 861 ροῦν
591 816 727 857 σημεῖον
752 812 793 844 τὸ
811 810 972 856 πρότερον
997 810 1056 840 καὶ
1078 808 1215 854 ὕστερον
1239 810 1289 842 ἀεὶ
1308 810 1370 842 τοῦ
1389 807 1486 841 ὑστέ-

491 871 546 904 ρου
571 859 619 899 τῷ
646 856 844 902 πράγματι,
872 855 970 887 ἔσται
997 852 1068 897 ἅμα
1094 854 1135 886 τὸ
1161 853 1248 886 αὐτὸ
1277 853 1310 885 ὃν
1342 855 1399 884 καὶ
1427 852 1485 884 οὐκ

491 903 546 943 ὄν,
570 903 628 934 καὶ
654 900 711 932 ὅτε
736 899 913 945 γενόμενον
946 897 1005 929 οὐκ.
1031 897 1078 928 ὄν.
1113 897 1159 929 Τὸ
1183 901 1319 942 σημεῖον
1344 897 1403 940 μὲν
1429 894 1485 928 οὖν

491 948 612 991 ἀμφοῖν
636 943 767 985 κοινόν,
792 945 850 975 καὶ
875 942 937 974 τοῦ
963 940 1128 985 προτέρου
1157 944 1214 974 καὶ
1240 942 1302 975 τοῦ
1329 941 1483 983 ὑστέρου,

488 993 546 1023 καὶ
572 989 702 1022 ταύτόν
726 989 784 1020 καὶ
810 988 843 1019 ἓν
871 985 1007 1031 ἀριθμῷ,
1026 984 1115 1031 λόγῳ
1140 980 1168 1016 δ’
1192 987 1229 1018 οὐ
1256 985 1402 1018 ταύτόν·
1423 986 1485 1017 τοῦ

489 1035 547 1079 μὲν
565 1033 628 1080 γοὶρ
647 1031 805 1070 τελευτή,
825 1031 888 1063 τοῦ
913 1025 941 1060 δ’
965 1028 1067 1073 ἀρχῆ·
1094 1030 1141 1071 τῷ
1167 1024 1204 1062 δέ
1232 1029 1411 1076 πράγματι
1435 1029 1485 1061 ἀεὶ

490 1080 551 1112 τοῦ
578 1075 716 1120 ὑστέρου
742 1075 868 1112 πάθους
893 1072 998 1106 ἐστίν.
1355 1096 1359 1100 .

413 1122 526 1155 Ἔστω
544 1121 659 1167 χρόνος
678 1121 724 1162 ἐφ’
747 1120 770 1162 ᾧ
788 1120 875 1159 ΑΒΓ,
895 1119 1037 1165 πρᾶγμα
1054 1114 1101 1161 ἐφ’
1130 1116 1154 1158 ᾦ
1179 1117 1214 1148 Δ.
1237 1117 1348 1149 Τοῦτο
1370 1117 1402 1148 ἐν
1427 1116 1485 1159 μὲν

489 1168 535 1207 τῷ
554 1169 577 1197 Α
593 1165 697 1210 χρόνῳ
713 1164 843 1204 λευκόν,
867 1164 898 1195 ἐν
915 1159 952 1196 δὲ
969 1161 1016 1201 τῷ
1036 1161 1061 1191 Β
1086 1161 1124 1192 οὐ
1147 1160 1277 1192 λευκόν·
1296 1161 1328 1192 ὲν
1350 1162 1399 1201 τῷ
1419 1160 1485 1203 ἄζα

488 1212 508 1241 Γ
524 1211 641 1241 λευκόν
658 1211 715 1241 καὶ
735 1207 771 1240 οὗ
787 1207 916 1240 λευκόν.
930 1208 987 1239 Ἐν
1006 1205 1132 1246 ὁτῳοῦν
1148 1205 1212 1251 γαρ
1238 1205 1300 1237 τοῦ
1321 1207 1346 1235 Α
1368 1205 1484 1236 λευκὸν

490 1253 608 1291 ἀληθὲς
627 1254 743 1294 εἰπεῖν,
759 1253 787 1284 εὶ
805 1251 923 1285 πάντα
944 1251 1003 1285 τόν
1018 1249 1136 1327 χρόνον
1155 1250 1278 1282 τοῦτον
1297 1246 1336 1284 ἦν
1352 1247 1483 1288 λευκόν,

487 1301 544 1330 καὶ
563 1299 595 1330 ἐν
617 1299 664 1339 τῷ
681 1299 705 1328 Β
730 1297 776 1341 μή
800 1295 932 1328 λευκόν·
959 1295 999 1328 τὸ
1049 1294 1061 1326 ἐ
1086 1295 1107 1324 Γ
1134 1291 1166 1325 ἐν
1194 1291 1325 1336 ἀμφοῖν.

420 1343 487 1374 Οὐκ
515 1342 580 1387 α”ρα
604 1337 723 1374 δοτέον
757 1341 789 1373 ἐν
816 1341 920 1373 παντί
954 1338 1043 1372 ἄλλα
1068 1337 1155 1374 πλήν
1188 1339 1250 1368 τοῦ
1284 1337 1483 1368 τελευταίου

488 1388 542 1418 νῦν
569 1386 616 1430 ἐφ’
645 1385 682 1417 οὗ
708 1385 748 1416 τό
775 1387 808 1416 Γ.
835 1385 945 1416 Τοῦτο
971 1379 998 1415 δ’
1029 1377 1095 1419 ἤδη
1122 1381 1163 1413 τὸ
1191 1379 1347 1423 ὕστερον,
1373 1381 1430 1411 καὶ
1456 1380 1484 1411 εἰ

489 1431 642 1476 ἐγίγνετο
669 1429 705 1461 οὗ
729 1428 863 1468 λευκόν,
881 1430 938 1459 καὶ
964 1428 991 1458 εἰ
1017 1424 1185 1470 ἐφθείρετο
1207 1423 1323 1455 λευκὸν
1341 1422 1373 1455 ἐν
1392 1425 1439 1465 τῷ
1458 1425 1483 1455 Α

490 1476 613 1514 παντί,
640 1472 776 1518 γέγονεν
802 1471 822 1508 ἦ
848 1471 1013 1515 ἔφθαρται
1039 1472 1072 1502 ἐν
1098 1470 1145 1510 τῷ
1170 1469 1204 1500 Γ.
1236 1467 1338 1500 Ὥστε
1364 1467 1481 1507 λευκὸν

489 1517 509 1554 ἦ
534 1518 580 1561 μή
604 1518 722 1548 λευκὸν
748 1517 878 1560 πρῶτον
905 1513 938 1547 ἐν
963 1515 1073 1555 ἐκείνῳ
1098 1511 1217 1549 ἀληθὲς
1235 1513 1358 1552 εἰπεῖν,
1384 1510 1404 1548 ἦ
1424 1511 1481 1544 ὅτε

487 1561 622 1607 γέγονεν
649 1559 707 1592 οὐκ.
733 1561 843 1600 ἔσται,
865 1561 922 1591 καὶ
950 1558 1006 1591 ὅτε
1033 1556 1197 1601 ἔφθαρται
1223 1557 1335 1596 ἔσται,
1362 1554 1383 1592 ἦ
1411 1555 1482 1600 ἅμα

486 1606 602 1637 λευκὸν
626 1606 684 1636 καὶ
710 1604 747 1636 οὗ
771 1603 901 1644 λευκόν,
920 1604 978 1634 καὶ
998 1601 1079 1640 ὅλως
1098 1601 1131 1633 ὂν
1150 1601 1208 1632 καὶ
1225 1599 1271 1642 μή
1295 1599 1329 1632 ’ὃν
1349 1599 1480 1646 ἀνάγκη

488 1647 584 1681 Εἶναι.

421 1695 458 1725 Εἰ
484 1690 511 1725 δ’
535 1694 550 1725 ὂ
568 1692 614 1726 ὀἲν
637 1689 657 1734 ᾗ
676 1691 837 1736 πρότερον
863 1690 909 1734 μή
938 1690 987 1730 ὅν,
1009 1688 1139 1735 ἀνοίγκη
1165 1686 1338 1734 γίγνεσθαι
1358 1687 1406 1728 ὅν,
1424 1689 1482 1719 καὶ

489 1737 545 1770 ὅτε
570 1739 726 1782 γίγνεται
751 1736 798 1780 μή
824 1736 929 1775 ἐστιν,
950 1734 1014 1779 οὐχ
1039 1735 1149 1766 οἷόντε
1167 1733 1211 1769 εἰς
1237 1730 1382 1776 ἀτόμους
1408 1731 1484 1784 χρό-

488 1793 560 1819 νους
586 1777 786 1824 διαιρεῖσθαι
812 1779 871 1812 τὸν
896 1778 1028 1823 χρόνον.
1055 1779 1092 1809 Εἰ
1117 1777 1182 1831 γαρ
1209 1774 1242 1807 ἑν
1265 1777 1312 1817 τῷ
1329 1776 1354 1806 A
1377 1787 1483 1820 χρόνῳ

489 1826 529 1858 τὸ
555 1827 578 1855 Δ
604 1825 756 1870 ἐγίγνετο
781 1822 920 1862 λευκόν,
946 1822 986 1869 γε’
1013 1834 1065 1854 ονε
1092 1817 1120 1853 δ’
1152 1821 1224 1864 ἁμα
1248 1822 1306 1851 καὶ
1333 1820 1423 1852 ἔστιν
1450 1820 1481 1851 ἐν

489 1869 588 1914 ἑτέρῳ
616 1868 731 1912 ἀτόμῳ
757 1867 876 1922 χρόνῳ,
904 1867 1050 1921 ἐχομενῳ
1077 1861 1104 1897 δ’
1127 1863 1158 1896 ἐν
1180 1865 1227 1904 τῷ
1240 1865 1278 1904 Β,
1297 1864 1324 1895 εἰ
1342 1864 1373 1895 ἐν
1392 1865 1439 1904 τῷ
1458 1865 1483 1895 Α

489 1915 655 1960 ἐγίγνετο,
685 1913 742 1943 οὐκ
768 1924 820 1952 ην,
848 1912 881 1943 ἐν
906 1906 943 1942 δε
969 1911 1017 1952 τῷ
1037 1912 1061 1941 Β
1079 1910 1166 1950 ἐστί,
1184 1908 1311 1954 γένεσιν
1329 1902 1381 1938 δεῖ
1398 1905 1482 1939 εἷναί

488 1969 566 1990 τινα
591 1955 735 2002 μεταξύ·
762 1955 850 1988 ὥστε
879 1956 937 1986 καὶ
970 1953 1089 2000 χρόνον
1115 1954 1148 1986 ἐν
1181 1954 1203 1994 ᾧ
1238 1952 1404 1997 ἐγίγνετο.
1437 1952 1483 1983 Οὐ

487 2002 551 2047 γάρ
579 2003 593 2033 ὁ
620 2000 725 2037 αὐτὸς
752 1999 850 2032 ἔσται
873 1998 975 2044 λόγος
999 2001 1144 2035 καὶτοῖς
1163 1997 1208 2041 μή
1235 1995 1350 2038 ἄτομα
1367 1995 1482 2042 λέγου-

488 2057 552 2085 σιν,
581 2043 652 2077 ἀλλ’
683 2040 878 2076 αὐτοῦτοῦ
903 2042 1036 2087 χρόνου,
1066 2043 1097 2073 ὲν
1123 2041 1146 2082 ᾧ
1174 2042 1342 2087 ἐγίγνετο,
1364 2040 1482 2086 γέγονε

487 2091 545 2120 καὶ
572 2089 661 2121 ἔστιν
687 2089 719 2120 ὲν
745 2089 793 2128 τῷ
820 2088 955 2131 ἐσχάτῳ
981 2088 1116 2129 σημείῳ,
1137 2085 1174 2116 οὖ
1201 2080 1296 2117 οὐδὲν
1323 2084 1481 2128 ἐχόμενόν

489 2134 580 2165 ἐστιν
608 2127 678 2164 οὐδ’
703 2130 834 2175 ἑφεξῆς·
862 2133 890 2162 οἱ
915 2126 943 2161 δ’
974 2131 1097 2173 ἄτομοι
1121 2129 1234 2174 χρόνοι
1259 2128 1388 2171 ἑφεξῆς.
1415 2129 1485 2160 Φα-

489 2176 580 2219 νερὸν
613 2171 641 2207 δ’
672 2174 725 2208 ὅτι
749 2176 777 2206 εἰ
802 2174 834 2207 ἐν
860 2176 907 2216 τῷ
933 2176 957 2205 Α
984 2173 1046 2215 ὅλῳ
1078 2175 1183 2219 χρόνῳ
1214 2174 1388 2218 ἐγίγνετο,
1423 2173 1482 2203 οὐκ

490 2221 562 2253 ἐ’στι
581 2221 702 2252 πλείων
727 2218 843 2263 χρόνος
870 2219 903 2251 ἐν
929 2218 951 2259 ᾧ
976 2217 1095 2264 γέγονε
1112 2219 1169 2249 καὶ
1188 2215 1341 2262 ἐγίγνετο
1363 2215 1384 2252 ἧ
1406 2217 1438 2247 ἐν
1458 2216 1480 2257 ᾧ

490 2265 642 2310 ἐγίγνετο
668 2263 767 2307 μόνον
791 2265 908 2295 παντί.
933 2262 987 2300 Οἷς
1005 2262 1063 2306 μὲν
1082 2260 1137 2293 οὖν
1158 2260 1196 2293 ἅν
1216 2273 1265 2298 τις
1284 2261 1326 2298 ὠς
1350 2261 1479 2297 οἰκείοις

490 2307 679 2341 πιστεύσειε
707 2306 832 2353 λόγοις,
861 2306 955 2338 οὗτοι
979 2308 1037 2338 καὶ
1064 2306 1215 2338 τοιοῦτοί
1240 2304 1328 2343 τινές
1353 2305 1435 2336 εἰσι·

484 2462 622 2489 ΞΥΝΟΡςιε
647 2477 681 2481 -
712 2470 735 2488 1.
757 2461 967 2496 Argumentum
996 2465 1023 2487 et
1049 2458 1150 2487 divisio
1176 2465 1268 2486 textus
1290 2475 1309 2480 -
1330 2466 1356 2486 2.
1386 2458 1482 2486 Prima

423 2500 573 2529 dubitatio.
596 2500 658 2527 Sint
679 2501 704 2528 A
726 2506 753 2527 et
774 2501 799 2527 D
821 2500 880 2527 duo
902 2498 1020 2527 mobilia
1040 2508 1131 2535 aeque
1159 2498 1268 2526 velocia
1297 2507 1371 2534 quae
1401 2505 1482 2526 motu

423 2540 559 2569 continuo
582 2546 750 2567 moveantur
764 2548 815 2575 per
828 2539 977 2575 aequalem
1000 2538 1243 2575 magnitudinem:
1268 2543 1295 2565 et
1317 2538 1434 2574 quando
1455 2538 1481 2565 A

422 2580 531 2608 accedit
558 2580 595 2607 ad
621 2585 758 2615 punctum
782 2580 820 2613 B,
852 2577 958 2606 mobile
980 2579 1005 2605 D
1028 2578 1113 2606 simul
1141 2578 1270 2606 discedat
1290 2587 1307 2605 a
1328 2584 1435 2613 puncto
1459 2579 1481 2605 Z

423 2619 536 2647 alterius
558 2618 770 2655 magnitudinis,
793 2625 820 2645 et
834 2618 900 2646 inde
915 2627 1005 2654 aeque
1026 2617 1162 2645 velociter
1175 2617 1301 2645 ferantur
1321 2618 1409 2645 ambo
1430 2626 1482 2653 per

423 2659 545 2695 spatium
568 2658 695 2694 aequale.
725 2658 907 2685 Manifestum
922 2664 964 2685 est
980 2658 1059 2694 quod
1074 2658 1099 2684 D
1115 2656 1193 2693 prius
1214 2655 1360 2693 perveniet
1374 2657 1410 2684 ad
1424 2662 1481 2684 ter-

424 2698 534 2726 minum
550 2697 631 2733 spatii
654 2706 740 2733 quam
755 2698 797 2724 A:
820 2696 887 2733 quia
908 2706 973 2724 cum
996 2696 1086 2733 spatia
1107 2696 1163 2724 sint
1184 2695 1315 2732 aequalia
1336 2702 1363 2723 et
1384 2702 1481 2723 motus

423 2747 513 2774 aeque
535 2738 655 2771 veloces,
671 2737 750 2773 quod
772 2736 850 2773 prius
871 2735 970 2772 incipit
991 2735 1110 2770 moveri,
1126 2735 1205 2772 prius
1226 2735 1370 2771 perveniet
1390 2736 1426 2763 ad
1448 2735 1480 2762 fi-

423 2786 505 2811 nem;
527 2775 604 2812 prius
626 2783 721 2804 autem
743 2776 847 2812 incepit
868 2775 976 2803 moveri
997 2777 1022 2803 D
1045 2784 1132 2812 quam
1154 2775 1193 2809 A,
1216 2784 1282 2802 nam
1305 2776 1329 2802 D
1352 2774 1481 2803 discessit

423 2826 440 2844 a
460 2823 567 2852 puncto
589 2817 628 2849 Ζ,
653 2816 770 2852 quando
792 2816 817 2843 Α
839 2815 1018 2852 pertingebat
1040 2815 1077 2843 ad
1099 2815 1130 2842 B.
1147 2814 1282 2850 Sequitur
1304 2823 1372 2851 ergo
1400 2815 1481 2851 quod

423 2856 448 2883 A
470 2864 529 2883 non
558 2855 641 2882 simul
669 2854 786 2883 accessit
801 2861 828 2882 et
849 2855 964 2882 recessit
985 2864 1002 2882 a
1022 2861 1131 2890 puncto
1147 2855 1182 2889 Β,
1205 2854 1255 2881 5εά
1270 2853 1348 2890 prius
1363 2853 1480 2882 accessit

424 2901 451 2922 et
465 2895 605 2931 posterius
621 2894 742 2922 recessit.
758 2894 937 2930 Relinquitur
952 2903 1020 2931 ergo
1035 2894 1115 2930 quod
1130 2895 1164 2927 A,
1181 2894 1250 2921 dum
1266 2893 1401 2921 continue
1417 2903 1480 2921 mo-

424 2941 512 2966 vetur,
535 2933 654 2969 quiescit
676 2933 705 2961 in
727 2935 765 2967 B;
787 2940 814 2961 et
835 2933 874 2961 ita
895 2940 991 2961 motus
1006 2933 1160 2962 continuus
1182 2933 1235 2960 erit
1255 2933 1432 2969 compositus
1447 2942 1480 2961 ex

424 2973 574 3009 quietibus,
597 2973 668 3001 sicut
689 2974 767 3001 Zeno
785 2974 910 3009 ponebat
931 2973 980 3009 (cf.
996 2973 1043 3001 lib.
1060 2974 1106 3007 VI,
1122 2973 1183 3001 lect.
1199 2974 1256 3007 X1).
1273 2989 1292 2994 -
1309 2973 1335 3000 3.
1357 2972 1478 3001 Solutio.

424 3014 489 3040 Non
512 3019 553 3040 est
577 3013 794 3040 concedendum
816 3012 844 3040 id
866 3013 945 3049 quod
967 3012 1091 3040 obiectio
1113 3012 1263 3048 supponit,
1281 3021 1384 3048 nempe
1400 3013 1479 3049 quod

425 3051 539 3081 mobile,
556 3052 623 3078 dum
646 3051 781 3079 continue
796 3058 935 3086 movetur,
958 3053 1074 3080 accedat
1090 3059 1117 3079 et
1132 3052 1244 3079 recedat
1266 3052 1301 3079 ab
1323 3051 1421 3088 aliquo
1443 3051 1479 3079 si-

424 3100 481 3127 gno
504 3091 600 3118 medio
616 3091 645 3118 in
666 3090 876 3128 magnitudine:
899 3092 955 3119 hoc
970 3091 1045 3119 enim
1068 3098 1110 3119 est
1125 3091 1310 3128 impossibile.
1327 3091 1480 3127 Oporteret

425 3130 500 3158 enim
530 3130 607 3167 quod
637 3130 742 3158 mobile
771 3137 844 3158 esset
872 3130 901 3158 in
924 3130 972 3158 illo
1001 3130 1082 3167 signo
1105 3140 1155 3167 per
1183 3131 1241 3158 duo
1270 3130 1420 3165 instantia,
1442 3130 1480 3158 ita

425 3170 503 3206 quod
526 3170 552 3197 in
575 3177 704 3206 tempore
727 3170 822 3198 medio
851 3169 1023 3207 quiesceret;
1049 3177 1076 3198 et
1097 3171 1137 3198 sic
1159 3176 1255 3198 motus
1277 3176 1350 3198 esset
1371 3176 1398 3198 et
1420 3179 1479 3198 non

425 3215 497 3236 esset
519 3209 680 3237 continuus.
701 3210 787 3244 Quod
802 3219 871 3246 ergo
887 3209 1021 3237 continue
1037 3216 1176 3243 movetur,
1194 3209 1264 3237 nulli
1279 3208 1375 3237 medio
1398 3209 1479 3246 signo

426 3248 506 3275 adest
526 3257 618 3284 neque
639 3249 732 3282 abest,·
753 3249 803 3276 sed
825 3248 988 3285 simpliciter
1009 3256 1051 3277 est
1072 3249 1120 3283 ibi,
1143 3258 1202 3277 non
1220 3248 1336 3285 quidem
1358 3257 1409 3284 per
1429 3248 1480 3276 ali-

427 3288 504 3323 quod
527 3294 647 3323 tempus‚
670 3289 720 3315 sed
735 3288 763 3316 in
778 3287 874 3324 aliquo
893 3298 969 3316 nunc
984 3289 1063 3325 quod
1081 3287 1181 3316 dividit
1201 3294 1324 3323 tempus.
1339 3303 1358 3308 -
1373 3288 1429 3315 Sed
1451 3287 1480 3315 in

427 3333 506 3353 motu
529 3327 632 3354 reflexo
646 3336 760 3355 necesse
779 3334 821 3355 est
844 3329 922 3364 quod
944 3327 1050 3356 mobile
1072 3335 1169 3356 utatur
1190 3334 1297 3363 puncto
1319 3326 1480 3355 reflexionis

426 3371 562 3401 tanquam
585 3366 715 3400 duobus,
738 3375 840 3402 nempe
862 3374 892 3395 ut
914 3367 1054 3403 principio
1072 3374 1099 3395 et
1120 3374 1151 3395 ut
1173 3367 1228 3394 fine
1250 3366 1279 3394 in
1301 3372 1381 3394 actu:
1404 3367 1481 3394 unde

428 3411 540 3440 oportet
562 3406 638 3441 quod
662 3405 698 3432 ibi
714 3405 848 3442 quiescat.
873 3407 931 3434 Nec
952 3406 1027 3434 enim
1051 3413 1144 3442 potest
1157 3406 1212 3434 dici
1234 3406 1312 3442 quod
1328 3405 1412 3433 simul
1433 3415 1480 3433 ac-

428 3443 508 3470 cedat
530 3450 556 3470 et
578 3445 689 3472 recedat
710 3445 745 3472 ab
768 3445 870 3472 eodem
893 3445 984 3481 signo,
1001 3445 1067 3482 quia
1090 3445 1173 3473 simul
1189 3445 1217 3473 in
1239 3445 1342 3473 eodem
1366 3444 1480 3472 instanti

429 3488 500 3508 esset
522 3481 558 3509 ibi
580 3489 606 3510 et
637 3492 695 3511 non
724 3491 812 3515 essen
834 3484 913 3520 quod
937 3491 978 3512 est
1011 3484 1195 3521 impossibile.
1218 3501 1235 3506 —
1258 3485 1356 3520 Neque
1385 3493 1481 3512 rursus

429 3526 521 3556 potest
542 3520 587 3548 hic
608 3521 671 3556 dici,
694 3522 764 3550 sicut
779 3522 924 3550 dicebatur
946 3522 974 3550 in
993 3530 1073 3551 motu
1097 3523 1252 3556 continuo,
1275 3523 1353 3560 quod
1376 3523 1481 3551 mobile

429 3567 522 3595 neque
543 3561 656 3587 accedat
671 3570 763 3597 neque
784 3562 895 3589 recedat
910 3571 925 3590 a
940 3561 1064 3590 termino
1082 3571 1098 3590 a
1120 3572 1179 3599 quo
1195 3561 1292 3598 incipit
1313 3562 1438 3597 reflexio,
1455 3569 1483 3591 et

1035 250 1380 287 PHYSICORUM
1406 249 1755 287 ARISTOTELIS
1784 250 1878 286 LIB.
1907 250 1994 286 VIII

1609 329 1683 358 dem
1707 328 1791 358 enim
1815 327 1911 358 medii
1933 327 2024 366 finis,
2048 327 2175 358 alterius
2198 335 2305 359 autem
2323 328 2515 369 principium
2538 329 2606 368 erit,

1608 372 1633 402 si
1657 382 1722 402 non
1743 381 1845 402 unum
1862 378 2006 402 numeret
2022 372 2227 410 continuum,
2250 372 2304 402 sed
2321 372 2398 403 duas
2414 373 2605 404 medietates.

1608 416 1715 453 Quare
1739 415 1908 446 dicendum
1923 422 1970 446 est
1993 415 2032 445 ad
2046 415 2290 455 interrogantem
2313 415 2339 446 si
2362 416 2516 456 contingit
2537 416 2607 447 infi-

1608 460 1672 490 nita
1696 459 1824 490 transire
1852 466 1907 490 aut
1928 459 1962 489 in
1985 465 2128 500 ternpore
2158 466 2213 490 aut
2235 459 2267 489 in
2291 459 2507 500 longitudine,
2531 460 2607 501 quia

1608 510 1654 534 est
1676 503 1806 544 quidem
1825 503 1878 541 sic,
1899 509 1945 533 est
1967 509 2074 533 autern
2089 513 2155 533 non
2171 503 2231 533 sic:
2257 509 2327 533 actu
2342 502 2428 533 enim
2443 513 2518 534 cum
2533 503 2606 543 sint,

1608 557 1674 577 non
1704 547 1872 586 contingit3
1897 547 2038 587 potentia
2070 553 2177 577 autem
2201 546 2364 586 contingit.
2394 547 2494 584 Quod
2520 547 2606 578 enim
2643 561 2647 564 >

1607 591 1757 621 continue
1773 598 1928 630 movetur,
1946 591 2123 622 secundum
2145 590 2288 621 accidens
2308 589 2430 621 infinita
2449 591 2604 631 transivit,

1607 634 1789 675 simpliciter
1804 641 1910 665 autem
1933 642 2016 665 non:
2041 634 2151 665 accidit
2166 641 2272 665 autem
2287 633 2388 665 lineae
2403 633 2525 666 infinita
2543 644 2607 666 me-

1591 678 1659 708 .dia
1682 685 1766 717 esse;
1790 679 1962 710 substantia
1985 685 2091 709 autem
2114 678 2210 709 altera
2233 685 2279 709 est
2301 684 2333 709 et
2355 688 2432 709 esse.

1540 771 1557 791 *
1570 772 1774 803 Manifestum
1789 779 1897 803 autem
1913 779 1943 804 et
1958 773 2032 813 quia
2048 773 2108 803 nisi
2124 772 2236 813 aliquis
2258 772 2350 804 faciat
2364 772 2516 813 temporis
2531 768 2607 803 di‘v'i-

1606 816 1683 846 dens
1706 816 1833 855 signum
1856 816 1943 856 prius
1966 823 1997 848 et
2019 817 2186 857 posterius,
2202 824 2326 857 semper
2348 815 2530 857 posterioris
2545 815 2605 855 rei,

1607 859 1665 890 erit
1688 859 1783 890 simul
1805 859 1891 890 idem
1914 870 1968 895 ens
1993 867 2023 892 et
2046 871 2112 891 non
2136 870 2210 899 em,
2234 867 2264 891 et
2295 860 2424 902 quando
2452 860 2513 891 fuit
2539 870 2606 891 non

1607 910 1662 934 est.
1697 903 1830 944 Signum
1858 903 1989 944 quidem
2018 904 2113 944 igitur
2139 905 2269 945 ⁴utrique
2297 914 2470 935 commune
2493 910 2550 942 est,
2575 911 2606 936 et

1607 947 1703 988 priori
1728 954 1758 978 et
1780 947 1958 988 posteriori,
1982 955 2013 979 et
2031 958 2134 979 unum
2157 955 2188 979 et
2210 948 2295 978 idem
2311 955 2464 979 numero:
2483 947 2604 979 ratione

1607 998 1715 1022 autem
1738 1001 1804 1022 non
1827 991 1912 1022 idem
1936 999 1989 1023 est.
2008 992 2113 1022 Huius
2131 991 2263 1032 quidem
2286 991 2371 1022 enim
2394 991 2465 1022 finis
2482 998 2543 1030 est,
2566 991 2604 1022 il-

1606 1035 1667 1065 lius
1691 1041 1798 1066 autern
1820 1035 2029 1076 principium:
2061 1035 2106 1066 rei
2135 1042 2243 1066 autem
2270 1045 2394 1075 semper
2423 1034 2604 1075 posterioris

1606 1079 1760 1119 passionis
1785 1086 1839 1110 est,

1540 1122 1586 1153 Sit
1608 1129 1734 1162 tempus
1756 1122 1790 1153 in
1813 1133 1879 1163 quo
1903 1129 1950 1153 est
1971 1122 2067 1160 ACB,
2082 1132 2130 1152 res
2146 1122 2177 1152 in
2197 1131 2263 1162 quo
2287 1122 2334 1152 D:
2354 1121 2416 1152 hoc
2434 1121 2468 1152 in
2490 1124 2520 1152 Α
2533 1122 2604 1163 qui-

1606 1166 1679 1196 dem
1698 1173 1841 1206 tempore
1858 1166 1976 1204 album,
1992 1165 2024 1196 in
2043 1167 2069 1196 B
2088 1172 2194 1196 autem
2211 1175 2277 1196 non
2293 1166 2418 1196 album:
2438 1165 2472 1196 in
2486 1165 2513 1197 C
2529 1176 2604 1207 ergo

1602 1209 1710 1240 album
1729 1216 1759 1240 et
1781 1219 1847 1240 non
1870 1210 1989 1240 album.
2005 1210 2040 1239 In
2063 1209 2206 1250 quolibet
2221 1209 2307 1240 enim
2324 1209 2423 1250 ipsius
2441 1211 2472 1240 A
2492 1220 2606 1242 verum

1606 1260 1652 1284 est
1675 1253 1776 1283 dicere
1799 1253 1923 1291 album,
1948 1253 1973 1284 si
1997 1253 2086 1283 omni
2109 1260 2252 1293 ternpore
2275 1253 2337 1284 hoc
2351 1260 2416 1284 erat
2438 1253 2558 1292 album,
2574 1260 2605 1286 et

1604 1296 1637 1327 in
1660 1297 1686 1327 B
1709 1306 1775 1327 non
1798 1297 1923 1327 album:
1948 1297 1976 1328 C
1999 1304 2106 1328 autem
2129 1297 2161 1327 in
2185 1297 2335 1338 utrisque.

1538 1340 1612 1371 Non
1636 1350 1710 1380 ergo
1734 1341 1876 1371 dandum
1895 1347 1942 1371 est
1955 1341 1989 1371 in
2008 1341 2114 1380 omni;
2134 1341 2188 1371 sed
2204 1347 2325 1381 praeter
2340 1340 2492 1372 ultimum
2506 1351 2603 1380 nunc,

1604 1384 1637 1414 in
1661 1395 1726 1425 quo
1751 1391 1797 1415 est
1819 1385 1856 1416 C.
1881 1385 1954 1415 Hoc
1977 1391 2084 1416 autem
2101 1384 2165 1415 iam
2185 1391 2400 1425 postremum:
2417 1391 2448 1416 et
2470 1385 2496 1416 si
2510 1385 2605 1417 fiebat

1605 1428 1724 1467 album,
1749 1435 1780 1459 et
1802 1428 1828 1459 si
1847 1429 2108 1471 corrumpebatur
2130 1429 2239 1459 album
2261 1429 2294 1459 in
2313 1431 2343 1460 A
2362 1429 2467 1468 omni,
2483 1429 2603 1461 factum

1605 1479 1652 1503 est
1667 1479 1698 1503 et
1721 1479 1908 1513 corruptum
1922 1479 1968 1503 est
1982 1472 2015 1503 in
2032 1472 2070 1504 C.
2090 1473 2195 1510 Quare
2211 1473 2320 1503 album
2335 1479 2476 1504 autnon
2493 1473 2604 1505 album

2632 759 2724 799 ἆται.
2738 765 2781 805 ⁶9.'

1603 1516 1744 1556 primum
1766 1516 1800 1546 in
1822 1516 1877 1547 illo
1900 1526 2012 1547 verum
2033 1523 2079 1548 est
2102 1516 2218 1548 dicere:
2241 1512 2295 1547 aut
2317 1527 2391 1547 cum
2407 1523 2453 1548 est
2472 1515 2602 1558 factum,
2637 1553 2644 1559 ⁶

1604 1570 1669 1590 non
1694 1559 1767 1598 erit;
1791 1567 1821 1591 et
1844 1570 1918 1591 cum
1933 1567 2119 1601 corruptum
2142 1567 2198 1599 est,
2218 1561 2292 1599 erit;
2307 1567 2362 1592 aut
2385 1561 2480 1592 simul
2493 1561 2603 1592 album

1604 1611 1635 1635 et
1658 1614 1724 1635 non
1747 1604 1867 1643 album,
1884 1611 1915 1635 et
1938 1605 2071 1635 omnino
2089 1615 2155 1636 esse
2172 1611 2202 1636 et
2215 1614 2282 1635 non
2301 1614 2367 1635 esse
2383 1614 2525 1636 necessse
2544 1612 2601 1637 est.

1537 1692 1570 1723 Si
1589 1699 1696 1723 autem
1712 1692 1940 1733 quodcumque
1957 1691 2051 1723 fuerit
2066 1692 2152 1733 prius
2168 1702 2234 1723 non
2251 1702 2317 1730 ens,
2333 1702 2459 1724 necesse
2473 1699 2520 1724 est
2534 1691 2602 1724 fleri

1604 1743 1674 1774 ens;
1699 1743 1728 1766 et
1751 1746 1826 1767 cum
1848 1735 1900 1774 fit,
1924 1746 1989 1767 non
2015 1743 2073 1767 est:
2105 1746 2172 1767 non
2190 1736 2340 1776 possibile
2364 1743 2411 1768 est
2432 1737 2466 1767 in
2495 1743 2602 1768 atoma

1603 1787 1748 1820 tempora
1771 1779 1867 1810 dividi
1882 1786 2019 1820 tempus.
2040 1780 2072 1811 Si
2097 1780 2182 1811 enirn
2200 1780 2233 1811 in
2256 1782 2286 1811 A
2301 1787 2444 1821 tempore
2459 1780 2488 1812 D
2507 1780 2602 1812 fiebat

1604 1824 1730 1862 album;
1754 1823 1873 1854 factum
1897 1831 1943 1854 est
1966 1831 2073 1854 autem
2096 1824 2191 1855 simul
2214 1831 2245 1855 et
2267 1831 2314 1854 est
2335 1824 2370 1854 in
2399 1825 2497 1856 altero
2519 1824 2601 1856 indi-

1602 1867 1700 1898 viduo
1724 1874 1877 1908 tempore,
1894 1867 2001 1899 habito
2018 1874 2136 1906 autem,
2155 1867 2188 1898 in
2202 1868 2243 1898 B:
2268 1867 2293 1898 si
2316 1867 2349 1898 in
2367 1869 2397 1898 Α
2410 1867 2514 1907 fiebat,
2533 1878 2600 1899 non

1604 1918 1683 1950 erat,
1706 1911 1739 1941 in
1761 1911 1787 1942 B
1810 1918 1917 1942 autem
1934 1919 1996 1950 est,
2020 1911 2254 1952 generationem
2271 1918 2397 1952 oportet
2415 1922 2481 1943 esse
2497 1922 2599 1953 quan-

1603 1956 1678 1985 dam
1694 1955 1850 1986 mediam:
1867 1965 1964 1996 quare
1980 1962 2010 1986 et
2025 1962 2151 1995 tempus
2169 1963 2233 1986 erat
2254 1955 2287 1986 in
2311 1966 2378 1996 quo
2396 1955 2499 1987 fiebat.
2523 1956 2598 1987 Non

1604 1999 1688 2029 enim
1712 1999 1823 2029 eadem
1846 2006 1909 2030 erat
1932 1999 2010 2030 ratio
2031 2006 2060 2030 et
2083 1999 2115 2029 in
2139 2009 2206 2030 non
2233 2006 2341 2030 atoma
2374 1999 2598 2034 dividentibus:

1603 2044 1657 2073 sed
1679 2043 1778 2083 ipsius
1802 2043 1952 2083 temporis
1975 2043 2008 2073 in
2032 2053 2098 2083 quo
2122 2042 2225 2080 fiebat,
2242 2043 2361 2074 factum
2381 2049 2428 2074 est
2451 2050 2482 2074 et
2505 2050 2551 2075 est
2565 2043 2600 2074 in

1603 2087 1716 2117 ultimo
1736 2086 1837 2125 signo,
1856 2086 1944 2117 cuius
1960 2087 2038 2117 nihil
2053 2094 2099 2117 est
2115 2086 2259 2117 habitum
2282 2097 2384 2128 neque
2404 2096 2599 2128 consequen·

1602 2137 1663 2167 ter;
1687 2131 1741 2160 sed
1763 2130 1964 2161 indivisibilia
1980 2137 2125 2171 tempora
2148 2138 2376 2171 consequenter
2391 2137 2475 2162 sunt.
2499 2130 2599 2168 Mani-

1603 2174 1719 2204 festum
1742 2181 1849 2204 autern
1868 2181 1913 2204 est
1936 2174 2011 2215 quia
2026 2175 2050 2205 si
2066 2175 2100 2205 in
2112 2177 2140 2205 A
2155 2181 2224 2205 toto
2243 2181 2386 2215 tempore
2409 2174 2512 2214 fiebat,
2531 2174 2599 2206 non

1603 2225 1648 2248 est
1670 2218 1742 2258 plus
1765 2225 1891 2258 tempus
1914 2218 1946 2248 in
1971 2229 2037 2259 quo
2061 2219 2180 2249 factum
2204 2225 2250 2249 est
2269 2225 2299 2249 et
2321 2218 2430 2257 fiebam>
2444 2229 2543 2259 quam
2563 2218 2598 2250 in

1602 2272 1668 2302 quo
1692 2261 1786 2292 fiebat
1808 2262 1914 2292 solum
1937 2263 2036 2293 omni.
2052 2262 2069 2281 *
2085 2262 2210 2300 Quibus
2225 2262 2356 2303 quidem
2372 2262 2468 2303 igitur
2485 2262 2598 2304 aliquis

1602 2312 1754 2346 tanquam
1776 2306 1911 2346 propriis
1936 2307 2039 2337 credet
2060 2306 2253 2345 rationibus,
2277 2306 2336 2337 hae
2359 2313 2390 2338 et
2411 2306 2598 2338 huiusmodi

1602 2349 1759 2390 quaedam
1782 2356 1865 2381 sunt.

1537 2458 1616 2494 quod
1637 2467 1698 2486 non
1713 2457 1748 2486 sit
1762 2457 1801 2486 ibi
1815 2457 1870 2486 nisi
1891 2457 1921 2486 in
1935 2458 2033 2495 aliquo
2053 2467 2131 2486 nunc
2145 2458 2298 2495 temporis-‚3
2313 2457 2381 2495 quia
2401 2458 2474 2487 sicut
2486 2458 2596 2488 dictum

1535 2504 1592 2533 est,
1620 2497 1649 2525 id
1670 2507 1687 2525 a
1708 2507 1767 2534 quo
1790 2497 1888 2534 incipit
1909 2498 2034 2533 reflexio,
2057 2505 2172 2534 oportet
2197 2499 2276 2535 quod
2297 2498 2333 2526 sit
2353 2498 2383 2526 in
2404 2505 2470 2527 actu
2490 2504 2518 2526 et
2531 2498 2597 2527 finis

1535 2537 1645 2573 primae
1661 2537 1749 2573 partis
1763 2543 1875 2572 motus,
1891 2544 1919 2565 et
1938 2537 2111 2574 principium
2126 2544 2224 2566 motus
2240 2537 2372 2566 reflexivi.
2383 2554 2404 2559 —
2416 2547 2445 2573 4.
2459 2537 2525 2566 Alia
2542 2538 2598 2570 du-

1535 2576 1644 2612 bitatio,
1659 2586 1710 2605 seu
1730 2576 1858 2605 Zenonis
1877 2577 2010 2606 obiectio.
2026 2578 2114 2612 Quod
2135 2583 2268 2605 movetur
2288 2583 2403 2614 oportet
2417 2578 2497 2614 quod
2517 2575 2596 2614 prius

1534 2622 1711 2652 pertranseat
1732 2616 1869 2651 medium,
1885 2626 1973 2653 quam
1994 2617 2142 2653 perveniat
2155 2618 2193 2645 a'd
2214 2617 2316 2645 finem:
2339 2617 2391 2645 sed
2404 2626 2471 2645 cum
2486 2616 2597 2654 magni-

1534 2656 1605 2684 tudo
1620 2655 1656 2684 sit
1670 2655 1816 2684 divisibilis
1831 2656 1860 2684 in
1876 2656 2029 2691 infinitum,
2040 2655 2114 2684 inter
2130 2657 2273 2694 quoslibet
2287 2657 2361 2685 duos
2375 2656 2514 2685 terminos
2529 2662 2597 2686 sunt

1534 2694 1646 2723 infinita
1666 2695 1775 2730 media;
1797 2695 1909 2724 infinita
1938 2702 2033 2731 autem
2061 2705 2122 2724 non
2150 2695 2290 2733 contingit
2317 2695 2504 2733 pertransire:
2527 2705 2596 2734 ergo

1534 2734 1605 2762 nihil
1619 2741 1714 2771 potest
1728 2744 1779 2771 per
1793 2745 1877 2763 suurn
1899 2742 2012 2764 motum
2030 2736 2067 2764 ad
2081 2735 2207 2773 aliquem
2229 2735 2384 2764 terminum
2405 2735 2562 2773 pervenire.
2575 2751 2595 2766 ι-

1534 2775 1644 2802 Eadem
1666 2774 1806 2803 dubitatio
1834 2776 1887 2803 sub
1915 2774 1972 2803 alia
1999 2775 2093 2803 forma
2118 2775 2276 2812 proposita.
2298 2792 2317 2797 -
2340 2775 2365 2803 5.
2387 2775 2500 2804 Solutio
2521 2783 2596 2812 quae

1534 2813 1621 2842 etiam
1643 2813 1672 2841 in
1694 2821 1773 2842 sexto
1795 2814 1878 2850 (lect.
1900 2822 1939 2850 lv,
1961 2824 1989 2843 n.
2011 2817 2050 2850 4)
2073 2815 2139 2843 data
2159 2821 2210 2843 est.
2233 2815 2344 2843 Eodem
2370 2815 2461 2844 modo
2481 2821 2596 2852 tempus

1534 2854 1620 2881 habet
1640 2853 1670 2881 in
1685 2854 1779 2890 seipso
1794 2854 1913 2889 infinita,
1936 2853 2008 2883 sicut
2022 2861 2050 2882 et
2063 2854 2250 2891 magnitudo;
2272 2863 2341 2891 ergo
2355 2863 2416 2883 non
2437 2860 2479 2882 est
2493 2853 2595 2883 incon-

1532 2893 1650 2921 veniens
1665 2893 1688 2921 si
1703 2893 1814 2922 infinita
1834 2903 1908 2930 quae
1930 2900 1996 2922 sunt
2011 2893 2042 2922 in
2056 2893 2262 2931 magnitudine,
2282 2900 2408 2922 nauseat
2422 2893 2486 2931 quis
2496 2893 2536 2922 in
2549 2893 2594 2922 in-

1534 2932 1619 2961 finitis
1641 2942 1716 2969 quae
1737 2940 1803 2961 sunt
1824 2933 1854 2961 in
1881 2940 2020 2969 tempore.
2042 2941 2062 2956 -z
2083 2934 2111 2961 6.
2134 2934 2192 2962 Sed
2219 2933 2291 2962 haec
2317 2933 2440 2968 solutio,
2482 2932 2595 2962 uamvis

1533 2970 1679 3000 sufficiens
1700 2972 1736 3001 sit
1756 2973 1793 3001 ad
1814 2973 1991 3001 obviandum
2013 2972 2212 3010 interroganti,
2232 2981 2293 3001 non
2313 2979 2411 3001 tamen
2431 2981 2465 3000 su
2500 2972 2536 3001 cit
2557 2972 2595 3001 ad

1533 3011 1573 3043 rei
1588 3011 1744 3040 veritatem.
1769 3012 1799 3040 Si
1819 3011 1896 3040 enim
1911 3013 1975 3049 quis
1995 3021 2056 3041 non
2070 3012 2194 3048 amplius
2213 3018 2331 3049 quaerat
2350 3021 2388 3040 an
2408 3018 2540 3049 tempore
2557 3011 2593 3040 fi-

1533 3051 1594 3079 nito
1616 3051 1763 3088 contingat
1782 3050 1902 3080 transire
1924 3058 1952 3080 et
1965 3061 2116 3080 numerare
2133 3051 2258 3087 infinita,
2279 3052 2330 3080 sed
2345 3058 2464 3088 quaerat
2477 3060 2514 3080 an
2529 3051 2593 3080 infi-

1533 3090 1592 3119 nita
1606 3099 1680 3127 quae
1695 3097 1761 3118 sunt
1774 3090 1804 3119 in
1825 3097 1955 3127 tempore
1970 3090 2081 3128 possint
2101 3090 2275 3128 pertransiri,
2291 3097 2359 3119 tunc
2373 3097 2488 3127 oportet
2508 3090 2594 3120 aliam

1533 3130 1751 3166 responsionem
1767 3131 1843 3158 dare.
1859 3145 1878 3151 —
1894 3139 1922 3167 7.
1940 3131 1986 3158 Ad
2000 3139 2098 3158 veram
2113 3139 2181 3168 ergo
2195 3130 2369 3158 solutionem
2384 3130 2495 3166 dieitur,
2513 3130 2594 3168 quod

1533 3169 1562 3197 in
1585 3169 1733 3204 continuo,
1756 3170 1824 3197 dum
1841 3176 1937 3198 manet
1958 3169 2137 3205 continuum,
2152 3176 2219 3198 sunt
2239 3169 2351 3198 infinita
2372 3169 2468 3198 media
2488 3169 2594 3198 nonin

1534 3215 1607 3244 actu,
1630 3209 1680 3237 sed
1702 3209 1731 3237 in
1752 3208 1895 3246 potentia3
1911 3209 1979 3246 quia
1999 3218 2060 3248 non
2081 3209 2112 3237 fit
2134 3209 2261 3238 medium
2276 3209 2306 3237 in
2325 3215 2390 3238 actu
2411 3209 2466 3238 nisi
2486 3218 2538 3247 per
2550 3209 2594 3238 di-

1533 3248 1684 3284 visionem,
1707 3257 1781 3286 quae
1802 3258 1892 3276 unum
1914 3248 2027 3286 signum
2044 3249 2073 3277 in
2095 3257 2154 3286 quo
2171 3248 2306 3277 dividitur
2326 3249 2506 3284 continuum,
2528 3248 2594 3277 facit

1535 3297 1595 3316 esse
1617 3294 1645 3316 et
1665 3287 1836 3324 principium
1854 3288 1939 3316 unius
1960 3288 2048 3325 partis
2068 3294 2096 3316 et
2116 3289 2203 3317 finem
2218 3288 2352 3324 alteriu53
2373 3288 2476 3317 divisio
2496 3294 2593 3317 autem

1534 3327 1618 3355 solvit
1638 3327 1865 3356 continuitatem.
1888 3329 2088 3364 Respondemr
2108 3337 2177 3365 ergo
2195 3329 2232 3356 ad
2252 3327 2522 3365 interrogationem:
2550 3327 2592 3356 in-

1535 3366 1614 3395 finita
1628 3367 1799 3403 pertransire
1820 3376 1880 3396 non
1901 3366 2056 3404 contingit,
2079 3377 2144 3396 cum
2166 3373 2233 3396 sunt
2254 3367 2364 3396 infinita
2377 3367 2407 3396 in
2427 3374 2508 3403 actu3
2523 3376 2593 3396 con-

1534 3405 1615 3443 tingit
1636 3413 1732 3434 autem
1754 3415 1819 3434 cum
1842 3413 1908 3435 sunt
1938 3406 2048 3435 infinita
2068 3406 2098 3435 in
2118 3407 2255 3444 potentia.
2287 3407 2375 3442 Quod
2399 3413 2496 3436 autem
2523 3415 2593 3435 con-

1534 3445 1613 3473 tinue
1638 3452 1787 3480 movetur,
1818 3445 1930 3474 infinita
1954 3446 1983 3474 in
2005 3445 2134 3482 potentia
2160 3445 2340 3483 pertransivit
2366 3455 2418 3483 per
2445 3445 2594 3480 accidens,

1535 3494 1595 3512 non
1611 3491 1706 3513 autem
1722 3494 1772 3521 per
1786 3494 1831 3513 se:
1846 3494 1898 3522 per
1911 3494 1941 3513 se
1956 3485 2032 3514 enim
2046 3485 2175 3514 transivit
2189 3485 2292 3514 lineam
2313 3485 2432 3514 finitam.
2447 3501 2466 3507 -
2480 3485 2507 3513 8.
2522 3485 2592 3512 Ter-

1535 3524 1574 3551 tia
1588 3523 1738 3558 dubitatio,
1750 3533 1823 3561 quae
1838 3524 1911 3552 solet
1921 3524 1982 3552 fieri
1997 3524 2025 3552 in
2039 3524 2271 3562 generationibus
2285 3531 2312 3553 et
2326 3523 2593 3561 corruptionibus.-

1537 3563 1624 3597 Quod
1654 3569 1819 3599 generatur,
1850 3562 1880 3591 in
1900 3568 1963 3592 toto
1993 3570 2123 3600 tempore
2152 3564 2203 3592 AB
2224 3570 2267 3592 est
2296 3572 2358 3592 non
2388 3572 2448 3599 ens,
2473 3562 2503 3591 in
2529 3568 2592 3591 toto

2623 2272 2634 2283 ¹
2647 2271 2716 2295 Tm.
2729 2277 2769 2301 7⁰·
