2982 4022
1 3213 21 3234 ἴῐ»
64 3212 76 3224 ⁴⁵
102 3211 275 3234 universalibus

7 3247 15 3274 ’Ἰ
65 3238 135 3260 codd.

64 3373 76 3385 ⁸
119 3379 202 3395 aarum
227 3379 276 3395 om.

22 3399 24 3403 '
65 3405 93 3421 co
111 3399 134 3421 d.
149 3405 199 3421 exc.
212 3405 249 3421 tc.

1172 216 1282 252 CAP.
1313 216 1362 262 11,
1393 215 1542 250 LECT.
1574 206 1619 250 11'
2459 227 2482 262 7

1036 415 1334 472 LECTIO
1372 416 1754 473 SECUNDA

481 577 773 615 ANTIQUORUM
804 575 1174 606 PHILOSOPHORUM
1205 574 1432 605 OPINIONES
1461 575 1518 604 DE
1550 574 1768 605 PRINCIPIIS
1798 574 2005 604 NATURAE
2038 574 2095 604 ET
2126 574 2304 605 ENTIUM.

517 637 797 678 QUORUMDAM
815 635 1042 667 OPINIONES
1062 635 1308 673 IMPROBARE
1326 635 1418 666 NON
1437 635 1652 666 PERTINET
1671 636 1729 666 AD
1749 635 1981 666 SCIENTIAM
2000 636 2270 666 NATURALEM

301 785 448 830 Ἀνάγκη
468 779 497 815 δ’
519 782 599 819 ἤτοι
623 785 703 826 μίαν
728 779 813 814 εἶναι
838 782 903 818 τήν
931 781 1036 827 ἀρχὴν
1062 780 1082 819 ἦ
1101 777 1246 819 πλείους·
1264 783 1323 814 καὶ
1339 782 1368 812 εἰ

370 830 470 872 μίαν,
503 827 582 864 ἤτοι
614 828 794 868 ἀκίνητον,
827 825 935 870 ὥσπερ
966 829 1043 868 φησὶ
1075 823 1280 870 Παρμενίδης
1309 828 1366 857 καὶ

369 872 555 912 Μέλισσος,
588 869 608 906 ἦ
633 869 850 914 κινουμένην,
882 869 991 913 ὥσπερ
1019 873 1047 902 οἱ
1072 872 1221 913 φυσικοί,
1255 873 1282 902 οἱ
1307 869 1366 914 μὲν

372 915 455 958 ἀέρα
479 914 666 970 φάσκοντες
691 911 795 955 εἶναι,
822 916 851 946 οἱ
876 909 914 945 δὲ
940 910 1038 958 ὕδωρ,
1067 914 1131 950 τήν
1151 914 1286 959 πρώτην
1313 913 1369 958 ἀρ·-

369 960 449 1004 χήν·
469 971 496 990 ει
517 956 554 990 δὲ
571 960 719 999 πλείους,
746 957 766 995 ἦ
792 958 1050 1002 πεπερασμένας
1076 957 1097 995 ἦ
1125 956 1291 1012 ἀπείρους·
1309 959 1366 989 καὶ

370 1006 397 1035 εἱ
423 1002 699 1047 πεπερασμένας,
727 1004 860 1039 πλείους
891 997 928 1033 δὲ
953 1003 1030 1045 μιᾶς
1056 1001 1076 1039 ἦ
1102 998 1162 1034 δύο
1188 1004 1208 1039 ἦ
1235 1006 1320 1047 τρεῖς
1346 1000 1367 1038 ἦ

370 1047 544 1092 τέτταρας
572 1045 592 1083 ἦ
620 1046 720 1078 ἄλλον
746 1046 826 1079 τινά
851 1044 1000 1090 ἀριθμόν·
1026 1047 1084 1078 καὶ
1108 1047 1137 1077 εἰ
1159 1046 1326 1090 ἀπείρους,
1346 1044 1366 1082 ἦ

372 1091 478 1128 οὕτως
502 1090 609 1135 ὥσπερ
635 1089 862 1135 Δημόκριτος,
890 1090 931 1121 τὸ
956 1089 1050 1135 γένος
1078 1089 1123 1132 ἕν,
1150 1090 1306 1135 σχήματι
1330 1086 1368 1122 δὲ

370 1135 391 1172 ἦ
416 1132 496 1167 εἴδει
516 1130 754 1179 διαφερούσας,
780 1133 801 1171 ἦ
825 1137 882 1166 καὶ
909 1136 1079 1172 ἐναντίας.

301 1181 440 1224 Ὁμοίως
463 1174 500 1210 δέ
533 1179 673 1220 ζητοῦσι
697 1181 754 1210 καὶ
786 1180 814 1210 οἱ
847 1178 895 1211 τά
927 1178 1012 1210 ὄντα
1042 1179 1227 1221 ζητοῦντες
1259 1177 1363 1210 πόσα·

371 1223 405 1264 ἐξ
429 1222 472 1254 ὦν
497 1223 561 1268 γάρ
586 1222 634 1254 τά
667 1222 751 1255 ὄντα
780 1223 853 1255 ἐστὶ
883 1223 1023 1265 ζητοῦσι
1056 1224 1211 1267 πρῶτον,
1248 1223 1366 1254 ταῦτα

370 1266 512 1311 πότερον
540 1268 572 1298 ἓν
598 1265 620 1303 ἢ
645 1266 770 1299 πολλά·
796 1268 854 1298 καὶ
880 1268 908 1298 εἰ
933 1266 1059 1308 πολλά,
1079 1268 1106 1298 εἱ
1124 1265 1364 1311 πεπερασμένα

370 1311 392 1348 ἦ
419 1311 554 1355 ἄπειρα.
584 1310 687 1342 ’Ὥστε
717 1311 782 1347 τήν
815 1311 922 1355 ἀρχήν
954 1313 1012 1342 καὶ
1045 1310 1086 1343 τὸ
1115 1314 1285 1355 στοιχεῖον
1310 1310 1368 1352 ζη-

370 1356 480 1396 τοῦσι,
508 1354 652 1397 πότερον
678 1355 711 1386 ἓν
736 1354 757 1392 ἦ
784 1355 909 1388 πολλά.

304 1400 349 1433 Τὸ
374 1399 434 1442 μὲν
461 1396 516 1430 οὖν
541 1399 570 1430 εἰ.
595 1400 628 1430 ἓν
653 1400 710 1430 καὶ
745 1399 903 1435 ἀκίνητον
933 1397 975 1430 τὸ
1001 1397 1036 1430 ὂν
1065 1402 1203 1430 σκοπεῖν
1230 1398 1267 1429 οὐ
1294 1400 1365 1442 περὶ

370 1442 495 1487 φύσεώς
519 1443 593 1474 ἐστι
618 1447 767 1474 σκοπεῖν.
798 1442 922 1486 ’Ὠσπερ
948 1441 1012 1487 γάρ
1036 1445 1093 1474 καὶ
1120 1443 1167 1483 τῷ
1190 1441 1365 1488 γεωμέτρῃ

371 1486 486 1519 οὐκέτι
513 1486 614 1531 λόγος
642 1487 716 1518 ἐστὶ
749 1487 828 1529 πρὸς
855 1488 915 1520 τάν
946 1485 1116 1521 οένελόντα
1149 1486 1211 1523 τοὶς
1238 1486 1364 1541 ἀρχάς,

372 1532 441 1564 ἀλλ’
461 1531 540 1567 ἤτοι
565 1530 683 1574 ἑτέρας
709 1530 900 1574 ἐπιστήμης
926 1531 946 1567 ἦ
973 1531 1088 1562 πασῶν
1112 1531 1239 1571 κοινῆς,
1261 1532 1366 1567 οὑτως

370 1570 449 1607 οὐδὲ
475 1575 522 1615 τῷ
549 1576 621 1618 περὶ
648 1573 771 1619 ἀρχῶν·
798 1575 836 1606 οὐ
860 1575 924 1620 γάρ
951 1576 1002 1607 ἔτι
1029 1574 1118 1620 ἀρχή
1144 1575 1248 1612 ἐστιν,
1276 1575 1303 1604 εἰ
1331 1575 1364 1606 ἓν

369 1617 469 1663 μόνον
502 1619 560 1649 καὶ
593 1617 698 1654 οὕτως
730 1617 762 1649 ἕν
793 1619 897 1651 ἐστιν.
933 1620 974 1650 “Η
1007 1617 1071 1663 γάρ
1107 1618 1194 1663 ἀρχή
1227 1618 1318 1655 τινός
1344 1617 1365 1654 ἦ

370 1663 482 1695 τινῶν.

492 1704 499 1715 l
559 1705 566 1715 l
697 1708 712 1717 Q
770 1705 777 1716 D
828 1704 842 1716 OE'
930 1706 943 1717 n
1108 1705 1115 1715 ἱ
1161 1706 1174 1716 Π
1304 1704 1311 1714 1

296 1707 431 1750 Ὅμοιον
457 1702 499 1741 δη
526 1717 567 1737 το
592 1716 727 1736 σκοπειν
753 1718 781 1736 ει
805 1716 910 1744 ουτως
930 1718 961 1737 εν
978 1708 1035 1738 καὶ
1054 1718 1134 1750 προς
1154 1706 1257 1742 αλλην
1275 1703 1363 1736 θεσιν

370 1750 551 1783 ὁποιανοῦν
576 1745 793 1794 διαλέγεσθαι
819 1750 885 1782 τῶν
909 1749 1012 1796 λόγου
1039 1749 1136 1782 ἕνεκα
1159 1748 1362 1795 λεγομένων,

371 1795 438 1826 οἷον
465 1793 527 1830 τήν
543 1794 806 1836 “Ηρακλείτειον·
829 1792 850 1830 ἦ
868 1796 898 1825 εἴ
922 1806 972 1832 τις
997 1796 1078 1837 φαίη
1107 1792 1279 1838 ἄνθρωπον
1306 1793 1364 1825 ἐ’να

369 1838 411 1871 τὸ
438 1836 471 1870 ὃν
497 1834 595 1869 εἶναι·

303 1882 324 1920 ἦ
348 1882 438 1914 λυέιν
461 1880 564 1927 λόγον
596 1880 781 1924 ἐριστικόν,
809 1880 889 1924 ὅπερ
923 1881 1106 1926 ἀμφότεροι
1138 1882 1198 1925 μὲν
1229 1881 1361 1926 ἔχουσιν

305 1934 308 1937 ’
369 1929 399 1958 οἱ
422 1925 532 1971 λόγοι,
558 1927 616 1958 καὶ
643 1926 658 1956 ὁ
682 1924 849 1957 Μελίσσου
868 1927 925 1957 καὶ
945 1927 960 1958 ὁ
977 1921 1194 1970 Παρμενίδου·
1220 1929 1277 1957 καὶ
1297 1925 1362 1972 γάρ

368 1966 472 2014 ψευδῆ
493 1969 705 2014 λαμβάνουσι
729 1971 786 2001 καὶ
812 1968 1053 2016 άσυλλόγιστοί
1078 1971 1153 2002 εἰσι·
1175 1970 1304 2013 μᾶλλον
1324 1965 1362 2002 δέ

371 2016 386 2046 ὁ
410 2015 577 2046 Μελίσσου
606 2013 759 2059 φορτικὸς
783 2015 847 2058 ,καὶ
881 2014 940 2045 οὐκ
973 2014 1057 2059 ἔχων
1089 2016 1253 2058 ἀπορίαν,
1290 2015 1357 2046 ἀλλ’

369 2058 439 2095 ἑνὸς
471 2057 603 2090 ἀτόπου
637 2054 794 2096 δοθέντος
824 2055 940 2090 τάλλα
969 2059 1156 2102 συμβαίνει.
1191 2059 1300 2091 Τοῦτο
1324 2053 1362 2090 δὲ

370 2099 466 2134 οὐδὲν
491 2101 655 2147 χαλεπόν.

299 2149 397 2191 Ἡμῖν
421 2141 459 2177 δὲ
485 2145 671 2178 ὑποκείσθω
697 2144 744 2176 τοὶ
767 2143 861 2187 φύσει
881 2144 902 2181 ἦ
920 2144 1038 2177 πάντα
1056 2145 1077 2182 ἦ
1096 2146 1167 2177 ἐ’νια
1182 2145 1361 2188 κινούμενα

369 2187 467 2222 εἶναι·
486 2186 589 2227 δῆλον
607 2185 644 2221 δὲ
662 2190 698 2221 ἐκ
719 2189 781 2226 τῆς
800 2189 994 2244 ἐπαγωγῆς.
1014 2190 1106 2234 ’Ἅμα
1121 2184 1159 2221 δὲ
1177 2185 1254 2225 οὐδὲ
1270 2189 1360 2220 λόειν

372 2233 514 2266 ἅπαντα
547 2232 727 2276 προσήκει,
763 2233 831 2264 ἀλλ’
861 2236 881 2270 ἡ
914 2235 976 2265 ὅσα
1007 2233 1042 2264 ἐκ
1075 2235 1140 2265 τῶν
1172 2233 1279 2287 ἀρχῶν
1309 2245 1360 2271 τις

371 2274 556 2315 ἐπιδεικνύς
581 2273 756 2320 ψεύδεται,
785 2276 847 2309 ὅσα
865 2273 901 2309 δὲ
919 2277 979 2319 μή,
1001 2277 1051 2318 οὔ,
1075 2278 1142 2309 οἷον
1159 2289 1219 2308 τον
1238 2289 1362 2319 τετρα-

393 2322 534 2365 ωνισμόν
560 2321 620 2353 τὸν
649 2321 708 2364 μὲν
733 2317 792 2352 διά
815 2322 882 2353 τῶν
915 2321 1104 2365 τμημάτων
1133 2319 1360 2367 γεωμετρικοῦ

368 2333 548 2406 διαλῦσαι,
576 2365 635 2397 τὸν
659 2360 698 2396 δὲ
716 2366 939 2408 Ἀντιφῶντος
966 2365 1003 2396 οὐ
1027 2366 1265 2411 γεωμετρικοῦ.

301 2498 348 2531 Οὐ
373 2497 437 2542 μ’ἢν
468 2497 538 2528 αλλ’
566 2491 685 2532 ἐπειδή
720 2498 791 2539 περὶ
823 2496 947 2541 φύσεως
979 2495 1038 2539 μὲν
1069 2495 1129 2536 οὔ,
1161 2495 1300 2550 φυσικάς
1325 2491 1363 2527 δὲ

371 2543 512 2584 ἀπορίας
542 2541 717 2584 συμβαίνει
744 2540 854 2586 λέγειν
890 2541 1026 2580 αὐτοῖς,
1051 2542 1129 2577 ἴσως
1160 2552 1228 2585 εχει
1252 2541 1361 2577 καλῶς

371 2584 425 2617 ἐπὶ
451 2585 565 2629 μικρὸν
590 2580 813 2628 διαλεχθῆναι
838 2587 910 2627 περὶ
938 2585 1064 2617 αὐτῶν·
1092 2584 1160 2629 ἔχει
1185 2584 1248 2630 γάρ
1272 2585 1364 2627 φιλο-

370 2630 489 2671 σοφίαν
515 2630 535 2664 ἧ
561 2627 683 2672 σκέψις.

351 2724 500 2751 Smopsxs.
511 2739 546 2744 ——
560 2724 801 2760 1.Argumentum
811 2723 951 2751 librorum
966 2724 1001 2751 de
1017 2724 1109 2761 Phys.
1120 2724 1236 2751 Audita.
1252 2723 1361 2752 Divisio

305 2769 404 2791 textus.
413 2779 432 2784 -—
444 2770 470 2790 2.
487 2762 655 2799 Philosophi
669 2769 719 2790 aut
732 2772 823 2790 unum
833 2763 1020 2800 principium,
1032 2763 1061 2790 hi
1075 2763 1232 2798 immobile,
1243 2763 1282 2790 illi
1297 2772 1361 2791 mo-

305 2802 376 2838 bile3
389 2809 438 2830 aut
451 2802 541 2838 plura,
556 2802 603 2829 alii
618 2802 705 2837 finita,
721 2802 767 2829 alii
782 2802 900 2836 infinita,
920 2808 1087 2838 posuerunt.
1105 2819 1123 2823 -
1139 2803 1163 2830 3.
1180 2803 1258 2830 Haec
1269 2802 1360 2830 diver-

304 2841 371 2869 sitas
386 2842 487 2869 eadem
501 2841 623 2869 occurrit
638 2842 713 2869 circa
728 2841 812 2869 entia.
835 2841 918 2869 Ratio
934 2848 976 2869 est
991 2841 1058 2878 quia
1072 2841 1182 2878 antiqui
1196 2841 1362 2878 philosophi

303 2890 364 2909 non
383 2887 579 2917 cognoverunt
599 2881 654 2908 nisi
676 2889 792 2908 causam
813 2880 998 2908 materialem.
1011 2898 1030 2902 -
1048 2890 1076 2915 4.
1095 2882 1161 2908 Non
1182 2881 1303 2917 pertinet
1323 2882 1360 2909 ad

303 2920 452 2948 scientiam
466 2921 626 2948 naturalem
637 2920 803 2957 improbare
817 2920 988 2948 sententiam
1003 2920 1180 2948 Parmenidis
1195 2927 1223 2948 et
1237 2921 1356 2948 Melissi:

302 2961 331 2995 a)
354 2959 429 2994 Quia
443 2959 561 2987 destruit
581 2959 720 2996 principia
733 2966 867 2995 naturae,
889 2969 997 2996 negans
1016 2959 1237 2987 multitudinem.
1253 2977 1273 2981 -
1289 2961 1314 2987 5.
1332 2961 1359 2995 b)

303 2998 379 3033 Quia
393 2998 475 3035 ponit
489 2999 641 3036 opiniones
656 2999 804 3027 manifeste
818 2999 917 3034 falsas,
937 3008 975 3027 sc.
992 3008 1053 3026 esse
1068 3008 1118 3027 ens
1133 3009 1225 3027 unum
1246 3006 1358 3027 tantum

566 3100 662 3137 osito
690 3100 902 3149 prooemio,
923 3100 962 3136 in
990 3113 1065 3149 quo
1089 3107 1283 3137 ostensum
1304 3108 1358 3138 est

520 3156 540 3198 ’ζ
567 3153 669 3201 quod
694 3153 847 3190 scientia
866 3153 1042 3190 naturalis
1063 3153 1175 3190 debet
1193 3153 1356 3202 incipere

496 3208 588 3253 &fa
623 3205 812 3254 principiis
844 3205 1177 3242 universalioribus
1220 3207 1263 3253 ³¹²,
1297 3206 1358 3242 hic

449 3295 458 3301 Α
512 3254 546 3272 ‘¹¹
566 3257 776 3294 secundum
803 3258 1038 3306 praedictum
1066 3258 1239 3295 ordinem
1268 3258 1356 3295 inci-

301 3309 357 3358 pit
383 3309 562 3358 prosequi
591 3321 636 3345 ea
660 3322 756 3358 quae
784 3310 969 3357 pertinent
992 3311 1040 3347 ad
1073 3311 1266 3347 scientiam
1294 3324 1357 3348 na-

302 3363 473 3399 turalem.
496 3362 544 3398 Et
564 3361 740 3398 dividitur
757 3361 796 3397 in
824 3362 918 3398 duas
937 3370 1077 3410 partes:
1098 3363 1136 3399 in
1155 3376 1316 3412 quarum
1338 3365 1357 3385 ²¹*

301 3414 426 3463 prima
446 3413 669 3451 determinat
684 3414 730 3451 de
745 3413 935 3462 principiis
949 3414 1224 3451 universalibus
1239 3416 1357 3452 scien-

302 3467 374 3504 tiae
394 3466 590 3513 naturalis;
613 3466 650 3503 in
676 3467 842 3504 secunda
863 3467 1085 3504 determinat
1104 3467 1150 3503 de
1172 3475 1254 3504 ente
1275 3480 1357 3504 mo-

303 3519 366 3556 bili
394 3520 433 3557 in
462 3519 676 3567 communi,
706 3519 752 3556 de
782 3532 857 3568 quo
891 3519 1048 3556 intendit
1075 3520 1113 3556 in
1140 3520 1215 3556 hoc
1242 3520 1355 3567 libro3

1420 783 1585 815 *Necesse
1608 792 1715 815 autem
1738 793 1784 816 est
1807 793 1861 817 aut
1883 797 1986 817 unum
2009 796 2075 817 esse
2099 787 2289 826 principium
2308 794 2363 818 aut
2381 788 2480 828 plura.
2511 794 2721 822 'Cap.n.Text.6.

1488 829 1529 859 Et
1552 829 1577 858 si
1601 839 1713 868 unum,
1738 837 1792 861 aut
1806 831 1980 869 immobile,
2006 831 2086 861 sicut
2108 831 2216 861 dicunt
2232 832 2431 862 Parmenides
2451 838 2482 862 et

1487 873 1650 911 Melissus;
1674 881 1729 904 aut
1751 875 1884 912 mobile,
1910 875 1990 905 sicut
2012 874 2144 915 physici,
2169 875 2202 905 hi
2225 875 2354 915 quidem
2378 885 2482 906 aerem

1488 917 1624 947 dicentes
1648 928 1725 956 esse,
1750 919 1802 948 alii
1824 929 1898 948 vero
1923 929 2039 959 aquam
2058 919 2199 959 primum
2223 919 2423 959 principium.
2449 920 2482 950 Si

1488 967 1595 990 autem
1618 961 1718 1000 plura,
1743 969 1797 992 aut
1818 962 1906 992 finita
1929 969 1983 993 aut
2005 962 2135 993 infinita.
2161 963 2201 992 Et
2220 963 2246 992 si
2269 963 2366 1001 finita,
2391 964 2482 1003 plura

1488 1010 1595 1034 autem
1612 1015 1688 1043 uno,
1706 1012 1759 1035 aut
1775 1007 1839 1035 duo
1856 1013 1910 1036 aut
1926 1007 1983 1036 tria
1997 1013 2052 1037 aut
2067 1014 2215 1047 quatuor,
2232 1014 2286 1037 aut
2305 1007 2481 1037 secundum

1489 1048 1587 1078 alium
1616 1049 1755 1088 aliquem
1779 1059 1959 1080 numerum.
1985 1051 2025 1081 Et
2048 1051 2073 1080 si
2097 1050 2232 1088 infinita,
2258 1057 2312 1081 aut
2335 1051 2378 1081 sic
2402 1051 2483 1081 sicut

1487 1091 1563 1122 dixit
1585 1092 1796 1130 Democritus,
1821 1103 1919 1132 genus
1944 1104 2057 1133 unum,
2081 1094 2181 1134 figura
2204 1101 2311 1125 autem
2332 1101 2362 1125 et
2378 1094 2481 1135 specie

1488 1135 1658 1166 differentia
1681 1143 1735 1167 aut
1758 1137 1852 1167 etiam
1876 1139 2038 1168 contraria.

1420 1178 1437 1197 *
1457 1179 1606 1210 Similiter
1628 1186 1735 1210 autem
1758 1188 1913 1221 quaerunt
1937 1189 1967 1212 et
1989 1192 2070 1222 quae
2094 1188 2167 1212 sunt
2190 1188 2374 1222 quaerentes
2402 1188 2483 1222 quot

1487 1230 1569 1254 sunt.
1587 1225 1634 1254 Ex
1649 1224 1765 1264 quibus
1782 1225 1867 1254 enim
1883 1232 1956 1256 sunt
1972 1236 2052 1266 quae
2069 1233 2142 1256 sunt
2158 1233 2314 1265 quaerunt
2329 1226 2480 1266 primum,

1486 1274 1594 1298 utrum
1617 1268 1693 1298 haec
1716 1279 1819 1299 unum
1844 1276 1897 1300 aut
1920 1269 2010 1309 plura
2034 1269 2111 1299 sint:
2138 1276 2167 1299 et
2191 1270 2216 1299 si
2240 1270 2351 1308 multa,
2375 1276 2430 1300 aut
2445 1269 2481 1299 fi-

1486 1311 1551 1342 nita
1574 1319 1628 1342 aut
1650 1311 1781 1342 infinita.
1805 1313 1910 1350 Quare
1927 1313 2117 1353 principium
2133 1320 2164 1343 et
2179 1313 2373 1344 elementum
2388 1323 2482 1354 quae-

1486 1362 1569 1393 runt,
1595 1362 1703 1386 utrum
1726 1367 1829 1387 unum
1852 1363 1906 1387 aut
1925 1357 2035 1387 multa.

1418 1398 1435 1418 *
1451 1399 1487 1428 Id
1509 1399 1639 1440 quidem
1661 1399 1765 1440 igitur,
1783 1401 1808 1431 si
1824 1411 1926 1431 unum
1950 1408 1980 1431 et
2002 1401 2166 1431 immobile
2183 1401 2222 1431 sit
2240 1401 2329 1441 quod
2353 1407 2413 1439 est,
2435 1401 2482 1431 in-

1487 1444 1624 1481 tendere,
1648 1454 1714 1474 non
1738 1445 1776 1474 de
1800 1452 1911 1475 natura
1934 1451 1979 1475 est
2002 1445 2171 1475 intendere.
2198 1445 2285 1475 Sicut
2308 1444 2393 1475 enim
2408 1455 2481 1484 geo-

1486 1494 1603 1518 metrae
1627 1498 1692 1518 non
1717 1489 1853 1528 amplius
1877 1488 1955 1519 ratio
1973 1496 2018 1519 est
2034 1489 2073 1519 ad
2090 1489 2301 1519 destruentem
2317 1489 2480 1529 principia,

1487 1532 1542 1560 sed
1565 1538 1611 1561 est
1634 1538 1688 1562 aut
1710 1532 1835 1562 alterius
1859 1533 2004 1563 scientiae
2028 1539 2083 1563 aut
2107 1533 2256 1563 omnibus
2281 1533 2480 1571 communis,

1486 1575 1530 1605 sic
1553 1585 1656 1615 neque
1679 1576 1772 1606 alicui
1797 1577 1835 1606 de
1859 1576 2028 1616 principiis.
2053 1578 2127 1607 Non
2143 1577 2228 1607 enim
2245 1577 2380 1617 amplius
2398 1577 2481 1616 prin-

1487 1618 1606 1658 cipium
1630 1626 1689 1657 est,
1718 1620 1743 1649 si
1766 1630 1869 1650 unum
1899 1621 2005 1650 solum
2029 1627 2074 1650 est
2105 1627 2134 1651 et
2157 1621 2201 1651 sic
2223 1628 2343 1651 unum:
2368 1620 2480 1660 princi-

1486 1662 1576 1701 pium
1600 1663 1685 1692 enim
1711 1663 1875 1693 cuiusdam
1899 1671 1952 1694 aut
1975 1665 2178 1704 quorundam
2201 1671 2256 1695 est.
2468 1676 2472 1681 ·

1418 1703 1436 1722 '²‘
1452 1705 1560 1735 Simile
1582 1706 1676 1745 igitur
1698 1706 1857 1737 intendere
1881 1715 1927 1738 est
1950 1708 1975 1737 si
1994 1708 2036 1738 sic
2060 1719 2162 1738 unum
2186 1716 2248 1747 est,
2273 1714 2303 1738 et
2326 1708 2365 1738 ad
2388 1708 2482 1738 aliam

1485 1749 1677 1789 positionem
1701 1751 1874 1790 quamlibet
1893 1751 2051 1791 disputare
2070 1753 2224 1782 sermonis
2240 1752 2338 1791 gratia
2354 1752 2480 1790 dictam,

1485 1799 1520 1823 ut
1549 1794 1774 1833 Heracliteam3
1806 1802 1860 1825 aut
1883 1795 1907 1825 si
1931 1795 2044 1835 aliquis
2076 1796 2157 1826 dicat
2183 1796 2349 1826 hominem
2379 1806 2481 1826 unum

1485 1837 1574 1877 quod
1598 1845 1644 1868 est
1667 1846 1748 1868 esse:

1416 1880 1434 1899 ’¹‘
1449 1887 1504 1911 aut
1526 1881 1646 1911 solvere
1669 1882 1824 1913 rationem
1842 1882 2019 1922 litigiosam.
2042 1883 2139 1920 Quod
2155 1893 2228 1913 sane
2245 1890 2395 1924 utraeque
2414 1884 2482 1924 qui-

1484 1925 1557 1955 dem
1580 1925 1696 1956 habent
1719 1927 1866 1964 rationes,
1891 1933 1922 1957 et
1944 1927 2061 1957 Melissi
2079 1934 2109 1957 et
2124 1928 2328 1957 Parmenidis.
2354 1928 2481 1958 Etenim

1483 1969 1559 1998 falsa
1583 1970 1748 2009 recipiunt,
1769 1977 1799 2000 et
1814 1981 1880 2000 non
1904 1971 2124 2011 syllogizantes
2149 1979 2230 2002 sunt.
2256 1972 2355 2011 Magis
2372 1979 2479 2002 autem

1482 2013 1600 2043 Melissi
1624 2023 1756 2044 onerosa
1780 2021 1826 2044 est
1849 2015 1938 2053 ratio,
1956 2022 1986 2045 et
2001 2025 2066 2045 non
2090 2016 2207 2046 habens
2232 2015 2407 2054 defectum;
2426 2016 2480 2046 sed

1481 2066 1547 2086 uno
1580 2057 1812 2088 inconvenienti
1844 2059 1916 2088 dato
1949 2059 2008 2089 alia
2037 2059 2244 2099 contingunt:
2278 2059 2338 2090 hoc
2374 2066 2481 2090 autem

1482 2100 1560 2130 nihil
1584 2100 1717 2132 difficile.

1414 2144 1432 2161 '³‘
1450 2144 1549 2174 Nobis
1564 2152 1668 2175 autem
1686 2146 1890 2176 subiiciantur
1913 2157 1994 2187 quae
2009 2154 2082 2177 sunt
2100 2154 2210 2177 natura
2233 2153 2287 2178 aut
2303 2147 2411 2177 omnia
2426 2153 2480 2177 aut

1481 2189 1638 2228 quaedam
1661 2189 1791 2220 moveri.
1816 2191 1872 2221 Est
1895 2197 2002 2221 autem
2025 2191 2228 2222 manifestum
2251 2192 2313 2222 hoc
2332 2201 2369 2221 ex
2384 2191 2478 2221 indu-

1482 2231 1595 2262 ctione.
1625 2232 1726 2263 Simul
1756 2240 1863 2264 autem
1891 2245 1994 2275 neque
2025 2236 2145 2265 solvere
2173 2236 2281 2265 omnia
2312 2235 2476 2265 convenit:

1481 2275 1535 2304 sed
1559 2282 1613 2306 aut
1635 2286 1854 2318 quaecumque
1879 2288 1915 2308 ex
1938 2279 2097 2319 principiis
2120 2279 2232 2319 aliquis
2261 2279 2479 2309 demonstrans

1480 2319 1646 2358 mentitur3
1670 2330 1889 2362 quaecumque
1912 2333 1986 2352 vero
2011 2333 2092 2362 non,
2118 2323 2258 2353 minime.
2284 2324 2327 2353 Ut
2342 2329 2477 2362 tetrago-

1481 2363 1620 2393 nismum
1653 2363 1737 2394 hunc
1769 2365 1898 2405 quidem
1922 2367 1977 2406 qui
2000 2377 2055 2407 per
2079 2367 2268 2405 decisiones,
2297 2366 2478 2406 geometrici

1482 2413 1528 2436 est
1551 2407 1738 2438 dissolvere:
1762 2409 1852 2439 illum
1876 2417 1982 2440 autem
2005 2411 2061 2451 qui
2085 2411 2306 2451 AntiphontiS,
2323 2421 2388 2441 non
2405 2421 2478 2450 geo-

1466 2452 1601 2482 -metrici
1626 2458 1680 2482 est.
2173 2471 2176 2474 ·

1414 2493 1432 2511 “²
1452 2494 1513 2524 Sed
1536 2496 1689 2535 quoniam
1712 2496 1750 2526 de
1774 2503 1884 2527 natura
1907 2497 2056 2537 quidem,
2088 2508 2153 2528 non
2183 2505 2290 2529 autem
2321 2498 2476 2528 naturales

1482 2538 1619 2569 defectus
1643 2540 1796 2579 contingit
1819 2541 1918 2571 dicere
1942 2541 2044 2580 ipsm,
2070 2541 2208 2572 fortassis
2232 2542 2311 2572 bene
2330 2552 2362 2572 se
2383 2542 2476 2572 habet

1482 2584 1713 2624 aliquantulum
1737 2585 1894 2624 disputare
1919 2585 1957 2615 de
1981 2585 2073 2625 ipsis:
2104 2585 2197 2625 habet
2222 2586 2306 2615 enim
2331 2586 2475 2625 philoso-

1481 2628 1590 2668 phiam
1613 2628 1664 2658 hic
1686 2635 1854 2668 respectus.

1416 2723 1581 2759 immobile;
1603 2733 1671 2760 ergo
1693 2730 1721 2752 et
1740 2730 1835 2752 totum
1859 2733 1909 2751 ens
1937 2733 1998 2752 esse
2019 2724 2137 2761 aliquod
2162 2734 2261 2752 unum.
2283 2741 2302 2746 -
2323 2726 2350 2752 6.
2375 2726 2476 2761 Neque

1417 2763 1503 2791 etlam
1513 2764 1598 2791 debet
1607 2764 1721 2791 solvere
1731 2770 1899 2800 argumenta
1913 2773 2013 2791 eorum
2023 2775 2029 2791 :
2041 2766 2068 2799 α)
2086 2764 2160 2798 Quia
2170 2764 2294 2792 rationes
2305 2764 2476 2801 sophisticae

1416 2812 1490 2839 quae
1512 2802 1694 2830 manifestum
1716 2803 1858 2831 defectum
1885 2803 1991 2831 habent
2013 2810 2041 2831 et
2061 2804 2170 2831 formae
2192 2810 2220 2831 et
2240 2804 2390 2839 materiae,
2413 2813 2474 2832 non

1416 2848 1500 2879 egent
1521 2842 1673 2870 solutione.
1689 2859 1708 2863 —
1723 2852 1749 2878 7.
1772 2843 1799 2877 b)
1816 2842 1891 2876 Quia
1910 2852 1970 2870 non
1985 2852 2086 2870 omnes
2101 2843 2226 2871 rationes
2241 2844 2395 2871 solvendae
2410 2849 2476 2871 sunt

1415 2881 1445 2909 in
1459 2881 1556 2918 aliqua
1575 2881 1705 2916 scientia,
1721 2882 1771 2910 sed
1786 2882 1882 2909 solum
1893 2891 1942 2910 eae
1960 2891 2034 2918 quae
2048 2883 2116 2910 false
2131 2883 2308 2910 concludunt
2323 2892 2355 2911 ex
2370 2883 2475 2919 princi-

1417 2921 1471 2956 piis
1486 2921 1569 2949 huius
1585 2921 1734 2956 scientiae;
1750 2921 1870 2949 istorum
1889 2928 1985 2949 autem
2000 2921 2125 2950 rationes
2140 2929 2206 2950 sunt
2220 2929 2321 2950 contra
2334 2922 2475 2959 principia

1417 2960 1447 2987 in
1461 2960 1579 2996 physica
1593 2960 1819 2997 praesupposita.
1831 2978 1849 2982 -
1863 2961 1890 2988 8.
1901 2962 2014 2989 Tamen
2028 2961 2096 2989 utile
2107 2968 2149 2989 est
2159 2961 2244 2990 etiam
2257 2962 2302 2990 hic
2314 2968 2414 2990 contra
2425 2971 2475 2990 eos

1415 3000 1568 3036 disputare,
1584 3000 1714 3036 quamvis
1726 3001 1782 3028 hoc
1792 3000 1907 3037 proprie
1917 3001 2057 3037 pertineat
2067 3002 2103 3029 ad
2114 3001 2329 3038 philosophiam
2340 3001 2473 3038 primam.

1413 3108 1450 3137 et
1477 3101 1551 3137 hoc
1575 3101 1613 3138 in
1632 3101 1739 3138 tertio
1760 3101 1867 3149 libro,
1887 3102 1958 3138 ibi:
1983 3103 2169 3144 Quoniam
2193 3109 2317 3139 autem
2337 3109 2473 3140 natura

1413 3159 1467 3190 est
1484 3155 1503 3175 '²‘
1525 3161 1592 3190 etc.
1623 3154 1750 3190 Prima
1770 3154 1807 3191 in
1828 3154 1920 3191 duas
1942 3156 2002 3192 *²¹‘:
2033 3155 2070 3191 in
2097 3155 2220 3203 prima
2249 3155 2472 3192 determinat

1414 3206 1460 3243 de
1489 3206 1679 3255 principiis
1708 3207 1864 3243 subiecti
1893 3209 1913 3229 *
1936 3207 2047 3244 huius
2077 3208 2273 3254 scientiae,
2298 3208 2394 3245 idest
2423 3209 2469 3245 de

1412 3258 1602 3308 principiis
1632 3259 1724 3296 entis
1753 3260 1902 3296 mobilis
1926 3260 2149 3308 inquantum
2173 3260 2412 3307 huiusmodi;
2433 3261 2470 3298 in

1412 3364 1478 3400 ibi:
1494 3366 1639 3401 Eorum
1655 3377 1749 3413 quae
1762 3366 1875 3401 sunt*
1886 3373 1953 3401 etc.
1966 3365 2094 3401 Prima
2109 3373 2236 3401 autern
2249 3365 2292 3387 *⁹¹⁸
2302 3366 2341 3402 in
2357 3366 2467 3404 duas:

1411 3416 1448 3452 in
1467 3417 1591 3465 prima
1609 3417 1848 3465 prosequitur
1868 3417 2065 3465 opiniones
2085 3418 2245 3454 aliorum
2266 3419 2312 3455 de
2331 3419 2467 3468 princi-

1410 3469 1480 3516 piis
1502 3470 1769 3506 communibus
1798 3469 1891 3505 entis
1911 3470 2080 3516 mobilis;
2102 3470 2139 3507 in
2163 3472 2329 3508 secunda
2347 3472 2468 3521 inqui-

1411 3521 1456 3558 rit
1481 3522 1678 3558 veritatem
1708 3522 1753 3558 de
1783 3522 1846 3568 eis,
1867 3522 1936 3559 ibi:
1970 3523 2105 3560 Omnes
2135 3524 2251 3573 igitur
2274 3526 2466 3563 contraria

2511 1189 2519 1198 ·
2534 1188 2602 1209 Text.
2619 1194 2640 1216 7.

2510 1409 2518 1417 ·
2535 1407 2603 1429 Text.
2618 1407 2639 1429 8.

2508 1714 2519 1725 ³
2534 1714 2601 1736 Text.
2618 1721 2640 1743 9.

2508 1892 2518 1902 ⁸*
2533 1890 2603 1913 Text.
2619 1897 2651 1913 10.

2508 2156 2515 2164 ·
2530 2155 2598 2177 Text.
2613 2162 2638 2177 11.

2507 2507 2513 2515 ¹
2528 2506 2597 2528 Text.
2612 2512 2641 2529 12.

2501 3170 2508 3178 ¹
2518 3168 2569 3190 Lib.
2578 3169 2618 3195 111,
2629 3170 2683 3191 lect.
2693 3176 2709 3192 ῐ.

2498 3195 2600 3216 ”Prima
2623 3202 2666 3217 ars
2673 3196 2711 3218 di-

2498 3221 2586 3242 viditur
2604 3228 2628 3243 m
2647 3222 2708 3244 duas

2494 3249 2580 3275 partes
2593 3254 2708 3274 AGKQSTV

2498 3280 2513 3294 x
2721 3283 2724 3286 .

1703 3312 1709 3318 .
1764 3312 1770 3318 .
1803 3312 1823 3319 ..
1979 3314 1984 3319 .
2103 3313 2109 3319 .
2365 3314 2371 3320 .
2499 3290 2551 3321 '‘de
2564 3301 2666 3323 subiecto
2680 3308 2708 3323 ec.

1413 3312 1579 3349 secunda
1594 3312 1640 3348 de
1655 3325 1844 3361 principns
1869 3313 2079 3359 doctrinae,
2101 3325 2139 3348 m
2162 3313 2330 3349 secundo
2350 3314 2466 3362 llbro,
2516 3342 2521 3347 .
2730 3323 2734 3328 ⁵

2497 3379 2505 3388 ¹
2520 3379 2570 3400 Lib.
2581 3379 2613 3403 II.
2629 3379 2705 3400 leem.

2507 3405 2517 3415 ⁸
2532 3405 2644 3426 dividitur
2661 3412 2706 3427 Aue

2495 3437 2625 3456 ικιαετνκν
2634 3447 2639 3457 ,
2655 3438 2703 3453 orn.

2495 3461 2538 3478 cet.
2550 3463 2600 3479 exc.
2609 3463 2647 3479 εκ.
