2898 3996
204 914 213 921 ·
228 912 296 932 huius
312 910 381 933 codd.
391 914 413 932 et

200 1548 414 1576 '‘fuitum-‘cunum

203 1813 214 1824 ⁸
229 1813 266 1835 vel
275 1819 323 1835 om.
335 1812 388 1834 rab.

438 318 514 355 272

438 385 532 422 sicut
558 390 741 433 punctum
770 380 994 418 indivisibile
1023 380 1070 417 ad
1099 379 1250 416 lineam.
1285 380 1334 416 Et
1362 379 1498 417 eadem

438 437 530 474 ratio
561 443 615 473 est
643 436 689 472 de
714 434 793 471 aliis
820 433 988 482 partibus
1016 439 1142 469 motus
1162 440 1199 468 et
1217 432 1496 479 magnitudinis.

438 491 496 526 Ex
524 488 744 525 necessitate
774 498 862 534 ergo
891 485 1068 533 sequitur,
1099 484 1128 521 si
1152 484 1374 532 magnitudo
1395 497 1499 522 com-

437 541 589 591 ponitur
617 552 663 576 ex
690 538 997 584 indivisibilibus,
1033 537 1138 585 quod
1171 544 1298 574 motus
1332 549 1376 574 ex
1403 537 1499 575 indi-

437 594 646 630 visibilibus
680 598 951 640 componatur,
989 589 1086 627 idest
1120 601 1165 626 ex
1196 590 1414 627 momentis.
1451 591 1500 627 Et

438 647 513 683 hoc
533 653 588 682 est
606 644 711 693 quod
740 644 998 681 demonstrare
1026 642 1257 680 intendebat.

493 699 528 735 6.
560 697 636 734 Sed
670 697 756 746 quia
783 697 858 733 hoc
892 702 947 732 est
974 695 1222 744 impossibile,
1253 695 1355 743 quod
1374 702 1501 732 motus

440 757 690 798 componatur
725 761 769 786 ex
797 748 1019 795 momentis,
1059 747 1153 784 sieut
1185 747 1417 796 impossibile
1446 755 1502 784 est

439 803 542 852 quod
571 803 668 839 linea
697 808 946 850 componatur
974 812 1019 837 ex
1045 799 1215 849 punctis,
1254 800 1341 837 ideo
1371 812 1525 837 conse-¹

439 863 596 904 quenter
624 867 710 891 cum
739 853 845 891 dicit:
880 854 929 890 Et
956 859 1098 890 motum
1131 865 1209 889 esse
1241 853 1383 901 aliquid
1409 860 1501 900 etc.,

440 908 601 945 ostendit
619 906 836 944 huiusmodi
852 908 871 925 '⁶
891 905 1240 954 impossibilitatem,
1262 905 1437 942 ducendo
1453 905 1503 942 ad

439 961 508 998 tria
526 959 841 998 inconvenientia.
868 959 1043 1005 Quorum
1062 957 1228 1007 primum
1247 965 1313 1005 est,
1344 958 1448 1007 quod
1471 958 1502 995 si

438 1021 565 1050 motus
586 1019 835 1062 componatur
863 1023 907 1048 ex
934 1010 1137 1048 momentis
1159 1018 1194 1047 et
1211 1010 1432 1058 magnitudo
1457 1023 1502 1048 ex

439 1066 742 1112 indivisibilibus,
771 1065 821 1101 ita
843 1064 948 1112 quod
974 1076 1044 1113 per
1062 1063 1330 1101 indivisibilem
1356 1071 1503 1113 partem

438 1118 702 1166 magnitudinis
736 1129 815 1154 non
843 1123 1044 1154 moveatur
1072 1117 1139 1154 sed
1167 1124 1314 1153 motum
1347 1116 1411 1164 sit,
1445 1128 1502 1153 se-

439 1179 574 1219 quetur
598 1170 702 1219 quod
726 1169 867 1218 aliquid
895 1170 1108 1206 sitfmotum
1129 1181 1203 1207 non
1224 1175 1382 1216 motum,
1407 1169 1504 1206 idest

440 1224 543 1273 quod
569 1223 673 1272 prius
705 1235 784 1259 non
811 1223 1055 1259 movebatur:
1090 1222 1179 1272 quia
1211 1222 1366 1271 ponitur
1397 1222 1503 1271 quod

440 1276 650 1313 secundum
678 1275 902 1313 indivisibile
931 1275 1110 1322 transivit,
1140 1275 1236 1312 idest
1262 1282 1410 1312 motum
1435 1282 1502 1322 est,

439 1342 518 1366 non
545 1329 745 1375 transiens;
775 1328 863 1377 quia
899 1328 937 1365 in
971 1341 1016 1364 eo
1051 1327 1200 1365 moveri
1228 1340 1307 1365 non
1342 1334 1501 1377 poterat.

440 1382 550 1420 Unde
575 1381 742 1431 sequitur
769 1380 909 1430 aliquid
937 1393 1019 1418 esse
1046 1381 1242 1418 transitum
1266 1381 1408 1429 absque
1428 1381 1503 1417 hoc

441 1435 544 1483 quod
573 1434 774 1483 aliquando
803 1434 888 1471 iret:
919 1434 1023 1482 quod
1052 1441 1107 1470 est
1134 1433 1380 1482 impossibile,
1408 1433 1504 1470 sicut

440 1487 671 1537 impossibile
691 1494 746 1524 est
765 1487 868 1536 quod
887 1487 1026 1536 aliquid
1050 1487 1095 1524 sit
1113 1486 1367 1535 praeteritum,
1398 1486 1503 1535 quod

441 1553 635 1590 nunquam
663 1540 772 1577 fuerit
801 1541 820 1561 ’¹‘
837 1552 1029 1588 praesens.

495 1606 530 1642 7.
553 1594 631 1630 Sed
650 1593 737 1642 quia
756 1594 831 1630 hoc
850 1592 1123 1630 inconveniens
1142 1600 1272 1641 posset
1292 1591 1502 1629 concedere

441 1646 501 1683 ille
542 1646 606 1695 qui
633 1646 774 1683 diceret
809 1653 958 1683 motum
992 1645 1171 1694 componi
1205 1657 1250 1682 ex
1276 1644 1501 1688 momentis,

443 1699 544 1736 ducit
576 1699 625 1736 ad
657 1699 867 1736 secundum
900 1698 1184 1746 inconveniens,
1219 1698 1291 1735 ibi:
1320 1698 1363 1734 Si
1388 1698 1505 1747 igitur

442 1764 588 1789 necesse
606 1758 661 1789 est
678 1760 760 1800 etc.,
777 1751 840 1789 tali
860 1751 1015 1788 ratione.
1037 1752 1164 1788 Omne
1179 1750 1284 1800 quod
1303 1757 1435 1787 natum
1449 1757 1504 1787 est

441 1805 589 1843 moveri
609 1812 645 1842 et
668 1805 872 1854 quiescere,
889 1816 1044 1841 necesse
1074 1811 1129 1840 est
1155 1803 1261 1852 quod
1278 1804 1340 1840 vel
1360 1804 1380 1824 '¹‘
1399 1803 1503 1852 quie-

1065 300 1416 338 PHYSICORUM'
1438 300 1786 338 ARISTOTELIS
1815 301 1910 336 LIB.
1938 300 1990 337 VI

1554 385 1632 416 scat
1649 379 1711 416 vel
1729 386 1941 416 moveatur.
1963 378 2040 416 Sed
2061 378 2152 416 dum
2169 379 2310 416 mobile
2331 387 2386 417 est
2403 379 2443 418 in
2465 382 2516 427 A,
2537 392 2616 417 non

1552 439 1749 480 movetur,
1780 438 1816 468 et
1842 430 2010 468 similiter
2038 431 2130 468 dum
2158 439 2213 468 est
2238 431 2278 469 in
2305 433 2352 480 B,
2388 440 2424 470 et
2451 433 2617 470 similiter

1555 485 1646 522 dum
1675 491 1730 521 est
1756 484 1795 521 in
1824 484 1877 521 C:
1917 495 2006 532 ergo
2036 484 2125 521 durn
2161 490 2216 520 est
2246 483 2286 521 in
2313 486 2348 521 A
2377 492 2412 521 et
2439 485 2532 523 dum
2561 492 2617 522 est

1554 537 1592 574 in
1619 538 1650 573 B
1685 544 1722 573 et
1749 537 1841 574 dum
1877 543 1932 574 est
1964 536 2003 573 in
2032 537 2082 584 C,
2117 536 2284 586 quiescit.
2313 538 2415 585 Ergo
2450 537 2617 586 sequitur

1555 590 1661 638 quod
1680 589 1819 638 aliquid
1838 589 1948 626 simul
1969 589 2145 626 continue
2165 589 2334 638 quiescat
2353 597 2388 626 et
2402 597 2614 628 moveatur.

1555 643 1605 678 Et
1632 642 1736 691 quod
1769 643 1843 679 hoc
1870 650 2064 691 sequatur,
2094 642 2147 679 sic
2173 643 2321 691 probat.
2359 642 2530 679 Positum
2563 649 2618 679 est

1557 694 1658 731 enim
1694 695 1799 744 quod
1834 702 2034 732 moveatur
2071 707 2140 744 per
2184 702 2301 732 totam
2343 694 2619 743 longitudinem

1557 759 1655 795 quae
1685 755 1740 784 est
1765 748 1886 794 ABC;
1916 755 1952 784 et
1974 748 2110 785 iterum
2128 748 2296 797 positum
2316 755 2372 785 est
2390 747 2495 797 quod
2513 747 2617 796 quie-

1557 807 1637 837 scat
1649 800 1669 820 *
1683 800 1894 837 secundum
1909 800 2116 849 quamlibet
2129 809 2297 850 partem:
2313 800 2381 838 sed
2396 800 2500 850 quod
2515 799 2619 848 quie-
2647 803 2655 812 ·
2701 809 2709 824 ¹
2724 809 2763 824 *τε

1558 852 1625 889 scit
1651 864 1721 901 per
1748 852 1956 901 quamlibet
1982 861 2151 902 partem,
2186 853 2344 903 quiescit
2375 866 2446 902 per
2472 860 2617 899 totum;

1559 917 1648 953 ergo
1676 905 1844 954 sequitur
1870 906 1975 954 quod
2003 906 2170 955 quiescat
2196 919 2265 956 per
2287 913 2407 944 totam
2433 905 2618 954 magnitu-

1559 957 1697 995 dinem.
1718 958 1768 994 Et
1798 957 1849 994 ita
1876 957 2043 1007 sequitur
2062 959 2166 1008 quod
2187 960 2207 981 *⁸
2234 971 2303 1009 per
2329 966 2449 996 totam
2475 958 2619 1007 magni·
2644 959 2684 1008 ζ’

1558 1009 1729 1047 tudinem
1754 1011 1933 1048 continue
1953 1019 2155 1049 moveatur
2173 1019 2210 1049 et
2229 1012 2410 1061 quiescat:
2440 1012 2545 1061 quod
2564 1019 2620 1048 est
2646 1019 2674 1034 ²¹

1559 1063 1716 1100 omnino
1744 1062 1988 1112 impossibile.

1613 1117 1648 1153 8.
1678 1116 1851 1153 Tertium
1870 1116 2143 1154 inconveniens
2157 1116 2265 1166 ponit
2282 1116 2351 1153 ibi:
2370 1117 2422 1153 Et
2441 1117 2475 1154 si
2487 1117 2618 1154 indivi-

1557 1169 1678 1206 sibilia
1693 1176 1776 1217 etc.,
1791 1169 1854 1206 tali
1874 1169 2030 1206 ratione.
2052 1169 2261 1206 Ostensum
2277 1176 2332 1206 est
2343 1170 2363 1191 ²
2373 1168 2479 1217 quod
2493 1169 2524 1205 si
2539 1181 2619 1207 ma-

1558 1221 1714 1269 gnitudo
1735 1221 1976 1270 componitur
1995 1233 2041 1258 ex
2058 1221 2358 1270 indivisibilibus,
2383 1221 2489 1271 quod
2507 1221 2619 1259 etiarn

1558 1281 1702 1311 motus:
1728 1281 1792 1311 aut
1811 1286 1900 1321 ergo
1919 1274 1980 1311 illa
1998 1273 2238 1311 indivisibilia
2256 1281 2395 1322 motus,
2415 1286 2514 1323 quae
2533 1282 2621 1312 sunt

1558 1327 1593 1363 D
1615 1334 1650 1363 et
1669 1327 1702 1363 E
1722 1334 1759 1363 et
1777 1327 1826 1374 Z,
1847 1326 1897 1363 ita
1915 1338 1956 1363 se
1974 1327 2117 1364 habent
2135 1326 2241 1376 quod
2259 1327 2464 1376 quodlibet.
2483 1339 2620 1365 eorum

1559 1386 1615 1416 est
1629 1386 1767 1426 motus,
1784 1386 1848 1416 aut
1866 1391 1957 1416 non.
1983 1379 2024 1416 Si
2039 1379 2234 1429 quodlibet
2253 1391 2388 1417 eorum
2404 1386 2460 1417 est
2478 1387 2619 1427 motus,

1559 1444 1646 1469 curn
1667 1432 1864 1481 quodlibet
1882 1444 2016 1469 eorum
2043 1433 2273 1482 respondeat
2290 1432 2502 1470 indivisibili
2523 1432 2620 1482 parti

1559 1485 1827 1533 magnitudinis
1859 1485 1898 1522 in
1930 1497 2006 1534 qua
2042 1497 2121 1522 non
2158 1493 2336 1523 movetur
2371 1485 2440 1523 sed
2470 1492 2620 1522 motum

1559 1545 1634 1586 est,
1670 1545 1848 1587 sequetur
1876 1537 1981 1587 quod
2007 1546 2207 1587 praesente
2234 1546 2343 1576 motu
2371 1537 2514 1576 mobile
2541 1549 2622 1575 non

1559 1599 1772 1640 moveatur,
1807 1590 1913 1640 quod
1946 1598 2001 1628 est
2037 1599 2168 1629 contra
2199 1591 2365 1640 primam
2393 1590 2622 1641 suppositio-

1558 1656 1661 1692 nem,
1682 1644 1749 1682 sed
1767 1645 1788 1666 *
1806 1644 1984 1693 quiescat.
2007 1643 2047 1681 Si
2065 1656 2158 1682 vero
2186 1657 2265 1682 non
2290 1651 2377 1682 sunt
2395 1651 2534 1691 motus,
2563 1655 2621 1681 se-

1558 1697 1684 1746 quitur
1698 1697 1807 1746 'quod
1827 1704 1954 1734 motus
1974 1704 2228 1746 componatur
2247 1709 2292 1734 ex
2306 1709 2386 1735 non
2401 1698 2422 1719 ¹⁸²
2435 1696 2625 1734 motibus:-

1558 1749 1662 1798 quod
1679 1749 1830 1787 videtur
1847 1749 2094 1798 impossibile,
2111 1750 2206 1788 sicut
2225 1758 2261 1788 et
2275 1750 2380 1800 quod
2399 1750 2498 1787 linea
2517 1761 2621 1787 com-

1555 1809 1720 1851 ponatur
1747 1815 1793 1839 ex
1820 1814 1900 1839 non
1930 1803 1950 1824 ²¹²
1969 1802 2087 1840 lineis.
2564 1811 2566 1813 '

2646 1195 2658 1207 ⁸
2670 1195 2742 1218 Num.
2756 1201 2777 1224 5.

2648 1657 2658 1666 '
2679 1656 2752 1679 etiam
2770 1656 2825 1679 add.
2843 1662 2861 1679 a

2649 1686 2671 1706 et
2685 1682 2755 1705 codd.
2773 1688 2824 1705 exc.
2837 1689 2862 1705 ιι.

2648 1710 2659 1719 ·
2672 1715 2720 1732 non
2731 1714 2762 1731 ex
2779 1709 2824 1731 rab
2837 1713 2862 1731 et

2649 1735 2719 1758 codd.
2733 1741 2784 1758 ue.
2799 1741 2862 1758 nnete

2648 1810 2660 1822 *
2673 1815 2720 1832 non
2731 1814 2762 1831 ex
2769 1809 2861 1837 firm.
