2898 3996
411 297 491 332 244

410 365 446 394 Τί
472 374 531 406 μεν
558 374 614 394 ουν
640 362 712 393 ἐστι
739 361 779 394 τὸ
803 360 874 404 ἅμα
890 362 949 392 καὶ
958 363 1091 418 χωρίς,
1097 363 1154 392 καὶ
1173 363 1207 392 τί
1226 361 1268 393 τὸ
1288 360 1473 404 ἅπτεσθαι,

475 408 532 438 καὶ
559 409 592 438 τί
618 418 658 438 το
685 405 817 458 μεταξυ
842 407 898 436 καὶ
925 406 966 437 τὸ
992 403 1065 449 ἑφεἸ
1034 405 1123 446 ςῆς,
1149 407 1206 437 καὶ
1232 407 1264 438 τί
1290 407 1331 439 τό
1357 405 1478 459 ἐχόμε-

475 462 531 482 νον
562 453 619 482 καὶ
652 449 808 494 συνεχές,
837 451 895 481 καὶ
926 453 996 486 τοῖς
1029 451 1135 487 ποίοις
1169 448 1315 482 ἕκαστον
1341 449 1475 483 τούτων

479 494 640 539 ὑπάρχει,
668 496 811 538 εἴρηται.

463 593 603 620 ὃγΝοΡειε
619 607 653 612 -
675 600 698 619 1.
726 591 937 628 Argumentum
959 596 987 618 et
1012 589 1114 618 divisio
1140 596 1241 619 textus.
1265 608 1283 612 -
1305 598 1331 619 2.
1360 591 1410 619 Illa
1430 591 1472 619 di-

410 638 513 660 cuntur
527 640 588 659 esse
603 631 691 658 simul
704 631 864 658 secundum
878 630 984 666 locum,
999 639 1074 667 quae
1089 637 1155 658 sunt
1170 631 1198 658 in
1214 640 1270 659 uno
1284 631 1347 659 loco
1364 631 1473 668 primo,

410 671 504 699 idest
497 680 527 698 m
542 680 601 698 uno
616 671 682 698 loco
698 669 827 706 proprio.
843 686 863 691 -
877 671 901 697 E
915 679 1056 698 converso
1079 670 1214 698 dicuntur
1234 679 1296 698 esse
1315 670 1472 708 separatim

409 711 453 738 vel
475 719 615 744 seorsum,
631 719 830 746 quaecumque
852 715 919 737 sunt
939 709 970 737 in
985 709 1042 738 alio
1063 717 1091 738 et
1112 709 1169 738 alio
1194 710 1269 738 loco.
1292 727 1311 731 -
1338 710 1474 748 Tangere

410 759 440 778 se
464 749 612 785 dicuntur,
637 758 759 786 quorum
774 755 840 777 sunt
861 749 962 776 ultima
988 749 1084 778 simul.
1099 765 1119 770 -
1136 750 1161 777 3.
1177 750 1285 777 Textus
1306 749 1473 777 subdivisio.

410 790 541 817 Medium
563 795 606 817 est
627 789 655 816 in
677 789 753 826 quod
774 788 888 823 mobile,
911 789 979 816 dum
1001 789 1133 817 continue
1156 794 1297 824 movetur,
1312 794 1410 826 aptum
1433 794 1476 817 est

405 829 493 867 prius
509 829 682 866 pervenire,
705 837 789 866 quam
811 829 850 856 ad
871 828 1002 856 ultimum
1028 828 1183 856 terminum
1212 834 1314 856 motus.
1345 827 1474 856 Medium

409 869 447 896 ad
468 868 564 896 minus
586 874 700 905 oportet
719 868 798 905 quod
820 867 855 896 sit
876 867 905 895 in
926 867 1027 903 tribus,
1050 877 1175 905 quorum
1191 868 1250 895 duo
1272 867 1328 895 sint
1349 874 1475 896 extrema

410 914 438 936 et
458 907 575 936 tertium
600 907 738 936 medium.
760 925 779 929 —
799 917 828 942 4.
855 907 1014 936 Continuus
1034 914 1132 936 motus
1153 914 1204 943 est,
1220 907 1269 944 qui
1292 907 1364 935 nihil
1386 907 1475 935 inter-

405 948 526 986 polatur
547 948 704 976 secundum
727 953 854 985 tempus;
875 947 940 975 licet
960 946 1052 983 possit
1066 956 1128 976 esse
1149 947 1246 984 aliqua
1260 946 1374 975 modica
1388 947 1475 975 inter-

409 987 519 1024 polatio
541 996 581 1015 ex
591 993 678 1025 parte
693 987 737 1015 rei
757 986 786 1014 in
802 996 859 1023 qua
880 993 922 1015 est
943 994 1048 1015 motus.
1063 1003 1082 1008 —
1100 987 1124 1015 5.
1140 987 1219 1015 Loca
1239 986 1388 1015 contraria
1409 993 1475 1014 sunt

409 1036 484 1064 quae
502 1027 663 1064 plurimum
685 1027 792 1054 distant
814 1027 971 1054 secundum
1000 1027 1106 1054 lineam
1136 1032 1253 1055 rectam.
1276 1043 1295 1048 -
1317 1027 1343 1054 6.
1369 1026 1476 1054 Conse-

409 1072 530 1104 quenter
550 1067 588 1094 ad
612 1066 689 1094 aliud
711 1073 768 1101 est,
794 1067 875 1103 quod
903 1066 942 1093 ita
963 1067 1001 1094 ad
1027 1066 1100 1094 illud
1127 1066 1256 1103 sequitur
1283 1075 1348 1094 cum
1373 1066 1476 1094 ordine

409 1107 448 1134 ad
469 1106 586 1143 aliquod
595 1107 735 1144 primum,
759 1111 789 1133 ut
810 1106 883 1134 nihil
897 1106 1025 1134 eiusdem
1046 1106 1167 1145 generis
1182 1106 1288 1134 mediet
1302 1106 1378 1134 inter
1399 1115 1441 1134 ea.
1459 1123 1477 1127 -

410 1145 503 1174 Huius
524 1146 633 1182 species
655 1152 696 1174 est
718 1146 861 1180 habitum,
885 1146 965 1182 quod
986 1145 1025 1174 ita
1046 1147 1082 1174 ad
1103 1146 1224 1174 alterum
1246 1145 1382 1182 sequitur,
1398 1146 1477 1182 quod

543 1264 587 1282 ..c
632 1245 849 1287 ‘ostquam
873 1238 1129 1297 Philosophus
1154 1237 1279 1275 divisit
1297 1237 1472 1275 mutatio-

582 1288 590 1295 *
642 1303 762 1338 nem
792 1299 828 1328 et
855 1298 1005 1328 motum
1034 1291 1071 1327 in
1101 1303 1188 1327 suas
1217 1291 1382 1340 species,
1412 1290 1473 1327 hic

555 1349 631 1401 *lg*
648 1344 843 1395 procedit
875 1344 925 1381 ad
953 1344 1285 1381 determinandum
1315 1344 1362 1381 de
1391 1343 1472 1379 uni-

492 1412 504 1419 -
560 1424 569 1442 x
610 1395 746 1434 ¹tate
780 1405 816 1434 et
849 1397 1109 1434 contrarietate
1143 1405 1271 1433 motus
1308 1396 1348 1433 in
1385 1408 1472 1432 suas

411 1431 567 1498 species.
598 1450 647 1486 Et
667 1450 763 1487 circa
783 1451 857 1487 hoc
886 1450 962 1487 duo
992 1449 1097 1486 facit:
1127 1450 1252 1498 primo
1272 1448 1475 1497 praemittit

410 1501 601 1551 quaedam
631 1503 843 1540 necessaria
872 1503 920 1539 ad
949 1502 1163 1551 sequentia;
1199 1502 1367 1538 secundo
1387 1514 1474 1550 pro-

169 1571 178 1579 ·
207 1570 236 1591 ae
253 1569 384 1601 principali
411 1555 580 1603 sequitur
598 1555 804 1604 principale
823 1555 1111 1604 propositum,
1081 1556 1101 1576 ’¹²
1133 1555 1199 1591 ibi.
1225 1556 1330 1592 Unus
1348 1560 1472 1591 autem

166 1597 293 1624 proposito
313 1595 381 1617 codd.

170 1622 260 1670 etLaeiit.
277 1655 325 1676 seq.

169 1725 265 1746 'Num.
281 1731 328 1752 seq.

170 1778 259 1799 ·.Num
269 1783 294 1805 n,
301 1777 380 1799 infine.

269 1884 285 1900 α

168 2464 179 2475 “
198 2463 267 2485 Num.
283 2470 305 2491 9.

169 2675 180 2685 ⁸
195 2674 267 2696 Num.
283 2681 333 2703 seq.

169 2723 179 2734 ‘
194 2723 302 2745 Num.·8.

411 1609 567 1644 motus*
588 1615 656 1645 etc.
688 1609 798 1645 Circa
816 1608 985 1656 primum
1014 1607 1083 1644 tria
1111 1608 1213 1644 facit:
1243 1607 1368 1656 primo
1389 1607 1476 1644 dicit

412 1661 459 1697 de
483 1673 558 1709 quo
589 1667 643 1696 est
670 1661 849 1707 intentio;
879 1661 1048 1698 secundo
1079 1660 1276 1709 exequitur
1302 1661 1475 1710 proposi-

410 1721 504 1759 tum,
526 1713 593 1749 ibi.
615 1714 736 1750 Simul
754 1714 905 1763 igitur*
922 1721 1004 1759 etc.;
1026 1713 1133 1750 tertio
1154 1713 1386 1762 recapitulat,
1407 1713 1474 1750 ibi:

415 1766 514 1808 Quid
539 1766 686 1814 quidem
716 1767 867 1816 igitur*
888 1773 956 1803 etc.
978 1743 1078 1803 Dicit
1102 1778 1190 1814 ergo
1210 1767 1348 1815 Ριίιιιο,
1370 1767 1475 1815 quod

411 1819 617 1856 dicendum
634 1827 688 1856 est
701 1827 788 1868 post
800 1819 1004 1868 praedicta,
1018 1819 1110 1868 quid
1126 1826 1182 1856 est
1194 1818 1316 1865 simul,
1330 1826 1366 1855 et
1385 1819 1475 1868 quid

411 1879 467 1909 est
481 1878 731 1909 extraneum⁰‘
750 1874 812 1909 vel
826 1878 1054 1921 separatum,
1071 1879 1106 1908 et
1122 1872 1212 1920 quid
1233 1879 1288 1908 est
1307 1877 1474 1921 tangere,

412 1932 448 1961 et
467 1925 559 1974 quid
579 1932 634 1961 εει
653 1925 828 1971 medium,
849 1933 884 1962 et
903 1925 994 1973 quid
1027 1930 1302 1984 consequenter,
1331 1932 1367 1961 et
1385 1925 1476 1973 quid

410 1978 597 2023 balmum,
629 1985 664 2014 ει
692 1978 783 2026 quid
811 1978 1049 2023 continuum,
1085 1985 1121 2014 et
1149 1977 1187 2014 in
1215 1977 1352 2036 quibus
1380 1978 1475 2014 haec

410 2038 498 2067 nata
513 2038 599 2067 sunt
615 2043 708 2068 esse.
730 2031 939 2068 Praemittit
958 2038 1084 2067 autem
1105 2031 1211 2077 haec,
1228 2030 1318 2079 quia
1336 2031 1475 2067 horum

412 2083 695 2120 definitionibus
723 2084 838 2120 utitur
866 2084 903 2120 in
933 2083 1318 2121 demonstrationibus
1345 2096 1475 2120 conse-

411 2137 614 2184 quentibus
632 2149 701 2185 per
723 2143 846 2174 totum
874 2137 1033 2182 librum3
1064 2136 1158 2173 sicut
1178 2143 1214 2173 et
1232 2135 1270 2172 in
1290 2136 1474 2185 principio

411 2189 579 2226 Euclidis
598 2198 792 2238 ponuntur
810 2189 1061 2236 definitiones,
1091 2201 1188 2238 quae
1210 2196 1296 2225 sunt
1315 2201 1474 2237 sequen-

411 2242 506 2279 tium
536 2242 905 2280 demonstrationum
932 2242 1127 2291 principia.

467 2307 500 2331 2.
531 2295 680 2332 Deinde
719 2308 807 2332 curn
846 2295 954 2333 dicit.
996 2295 1119 2332 Simul
1155 2294 1272 2344 igitur
1303 2294 1477 2331 dicuntur

410 2349 503 2384 haec
522 2356 591 2385 etc.
597 2349 822 2408 ,εΧεςιιὶιιιι
840 2348 1091 2398 propositum.
1122 2348 1171 2384 Et
1197 2347 1323 2396 primo
1345 2347 1477 2385 definit

411 2413 509 2450 quae
523 2401 731 2450 praemissa
746 2409 843 2448 sunt;
860 2401 1028 2438 secundo
1046 2407 1243 2449 comparat
1257 2413 1302 2436 ea
1317 2400 1387 2437 ad
1380 2401 1475 2438 invi-

411 2466 508 2500 cem,
524 2454 592 2491 ibi:
612 2455 861 2503 Manifestum
882 2460 1006 2491 autem
1022 2460 1058 2490 et
1070 2454 1171 2502 quod
1181 2453 1376 2501 primum
1369 2455 1473 2490 '‘.etc

411 2507 522 2543 Circa
549 2507 716 2556 primum
745 2508 814 2544 tria
842 2507 947 2544 facit:
983 2507 1108 2556 primo
1139 2506 1270 2543 definit
1303 2518 1348 2542 ea
1376 2519 1473 2555 quae

409 2559 597 2608 pertinent
622 2560 669 2597 ad
689 2566 864 2611 tangere,·
892 2560 1061 2597 secundo
1092 2572 1136 2597 ea
1164 2571 1262 2608 quae
1287 2559 1475 2607 pertinent

410 2613 458 2650 ad
482 2613 556 2649 hoc
586 2614 690 2662 quod
719 2622 775 2650 est
802 2619 1087 2662 consequenter,
1115 2612 1187 2649 ibi:
1217 2612 1390 2648 Medium
1413 2623 1474 2649 ve-

471 2667 598 2712 *ete.;
628 2666 735 2703 tertio
766 2679 810 2703 ea
838 2679 937 2715 quae
965 2666 1154 2715 pertinent
1173 2665 1222 2701 ad
1245 2664 1472 2710 continuum,

410 2719 478 2756 ibi:
505 2720 731 2756 Continuum
751 2725 876 2756 autem
893 2721 912 2741 ‘¹‘
934 2726 1001 2756 etc.
1024 2719 1073 2755 Et
1087 2718 1175 2766 quia
1194 2717 1232 2754 in
1253 2716 1473 2754 definitione

412 2772 491 2809 eius
511 2773 615 2820 quod
636 2780 691 2809 est
709 2778 877 2822 tangere,
897 2772 1052 2821 ponitur
1078 2770 1207 2816 simul,
1237 2770 1323 2806 ideo
1347 2769 1473 2818 primo

412 2825 564 2862 definit
557 2837 699 2874 ipsum:
717 2833 754 2861 et
769 2825 857 2862 dicit
876 2824 980 2874 quod
1000 2824 1060 2860 illa
1075 2823 1249 2861 dicuntur
1268 2834 1349 2859 esse
1363 2823 1476 2859 simul

410 2878 613 2914 secundum
641 2878 786 2923 locum,
816 2889 914 2927 quae
943 2884 1030 2914 sunt
1058 2876 1095 2912 in
1118 2888 1197 2912 uno
1224 2876 1309 2912 loco
1328 2875 1473 2924 primo;

412 2938 448 2967 et
477 2931 610 2967 dicitur
646 2930 791 2989 primus
828 2931 934 2967 locus
968 2929 1287 2977 uniuscuiusque,
1327 2928 1391 2977 qui
1420 2937 1475 2965 est

410 2983 586 3031 proprius
605 2983 712 3019 locus
733 2983 825 3019 eius.
855 2984 913 3019 Ex
941 2983 1016 3019 hoc
1035 2982 1137 3019 enim
1158 2981 1282 3030 aliqua
1302 2981 1475 3018 dicuntur

412 3046 494 3072 esse
516 3036 638 3082 simul,
669 3035 773 3084 quod
802 3043 888 3072 sunt
916 3035 954 3072 in
981 3048 1059 3072 uno
1085 3035 1170 3071 loco
1190 3033 1366 3083 proprio:
1397 3046 1474 3071 non

411 3097 539 3126 autem
570 3100 614 3124 ex
637 3089 711 3125 hoc
740 3089 842 3138 quod
871 3095 957 3125 sunt
976 3088 1013 3124 in
1032 3100 1110 3124 uno
1139 3088 1224 3124 loco
1255 3087 1473 3133 communi;

411 3142 499 3191 quia
528 3141 739 3178 secundum
768 3142 842 3178 hoc
869 3149 999 3201 posset
1019 3140 1091 3178 dici
1111 3140 1215 3189 quod
1244 3139 1375 3176 omnia
1394 3152 1474 3176 cor—

410 3207 506 3244 pora
535 3202 659 3232 essent
686 3194 818 3242 simul,
857 3194 946 3243 quia
978 3193 1109 3231 omnia
1138 3193 1375 3231 continentur
1404 3193 1473 3229 sub

413 3249 530 3285 caelo.
561 3247 660 3285 Dicit
679 3255 806 3285 autem
826 3248 931 3296 quod
950 3247 1060 3284 simul
1087 3246 1260 3284 dicuntur
1277 3247 1373 3284 haec
1393 3258 1474 3283 esse

412 3301 624 3338 secundum
653 3302 802 3348 locum,
842 3301 891 3338 ad
929 3299 1180 3338 differentiam
1210 3311 1343 3336 eorum
1379 3310 1475 3348 quae

468 3438 494 3471 α)
514 3442 682 3464 extraneum.
695 3442 891 3465 -contractum
911 3438 1011 3471 GKpE,
1035 3438 1199 3464 abstractum
1219 3438 1291 3471 HpF,
1310 3441 1475 3463 contractum

413 3474 449 3498 al.
463 3474 514 3498 l’ra
533 3477 691 3499 extraneum
711 3475 736 3505 S,
755 3477 908 3500 extractum
928 3475 986 3499 edd.
1001 3481 1018 3498 a
1028 3474 1042 3499 b
1062 3479 1086 3498 et
1101 3478 1149 3498 cet.
1164 3481 1217 3499 exc.
1232 3473 1276 3498 sE.
1288 3487 1306 3492 —
1319 3473 1369 3498 Pro
1383 3473 1423 3498 vel
1436 3480 1477 3497 se-

410 3511 547 3539 paratum,
561 3512 587 3533 et
600 3509 744 3541 separatim
759 3510 791 3537 Η,
807 3513 832 3535 et
846 3513 999 3542 separatum
1014 3509 1106 3542 Bpr,
1121 3509 1161 3534 vel
1174 3508 1238 3541 quid
1250 3511 1402 3540 separatum
1419 3508 1448 3533 D.
1458 3522 1476 3527 ·-

414 3543 465 3567 Pro
483 3546 509 3567 et
528 3544 553 3568 in
573 3545 673 3575 quibus,
689 3547 714 3569 et
727 3545 752 3569 in
772 3545 891 3577 qualibus
906 3545 1054 3575 ACDEGV,
1069 3547 1095 3569 et
1110 3544 1135 3569 in
1149 3544 1222 3577 quali
1234 3544 1256 3574 l,
1276 3547 1302 3568 et
1316 3545 1341 3568 in
1362 3544 1476 3576 qualibet

415 3585 445 3602 re
463 3579 517 3608 LS,
536 3582 561 3602 et
580 3579 710 3610 quomodo
734 3580 759 3604 in
784 3581 897 3612 qualibet
921 3587 949 3605 re
974 3581 1010 3611 Q;
1030 3585 1092 3611 cen,
1117 3587 1170 3604 exc.
1192 3579 1363 3610 BFHNRsO,
1388 3579 1476 3612 legunt
1530 3579 1570 3603 ed.
1588 3586 1619 3609 a,
1639 3586 1709 3604 nunc
1727 3582 1914 3612 consequenter
1932 3579 1968 3609 N.

415 3613 501 3645 qualz,
522 3615 592 3645 quod
612 3614 696 3646 potius
715 3615 830 3646 qualibet
849 3623 927 3647 quam
946 3615 1065 3648 qualibus
1085 3616 1209 3648 designat.

1047 283 1393 324 PHYSICORUM
1421 286 1770 324 ARISTOTELIS
1800 288 1894 324 LIB.
1924 288 1960 324 V

1532 362 1547 379 *
1557 365 1643 402 Quid
1659 365 1810 405 quidem'
1802 365 1896 405 igitur
1908 372 1955 396 est
1969 365 2065 396 simul
2082 373 2112 398 et
2126 369 2303 408 separatim,
2319 376 2350 400 et
2365 369 2443 410 quid
2459 376 2596 410 tangere,

1600 415 1630 439 et
1645 409 1722 449 quid
1739 409 1892 448 medium,
1909 416 1939 440 et
1955 410 2033 450 quid
2048 418 2286 452 consequenter,
2302 419 2332 444 et
2348 413 2425 454 quid
2440 414 2596 453 habitum,

1601 460 1631 483 et
1647 452 1725 493 quid
1741 453 1941 493 continuum,
1955 461 1985 485 et
1999 453 2033 484 in
2051 455 2193 496 quolibet
2209 457 2464 498 unumquodque
2483 468 2596 489 eorum

1600 497 1692 536 inest,
1712 497 1834 528 dictum
1857 504 1912 529 est.

1509 592 1640 630 ·tangit:
1669 602 1720 620 seu
1746 593 1832 629 nihil,
1861 603 1956 630 neque
1981 594 2109 622 eiusdem
2137 604 2231 632 neque
2259 595 2381 624 alterius
2400 597 2529 641 generis.
2553 604 2596 626 est

1530 632 1658 660 medium
1679 632 1754 660 inter
1774 642 1817 661 ea.
1831 649 1850 654 -
1867 643 1892 670 7.
1915 634 2011 662 Omne
2033 634 2162 662 medium
2182 641 2225 663 est
2239 634 2313 662 inter
2335 635 2478 664 contraria
2497 637 2595 674 aliquo

1530 672 1630 700 modo.
1657 689 1676 693 —
1703 673 1730 700 8.
1768 673 1940 701 Continuum
1969 679 2011 702 est
2039 683 2104 702 cum
2133 674 2234 702 ultima
2262 683 2293 702 se
2322 675 2502 720 tangentium
2530 682 2597 705 sunt

1530 719 1635 745 unum,
1657 712 1788 748 adeoque
1809 719 1904 749 partes
1925 713 2053 742 continui
2075 713 2258 742 continentur
2282 723 2342 742 uno
2367 714 2492 743 termino
2513 724 2596 744 com-

1531 750 1621 778 muni.
1643 767 1663 772 ·-
1683 761 1711 787 9.
1734 752 1948 788 Comparantur
1979 753 2016 781 ad
2043 753 2164 781 invicem
2193 759 2400 790 consequenter
2425 763 2456 782 se
2477 754 2595 790 habens,

1531 795 1692 818 contactum
1714 797 1742 818 et
1763 792 1938 820 continuum.
1961 793 2180 838 Consequenter
2201 802 2231 821 se
2253 794 2362 821 habens
2388 794 2490 822 ordine
2511 800 2595 823 natu-

1531 837 1579 856 rae
1601 835 1643 857 est
1669 829 1796 866 primum
1823 830 1897 859 inter
1918 831 1966 860 illa
1985 831 2055 868 tria,
2085 832 2152 869 quia
2180 842 2268 861 omne
2289 839 2454 861 contactum
2481 840 2598 870 oportet

1531 877 1595 896 esse
1616 875 1842 906 consequenter,
1871 871 1921 899 sed
1942 880 2003 899 non
2030 872 2213 900 convertitur.
2235 888 2254 893 —
2281 882 2323 900 10.
2346 873 2455 901 Eadem
2483 873 2595 902 ratione

1531 914 1696 936 contactum
1711 915 1754 937 est
1767 909 1846 946 prius
1860 919 1949 947 quam
1970 910 2157 939 continuum:
2179 911 2203 940 si
2218 911 2293 940 enim
2310 911 2410 940 ultima
2430 911 2595 950 aliquorum

1531 953 1598 975 sunt
1610 957 1711 984 unum,
1723 955 1839 985 oportet
1853 950 1933 986 quod
1948 950 2004 978 sint
2018 950 2112 987 simul,
2123 951 2173 980 sed
2187 961 2248 979 non
2263 961 2277 979 e
2288 961 2438 980 converso.
2448 961 2525 980 -ιι,
2540 953 2595 981 Co-

1532 987 1695 1016 rollarium
1729 988 1830 1017 Unitas
1850 994 1878 1017 et
1895 995 2033 1027 punctum
2054 1000 2116 1019 non
2137 997 2204 1019 sunt
2224 991 2310 1019 idem.
2334 993 2363 1027 a)
2391 993 2502 1020 Puncta
2528 999 2596 1020 sunt

1531 1026 1561 1054 in
1583 1027 1627 1054 his
1648 1036 1722 1064 quae
1743 1034 1812 1056 nata
1831 1035 1898 1057 sunt
1921 1038 1951 1057 se
1971 1036 2103 1066 tangere;
2125 1029 2155 1058 in
2175 1030 2332 1058 unitatibus
2350 1037 2446 1059 autem
2467 1041 2528 1060 non
2549 1031 2595 1060 in-

1531 1066 1644 1094 venitur
1658 1073 1816 1096 contactus.
1840 1068 1868 1104 b)
1890 1069 1965 1097 inter
1986 1070 2045 1097 duo
2067 1076 2174 1105 puncta
2194 1076 2236 1098 est
2251 1070 2359 1106 aliquid
2380 1070 2519 1105 medium,
2541 1071 2595 1099 sci—

1531 1106 1596 1134 licet
1616 1106 1707 1142 linea;
1729 1108 1780 1135 sed
1801 1108 1875 1136 inter
1896 1109 1968 1136 duas
1990 1108 2113 1137 unitates
2134 1118 2195 1137 non
2216 1118 2332 1137 necesse
2347 1116 2389 1137 est
2403 1119 2465 1138 esse
2485 1092 2595 1147 aliquid

1533 1145 1670 1174 medium.
1688 1163 1707 1167 —
1729 1147 1875 1184 Epilogus.

1529 1237 1706 1275 dicuntur
1734 1251 1816 1275 esse
1845 1239 1958 1276 simul
1986 1246 2181 1288 tempore:
2210 1240 2294 1277 hoc
2314 1241 2415 1278 enim
2441 1253 2520 1279 non
2540 1249 2596 1279 est

1528 1302 1630 1327 nunc
1652 1292 1671 1312 '¹‘
1691 1291 1738 1328 ad
1758 1291 2009 1340 propositum.
2040 1293 2113 1328 Per
2141 1293 2359 1342 oppositum
2389 1301 2517 1332 autern
2542 1294 2596 1331 di-

1529 1350 1664 1380 cuntur
1698 1355 1780 1380 esse
1804 1345 2006 1393 separatim
2029 1345 2092 1382 vel
2118 1357 2298 1392 seorsum,
2330 1359 2594 1396 quaecumque

1530 1404 1617 1433 sunt
1644 1395 1682 1433 in
1711 1396 1783 1433 alio
1815 1404 1850 1434 et
1877 1397 1950 1434 alio
1979 1398 2078 1434 loco.
2117 1399 2292 1448 Tangere
2317 1407 2444 1436 autem
2473 1413 2514 1437 se
2542 1399 2596 1437 di-

1530 1457 1675 1496 cuntur,
1697 1461 1863 1498 quorum
1891 1457 1978 1487 sunt
1995 1450 2128 1487 ultima
2146 1450 2270 1490 simul.
2299 1452 2441 1489 Ultima
2469 1459 2596 1489 autem

1531 1514 1737 1551 corporum
1758 1503 1778 1524 '⁸‘
1798 1509 1885 1539 sunt
1913 1503 2144 1552 superficies,
2167 1511 2203 1541 et
2226 1504 2359 1541 ultima
2379 1505 2597 1558 superficie-
2621 1515 2633 1527 ·

1531 1567 1615 1591 rum
1636 1562 1722 1592 sunt
1741 1555 1862 1592 lineae
1876 1554 1905 1603 β,
1928 1564 1963 1593 ει
1981 1556 2113 1593 ultima
2132 1557 2316 1594 linearum
2338 1566 2424 1595 sunt
2441 1565 2594 1607 puncta.

1532 1607 1571 1645 Si
1601 1620 1690 1656 ergo
1710 1615 1874 1657 ponatur
1903 1609 2007 1658 quod
2035 1610 2134 1646 duae
2162 1610 2282 1646 lineae
2311 1623 2351 1647 se
2375 1618 2531 1659 tangant
2557 1611 2596 1648 in

1531 1660 1608 1697 suis
1626 1660 1779 1708 ultimis,
1801 1661 1877 1698 duo
1905 1669 2046 1710 puncta
2065 1661 2227 1700 duarum
2251 1663 2436 1701 linearum
2457 1677 2497 1701 se
2517 1671 2596 1702 tan-

1531 1713 1699 1761 gentium
1720 1691 2013 1752 continebuntur
2031 1716 2101 1752 sub
2121 1728 2199 1752 uno
2218 1723 2360 1764 puncto
2385 1717 2457 1754 loci
2478 1717 2595 1754 conti-

1531 1767 1663 1803 nentis.
1703 1767 1786 1803 Nec
1813 1775 1969 1816 propter
1996 1768 2071 1804 hoc
2099 1768 2268 1817 sequitur
2295 1770 2400 1817 quod
2428 1770 2595 1807 locatum

1531 1819 1576 1856 sit
1604 1819 1727 1856 maius
1762 1820 1868 1856 loco:
1907 1820 1995 1869 quia
2032 1829 2217 1869 punctum
2251 1822 2422 1859 additum
2453 1830 2595 1872 puncto

1531 1872 1619 1908 nihil
1650 1871 1773 1909 maius
1803 1873 1927 1910 efficit.
1967 1874 2016 1910 Et
2052 1873 2188 1910 eadem
2222 1874 2366 1911 ratione
2404 1887 2444 1911 se
2481 1875 2597 1912 habet

1530 1925 1569 1962 in
1597 1925 1690 1962 aliis.
1961 1939 1967 1954 ¹

1586 1979 1620 2014 3.
1650 1977 1798 2015 Deinde
1828 1990 1915 2014 cum
1945 1978 2053 2016 dicit:
2090 1979 2263 2016 Medium
2301 1991 2390 2016 vero
2425 1980 2462 2016 in
2496 1981 2597 2029 quod

1530 2036 1659 2079 aptum
1680 2038 1762 2077 etc„
1790 2031 1921 2068 definit
1940 2043 1985 2067 ea
2004 2043 2101 2079 quae
2120 2032 2308 2080 pertinent
2327 2033 2376 2069 ad
2395 2033 2470 2069 hoc
2489 2033 2594 2082 quod

1531 2090 1797 2132 consequenter
1831 2096 1871 2120 se
1903 2084 2028 2120 habet.
2068 2085 2116 2120 Et
2145 2085 2242 2121 circa
2278 2086 2352 2122 hoc
2386 2085 2455 2122 tria
2486 2086 2592 2123 facit:

1530 2136 1655 2185 primo
1677 2136 1807 2173 definit
1826 2137 2001 2182 medium,
2018 2137 2122 2184 quod
2146 2138 2299 2187 ponitur
2318 2138 2356 2174 in
2375 2138 2594 2175 definitione

1532 2189 1611 2225 eius
1639 2189 1745 2237 quod
1775 2196 1829 2225 est
1848 2197 2144 2237 consequenter3
2174 2190 2342 2227 secundo
2367 2190 2499 2228 definit
2519 2192 2595 2228 hoc

1531 2241 1637 2290 quod
1662 2249 1717 2278 est
1745 2250 2031 2300 consequenter,
2061 2242 2133 2279 ibi:

1531 2347 1650 2394 dictis,
1680 2347 1750 2384 ibi:

1530 2400 1631 2437 Dicit
1659 2412 1748 2448 ergo
1785 2400 1933 2449 primO,
1966 2402 2072 2449 quod
2100 2402 2263 2438 medium
2302 2409 2376 2450 est,
2414 2402 2453 2439 in
2491 2403 2596 2452 quod

1530 2453 1655 2512 primo
1675 2461 1807 2501 aptum
1836 2460 1968 2490 natum
1999 2462 2054 2491 est
2080 2455 2281 2503 pervenire
2309 2454 2347 2492 id
2375 2455 2481 2514 quod
2506 2467 2595 2492 con-

1529 2506 1633 2542 tinue
1652 2513 1818 2543 mutatur
1846 2507 2057 2544 secundum
2085 2514 2272 2544 naturam.
2302 2520 2419 2557 quam
2447 2508 2485 2546 in
2512 2508 2595 2545 ulti-

1530 2571 1638 2595 mum
1666 2559 1873 2595 terminum
1902 2567 2042 2607 motus,
2071 2560 2110 2597 in
2138 2573 2254 2609 quem
2283 2568 2469 2598 mutatur:
2499 2561 2596 2599 sicut

1530 2611 1560 2648 si
1580 2612 1721 2660 aliquid
1750 2618 1918 2648 mutatur
1946 2613 1994 2650 de
2022 2615 2056 2649 A
2084 2613 2123 2650 in
2153 2614 2184 2650 C
2212 2625 2280 2662 Ρει
2308 2615 2351 2661 Β,
2378 2614 2593 2651 dummodo

1530 2664 1576 2701 sit
1595 2665 1795 2701 continuus
1815 2673 1953 2712 motus,
1983 2666 2108 2714 primo
2132 2666 2306 2715 pervenit
2326 2666 2374 2704 ad
2403 2668 2447 2714 Β,
2477 2679 2594 2716 quam

1530 2717 1578 2754 ad
1607 2718 1650 2754 C.
1681 2717 1855 2754 Medium
1876 2726 2004 2755 autem
2023 2726 2149 2767 potest
2168 2719 2322 2768 quidem
2353 2732 2434 2756 esse
2454 2719 2492 2757 in
2510 2721 2594 2769 plu-

1530 2770 1648 2815 ribus;
1679 2771 1768 2820 quia
1787 2771 1881 2807 inter
1901 2771 1977 2808 duo
1998 2779 2166 2809 extrema
2185 2779 2346 2831 possunt
2373 2785 2455 2809 esse
2475 2773 2595 2810 multa

1530 2823 1677 2870 media,
1713 2823 1807 2860 sicut
1839 2824 1936 2861 inter
1968 2825 2098 2861 album
2132 2831 2168 2861 et
2194 2825 2343 2873 nigrum
2372 2834 2458 2862 sunt
2485 2825 2594 2863 multi

1531 2877 1678 2913 colores
1697 2876 1834 2913 medii:
1865 2877 1932 2914 sed
1961 2878 2010 2914 ad
2038 2877 2164 2914 minus
2194 2886 2343 2927 oportet
2367 2878 2471 2927 quod
2491 2878 2537 2915 sit
2554 2877 2594 2915 in

1529 2929 1658 2976 tribus,
1689 2941 1854 2988 quorum
1884 2930 1961 2967 duo
1991 2938 2078 2967 sunt
2106 2937 2286 2978 extrema,
2317 2938 2352 2967 et
2371 2942 2491 2967 unum
2512 2942 2592 2967 me·

1530 2981 1648 3019 dium
1680 2982 1740 3018 Sic
1760 2981 1869 3030 igitur
1896 2982 2067 3020 medium
2097 2990 2152 3019 εει
2178 2995 2248 3032 per
2274 2982 2379 3032 quod
2408 2982 2445 3019 in
2470 2990 2591 3020 muta—

1529 3034 1630 3071 tione
1658 3034 1878 3083 pervenitur
1905 3035 1953 3072 ad
1981 3035 2180 3082 ultimum3
2210 3035 2276 3072 sed
2304 3035 2479 3072 ultimum
2509 3048 2592 3073 mu-

1529 3087 1678 3123 tationis
1698 3095 1753 3124 est
1772 3087 2014 3125 contrarium.
2044 3088 2199 3125 Dictum
2228 3096 2284 3125 est
2311 3089 2411 3125 enim
2442 3089 2591 3137 supra*

1530 3139 1634 3189 quod
1663 3147 1790 3177 motus
1818 3147 1874 3177 est
1902 3141 1949 3177 de
1979 3141 2167 3178 contrario
2196 3141 2234 3178 in
2263 3142 2505 3179 contrarium.

1581 3205 1618 3240 4.
1649 3193 1698 3229 Et
1722 3193 1809 3242 quia
1828 3192 1866 3230 in
1886 3193 2106 3230 definitione
2134 3193 2286 3231 medii*
2304 3203 2484 3243 posuerat
2503 3207 2592 3232 con-

1530 3245 1779 3283 tinuationem
1808 3253 1945 3293 motus,
1973 3254 2248 3306 consequenter
2266 3252 2281 3274 ⁷
2309 3247 2473 3284 ostendit
2501 3247 2591 3297 quid

1531 3299 1674 3336 dicatur
1693 3299 1869 3336 continue
1890 3299 2048 3337 moveri.
2070 3301 2198 3337 Potest
2217 3308 2343 3337 autem
2361 3300 2590 3338 continuatio

1584 3435 1609 3472 β)
1629 3441 1655 3462 et
1679 3438 1772 3462 ultima
1790 3438 1987 3471 superficierum
2006 3441 2069 3463 sunt
2087 3437 2178 3463 lineae.
2192 3452 2211 3457 -
2224 3439 2295 3463 Haec
2307 3439 2428 3464 omittunt
2445 3439 2487 3464 ab
2506 3443 2531 3463 et
2547 3445 2590 3463 co-

1531 3473 1609 3514 dices.
1622 3487 1644 3514 -·
1652 3473 1702 3497 Pro
1716 3476 1830 3506 tangant
1845 3479 1870 3498 et
1886 3474 2061 3507 tangentium,
2077 3473 2178 3498 codices
2197 3473 2292 3499 habent
2309 3474 2467 3507 contingant
2485 3478 2510 3499 et
2528 3480 2589 3499 con-

1530 3511 1823 3577 ιιΜέγείιΐιξιιξὲεξεᾳιιεηιεν.
1840 3558 1859 3562 -
1878 3543 2071 3574 PBFHQth3
2091 3547 2121 3568 ut
2137 3544 2261 3577 quoniam
2287 3544 2364 3577 pEG,
2391 3547 2420 3569 ut
2442 3547 2589 3569 commenta

1989 3579 2047 3604 ideo
2065 3582 2253 3612 consequenter
2265 3578 2371 3610 ClLsG,
2389 3581 2420 3604 ut
2431 3584 2590 3612 consequen-

1530 3617 1570 3639 ter
1589 3620 1637 3640 cet.

2168 2244 2443 2291 Consequenter
2469 2247 2604 2282 autem'

1530 2300 1585 2331 est
1606 2294 1626 2316 *
1656 2302 1747 2331 etc.·
1739 2323 1747 2341 ‚
1778 2294 1886 2331 tertio
1915 2295 2026 2332 infert
2053 2295 2249 2344 quoddam
2279 2296 2520 2333 corollarium
2549 2309 2595 2334 ex
2620 2304 2632 2317 ·

1786 2348 1973 2406 Quoniam
2005 2354 2130 2385 autem
2159 2349 2279 2386 omnis
2307 2349 2462 2386 mutatio
2484 2350 2504 2371 ‘¹
2524 2357 2593 2388 etc.
2620 2358 2633 2370 ⁸

2623 375 2714 399 ‘Ten
2728 382 2766 406 3⁰·

2646 2304 2716 2327 Num.
2731 2305 2746 2327 6

2646 2357 2717 2380 Num.
2731 2364 2744 2387 7

2881 2938 2898 3015 3

2617 3095 2703 3118 ·Leet.
2714 3101 2737 3124 n,
2754 3102 2777 3119 n.
2787 3096 2830 3119 ult.
2880 3074 2898 3159 {i

2619 3209 2713 3232 ‘Num
2725 3215 2801 3238 praee.
2879 3211 2898 3220 ⁵·

2715 3259 2732 3285 Υ
