2898 3996
168 1370 176 1377 ·
206 1367 362 1394 Philosophus

169 1400 216 1415 orn.
225 1393 294 1415 codd.
309 1397 330 1414 ct
338 1399 361 1414 a.

165 1791 175 1801 '⁶
182 1789 324 1811 indivtsibile
334 1795 375 1811 rm-

167 1823 196 1837 NR
211 1820 232 1837 et
248 1822 262 1837 a
271 1816 291 1837 b.

164 2053 285 2102 '‘tsgfficit
310 2053 378 2075 codd.

165 2087 176 2101 e
222 2096 227 2101 .

167 2694 176 2702 ·
193 2692 254 2713 Lcct.
265 2699 287 2718 v,
300 2697 323 2712 n.
338 2691 360 2714 8.
371 2702 381 2706 -

168 2721 194 2739 ul
210 2724 281 2746 supra
297 2718 381 2739 dictum

169 2747 205 2766 est
223 2751 271 2766 orn.
288 2744 380 2765 codices

169 2775 191 2793 et
205 2777 219 2792 a
228 2771 249 2792 b.

170 2904 179 2911 ”
195 2904 219 2923 et
239 2902 308 2924 codd.
331 2907 380 2923 cxc.

171 3169 179 3176 ”
196 3173 224 3188 ca
247 3173 293 3188 om.
309 3166 361 3187 rab.
373 3177 382 3182 -

171 3194 205 3214 ad
225 3194 319 3214 invicem
335 3199 383 3214 om.

173 3219 241 3241 codd.
256 3226 304 3240 cxc.
316 3225 381 3240 narn.

410 302 484 338 252

461 380 601 406 SvNorsts
618 395 652 399 -
674 388 696 406 1.
712 379 786 406 Cum
809 384 905 405 motus
926 377 961 405 sit
982 386 1056 405 unus
1071 377 1237 413 simpliciter
1258 386 1318 405 non
1333 377 1405 405 sicut
1426 377 1469 405 in-

409 418 546 446 divisibile
567 425 609 446 est
630 427 730 452 unum,
746 418 796 445 sed
814 417 886 444 sicut
908 417 1091 451 continuum,
1114 416 1243 453 sequitur
1263 417 1343 453 quod
1358 417 1414 444 hoc
1435 417 1471 444 sit

408 457 501 486 motui
523 467 583 485 esse
605 467 712 492 unum,
737 457 817 493 quod
845 462 887 484 est
908 456 933 484 ei
962 465 1023 484 esse
1052 455 1232 484 continuum.
1261 457 1470 492 Quaecumque

408 507 476 534 ergo
498 497 682 533 requiruntur
703 497 739 524 ad
761 495 978 523 continuitatem
1007 502 1120 530 motus,
1146 495 1331 532 requiruntur
1351 496 1388 524 ad
1409 495 1470 524 eius

407 537 556 564 unitatem.
578 553 597 557 -
618 543 644 563 2.
667 536 712 563 Ad
738 534 956 563 continuitatem
982 541 1078 563 autem
1100 534 1299 571 requiruntur,
1322 535 1353 571 a)
1375 534 1470 563 unitas

407 576 522 614 speciei,
544 584 649 611 nempe
671 576 751 611 quod
772 581 868 602 motus
887 574 922 602 sit
943 574 973 602 in
994 583 1024 602 re
1046 573 1210 602 indivisibili
1225 575 1384 602 secundum
1406 583 1469 610 spe-

408 616 489 643 ciem.
514 614 659 642 Continua
673 614 750 642 enirn
772 620 838 641 sunt
853 623 978 650 quorum
993 613 1094 641 ultima
1115 613 1255 650 contingit
1275 622 1336 641 esse
1362 623 1469 648 unum;

407 654 486 691 atqui
507 654 608 682 ultima
627 660 760 682 motuum
781 653 831 689 qui
851 653 987 680 differunt
1007 661 1111 690 genere
1132 653 1176 682 vel
1197 653 1300 690 specie,
1326 662 1391 681 cum
1414 653 1471 681 sint

407 694 535 722 diversae
556 693 683 728 rationis,
705 703 765 721 non
786 699 908 730 possunt
931 692 991 720 fieri
1013 702 1120 728 unum;
1149 701 1218 729 ergo
1238 699 1375 729 poterunt
1400 693 1470 720 tales

407 740 504 761 motus
526 742 587 761 esse
608 738 815 770 consequenter
840 739 868 760 et
889 733 1109 768 quodammodo
1130 741 1161 760 se
1183 738 1319 770 tangere,
1341 741 1402 759 non
1427 738 1470 760 ta-

407 782 474 801 men
490 782 550 800 esse
573 773 708 800 continui.
723 788 743 793 —
760 773 784 800 3.
802 773 829 807 b)
849 771 949 799 Unitas
971 771 1120 799 numerica
1141 771 1270 799 mobilis:
1291 780 1359 799 nam
1375 780 1469 808 neque

407 819 540 840 motuum
562 812 740 840 diversorum
769 811 920 840 mobilium
942 818 1064 847 possunt
1089 817 1215 839 extrema
1241 819 1303 839 esse
1328 820 1428 838 unum.
1450 826 1468 832 -

406 862 434 887 4.
457 854 482 887 c)
505 851 669 888 Requiritur
696 853 776 888 quod
797 857 893 879 motus
915 850 951 878 sit
973 860 1046 878 unus
1072 856 1215 888 tempore,
1244 851 1300 878 hoc
1321 856 1363 878 est
1390 851 1470 886 quod

406 892 487 920 nullo
515 898 645 928 tempore
671 891 706 919 sit
727 891 909 927 interruptus.
941 891 1029 918 Secus
1058 890 1136 918 enim
1163 896 1259 918 motus
1287 889 1470 927 intercipitur

406 932 508 968 quiete,
524 937 551 959 et
572 931 610 959 ita
632 930 713 959 multi
728 937 824 958 motus
846 936 938 965 erunt,
954 937 981 958 et
995 939 1055 958 non
1070 939 1144 957 unus
1163 938 1257 966 neque
1272 928 1435 957 continuus.
1451 946 1469 950 -

409 972 433 999 5.
456 972 522 998 Duo
544 970 624 999 modi
639 970 806 999 secundarii
825 969 941 998 unitatis
963 976 1069 997 motus.
1093 969 1123 997 Si
1137 979 1229 997 unum
1250 968 1405 997 attenditur
1426 977 1469 996 se-

406 1011 534 1038 cundum
555 1011 679 1038 formam
701 1009 925 1044 substantialem,
942 1018 1016 1046 quae
1038 1015 1080 1037 est
1096 1009 1231 1045 perfectio
1252 1008 1350 1043 totius,
1372 1014 1469 1036 motus

406 1050 510 1078 dicitur
523 1059 597 1077 unus
619 1060 652 1078 ex
676 1050 732 1078 hoc
753 1050 833 1086 quod
857 1055 899 1077 est
919 1049 1073 1085 perfectus;
1098 1048 1121 1076 si
1141 1057 1209 1076 vero
1231 1057 1322 1076 unum
1337 1047 1469 1076 conside-

405 1096 484 1118 retur
505 1090 662 1117 secundum
685 1089 890 1126 quantitatem,
913 1088 1016 1116 dicitur
1035 1097 1127 1116 unum
1149 1088 1234 1116 etiam
1256 1089 1292 1116 de
1313 1093 1395 1116 motu
1415 1087 1469 1115 im-

405 1130 540 1166 perfecto,
556 1129 717 1157 dummodo
735 1129 770 1156 sit
791 1128 955 1156 continuus.
969 1144 988 1149 —
1005 1129 1031 1156 6.
1053 1129 1162 1156 Textus
1176 1127 1343 1156 subdivisio.
1359 1127 1470 1155 Dicitur

405 1176 551 1205 praeterea
579 1175 675 1196 motus
698 1178 781 1203 unus,
804 1168 853 1205 qui
874 1174 917 1196 est
938 1168 1089 1206 regularis
1109 1177 1160 1196 seu
1181 1166 1341 1195 uniformis.
1364 1166 1468 1194 Indivi-

405 1208 522 1236 sibilitas
541 1208 617 1236 enim
640 1207 762 1244 pertinet
782 1209 820 1236 ad
841 1207 984 1236 rationem
1005 1207 1106 1242 unius3
1128 1213 1225 1235 motus
1246 1213 1343 1235 autem
1360 1206 1469 1243 irregu-

405 1248 479 1284 laris,
502 1257 552 1276 seu
573 1247 724 1283 difformis,
740 1254 782 1276 est
797 1247 944 1279 divisibilis
959 1247 989 1275 in
1003 1253 1098 1284 partes
1120 1246 1280 1275 dissimiles.
1297 1247 1389 1281 Unde,
1405 1246 1469 1274 licet

487 1410 490 1417 Χ
523 1366 654 1439 'jv-‘leb
668 1365 845 1406 ostquam
873 1357 1129 1406 Philosophus
1150 1357 1171 1378 ²¹²
1199 1356 1326 1405 posuit
1363 1355 1467 1404 quod

531 1438 555 1460 .ss
667 1410 736 1447 tria
756 1410 998 1459 requiruntur
1017 1410 1066 1447 ad
1085 1411 1160 1446 hoc
1179 1410 1284 1458 quod
1304 1410 1349 1447 sit
1367 1421 1466 1445 unus

543 1458 653 1523 ⁴8}ss
668 1470 795 1500 motus
815 1463 1047 1512 simpliciter,
1070 1463 1209 1500 scilicet
1231 1462 1354 1499 unitas
1373 1469 1468 1498 tem-

536 1514 561 1557 ss
600 1511 651 1555 ,Μ
667 1516 782 1565 poriS,
804 1524 840 1553 et
859 1517 911 1553 rei
931 1516 968 1552 in
989 1528 1063 1564 qua
1088 1523 1143 1552 est
1161 1523 1305 1561 motus,
1327 1522 1362 1552 et
1381 1515 1468 1552 sub-

405 1570 510 1615 iecti;
539 1570 599 1606 hic
619 1570 694 1606 hoc
722 1570 886 1617 probare
915 1569 1083 1605 intendit.
1115 1569 1216 1605 Cum
1242 1568 1344 1605 enim
1373 1568 1467 1604 mul-

404 1623 574 1672 tipliciter
611 1622 755 1659 dicatur
791 1634 912 1659 unum
951 1621 1192 1670 simpliciter,
1231 1634 1310 1658 uno
1349 1620 1467 1658 modo

405 1676 499 1713 sicut
532 1675 685 1725 aliquod
722 1674 948 1712 indivisibile
982 1683 1037 1712 est
1063 1687 1207 1721 unum,
1243 1674 1316 1711 alio
1350 1674 1468 1711 modo

405 1729 500 1766 sicut
521 1729 742 1765 continuum
764 1736 819 1765 est
836 1739 977 1773 unum3
1003 1735 1131 1764 motus
1150 1740 1228 1764 non
1253 1735 1378 1776 potest
1398 1727 1470 1764 dici

406 1782 624 1831 simpliciter
655 1793 755 1818 unus
784 1781 879 1817 sicut
907 1780 1141 1817 indivisibilis
1169 1781 1199 1827 ²³,
1225 1780 1313 1828 quia
1347 1781 1470 1817 nullus

406 1843 533 1872 motus
571 1833 806 1871 indivisibilis
844 1841 909 1870 est.
953 1833 1064 1870 Unde
1103 1833 1322 1881 relinquitur
1363 1833 1468 1881 quod

406 1890 480 1925 hoc
509 1888 627 1924 modo
658 1886 803 1923 dicatur
829 1898 928 1923 unus
949 1886 1044 1923 sicut
1064 1885 1279 1931 continuus;
1310 1893 1346 1922 et
1365 1888 1469 1934 quod

406 1942 481 1977 hoc
505 1940 550 1976 sit
578 1939 698 1976 motui
720 1951 802 1975 esse
829 1935 951 1976 unum
980 1938 1207 1987 simpliciter,
1229 1938 1333 1987 quod
1363 1947 1418 1975 est
1437 1940 1470 1976 ei

408 2007 488 2032 esse
519 1993 763 2037 continuum;
795 1999 830 2028 et
857 1992 939 2040 ipsa
963 1991 1187 2029 continuitas
1216 1999 1344 2029 motus
1366 1993 1468 2029 suffi-

408 2047 478 2083 ciat
507 2048 527 2067 ss
556 2046 604 2083 ad
639 2045 717 2082 eius
745 2044 939 2082 unitatem.
971 2045 1147 2094 Sequitur
1176 2045 1277 2081 enim
1307 2046 1412 2093 quod
1440 2045 1469 2082 si

408 2108 463 2136 est
483 2099 695 2145 continuus,
726 2098 830 2146 quod
851 2098 895 2135 sit
913 2111 1023 2135 unus.
1055 2098 1333 2147 Quaecumque
1362 2097 1471 2146 igitur

407 2153 647 2202 requiruntur
676 2151 724 2188 ad
753 2151 1037 2188 continuitatem
1063 2158 1202 2199 motus,
1230 2150 1471 2200 requiruntur

407 2206 456 2243 ad
487 2206 565 2242 eius
592 2204 788 2241 unitatem.

463 2271 497 2295 2.
528 2258 590 2295 Ad
619 2257 940 2294 continuationem
971 2262 1098 2293 autern
1119 2263 1245 2292 motus
1275 2257 1471 2304 requirun—

406 2321 467 2348 tur
485 2311 565 2348 tria.
587 2311 763 2356 Quorum
786 2310 954 2358 primum
976 2316 1030 2346 est
1058 2309 1179 2346 unitas
1206 2310 1349 2358 speciei.
1380 2310 1471 2346 Non

409 2365 510 2401 enim
532 2364 656 2400 omnis
676 2370 802 2399 motus
821 2370 945 2411 potest
974 2362 1182 2399 continuari
1203 2362 1309 2398 omni
1328 2363 1470 2409 motui3

409 2418 503 2454 sicut
541 2417 652 2453 etiam
691 2416 729 2452 in
767 2415 846 2452 aliis
880 2415 1065 2452 continuis
1100 2428 1178 2452 non
1215 2415 1472 2452 indifferenter

409 2472 685 2519 qualecumque
725 2469 913 2516 contingat
952 2481 1032 2505 esse
1071 2468 1231 2517 aliquid,
1263 2469 1472 2506 continuari

407 2531 532 2572 potest
561 2523 809 2570 cuicumque,
839 2523 1118 2571 qualecumque
1152 2522 1242 2558 illud
1271 2534 1353 2558 esse
1384 2535 1471 2559 con-

407 2577 538 2624 tingat:
569 2576 635 2613 sed
654 2576 716 2612 illa
737 2575 945 2612 continuari
965 2582 1134 2623 possunt,
1156 2586 1322 2623 quorum
1341 2575 1473 2612 ultima

410 2629 588 2677 contingit
618 2641 699 2665 esse
727 2640 866 2674 unum,
898 2628 1003 2677 quod
1032 2635 1087 2664 est
1116 2627 1162 2664 de
1192 2627 1335 2664 ratione
1356 2628 1471 2664 conti-

410 2683 494 2730 nui,
529 2690 569 2718 ut
597 2694 711 2730 supra
735 2682 755 2702 *
780 2681 922 2718 dictum
957 2688 1022 2718 est.
1059 2681 1136 2717 Sed
1168 2680 1358 2729 quaedam
1387 2688 1474 2717 sunt

410 2749 508 2785 quae
537 2735 637 2772 nulla
664 2733 797 2771 ultima
825 2735 978 2780 habent,
998 2741 1040 2770 ut
1068 2733 1214 2769 formae
1243 2740 1279 2769 et
1306 2733 1471 2770 indivisi-

410 2789 498 2826 bilia
517 2787 663 2825 omnia:
696 2795 731 2823 et
751 2787 837 2824 ideo
859 2798 993 2823 eorum
1013 2798 1092 2822 non
1110 2793 1235 2834 potest
1255 2798 1336 2822 esse
1357 2786 1471 2823 conti-

411 2841 550 2878 nuatio.
582 2840 837 2887 Quorundam
852 2851 946 2875 vero
967 2846 1053 2875 sunt
1073 2838 1197 2886 aliqua
1210 2838 1355 2886 ultima,
1372 2851 1470 2887 quae

411 2902 497 2931 sunt
530 2892 728 2931 divisibilia
758 2900 793 2929 et
821 2891 1067 2940 quantitatem
1101 2891 1289 2938 habentia,
1325 2904 1421 2941 quae
1452 2895 1471 2914 ²²<

412 2955 498 2984 sunt
516 2946 733 2994 aequivoca,
755 2945 851 2982 idest
870 2956 948 2981 non
974 2943 1238 2981 convenientia
1258 2944 1296 2981 in
1316 2945 1470 2982 nomine

413 3008 448 3036 et
476 2999 630 3036 ratione:
663 3005 698 3034 et
726 2998 794 3034 ista
823 2997 936 3034 etiam
965 3010 1042 3034 non
1070 3005 1230 3045 possunt
1251 2998 1470 3035 continuari.

412 3053 496 3089 Nec
525 3051 636 3088 etiam
674 3058 798 3100 potest
827 3063 908 3086 esse
948 3057 1141 3086 contactus
1176 3050 1214 3087 in
1241 3050 1470 3099 quibusdam

413 3117 558 3142 eorum.
577 3105 667 3141 Non
688 3103 788 3140 enim
808 3110 932 3152 potest
952 3103 1024 3139 dici
1043 3102 1148 3151 quod
1167 3102 1264 3139 linea
1285 3110 1320 3139 et
1339 3105 1471 3140 ambu-

412 3158 498 3196 latio
529 3170 568 3194 se
594 3156 820 3205 contingant,
842 3156 903 3192 vel
923 3156 1027 3204 quod
1047 3167 1168 3192 unum
1189 3155 1234 3192 sit
1263 3168 1396 3193 eorum
1417 3158 1473 3193 ul-

412 3211 564 3258 timum,
600 3210 705 3260 quod
745 3217 799 3247 est
832 3221 877 3246 ea
907 3210 926 3230 ’ὅ
962 3208 1171 3246 continuari
1208 3208 1257 3245 ad
1294 3209 1470 3247 invicem.

1047 299 1392 336 PHYSICORUM
1418 300 1767 337 ARISTOTELIS
1790 302 1891 338 LIB.
1921 302 1956 338 V

1525 378 1610 406 etiam
1627 385 1723 406 motus
1738 378 1899 415 irregularis
1914 378 1950 406 sit
1966 380 2186 416 quodammodo
2201 390 2285 417 unus,
2300 387 2398 410 tamen
2411 382 2506 411 unitas
2521 393 2587 412 mo·-

1523 424 1569 445 tus
1591 417 1727 454 regularis
1749 424 1776 446 et
1804 418 1964 455 irregularis
1992 418 2087 446 differt
2114 421 2271 448 secundum
2301 421 2392 458 magis
2419 429 2447 450 et
2470 422 2585 458 minus;

1524 457 1596 484 sicut
1624 466 1729 493 corpus
1752 457 1887 485 similium
1909 457 2034 494 partium
2062 465 2104 486 est
2125 459 2216 496 magis
2238 469 2330 488 unum
2352 470 2439 498 quam
2461 461 2585 490 dissimi-

1523 496 1603 524 lium.
1618 513 1638 518 -
1653 506 1680 533 7.
1695 496 1871 533 Regularitas
1886 503 1913 524 et
1934 497 2124 534 irregularitas
2145 498 2288 527 invenitur
2301 499 2331 527 in
2345 500 2426 528 omni
2440 510 2544 538 genere
2557 508 2587 530 et

1524 535 1619 572 specie
1647 542 1752 564 motus.
1774 553 1794 558 -
1815 537 1841 564 8.
1864 538 1907 564 De
1929 543 2011 565 motu
2032 537 2187 574 irregulari.
2215 538 2280 566 Alia
2304 545 2396 567 textus
2417 540 2585 569 subdivisio.

1525 575 1621 603 Prima
1646 584 1733 603 causa
1761 575 1973 612 irregularitatis
2001 583 2098 604 motus
2126 584 2168 605 est
2189 587 2222 605 ex
2250 585 2329 614 parte
2352 579 2396 607 rei
2417 579 2446 607 in
2468 589 2523 616 qua
2543 585 2586 608 est

1524 620 1630 642 motus.
1653 616 1694 643 Ita
1714 621 1811 643 motus
1825 615 1925 643 localis
1944 625 2005 644 non
2026 623 2120 652 potest
2141 626 2203 645 esse
2224 617 2376 653 regularis,
2404 618 2459 646 nisi
2480 618 2515 647 sit
2535 628 2587 655 per

1523 653 1751 690 magnitudinem
1766 655 1936 692 regularem,
1957 665 2008 683 seu
2029 655 2212 684 uniformem.
2236 657 2387 692 Quaenam
2407 657 2510 686 dicitur
2524 667 2584 686 ma-

1523 693 1644 730 gnitudo
1670 694 1806 731 regularis
1834 701 1862 722 et
1888 704 2031 731 quaenam
2052 695 2222 732 irregularis.
2245 712 2264 717 —
2285 706 2312 732 9.
2339 697 2473 725 Secunda
2500 706 2587 726 causa

1524 732 1737 769 irregularitatis
1752 740 1795 761 est
1809 743 1842 761 ex
1856 741 1936 770 parte
1952 735 2110 763 velocitatis
2131 741 2158 763 et
2179 735 2324 764 tarditatis
2344 736 2374 764 in
2398 743 2496 764 motu:
2519 736 2587 774 quia

1524 772 1660 808 regularis
1675 772 1777 801 dicitur
1798 773 1878 801 cuius
1899 781 1941 802 est
1962 775 2063 802 eadem
2078 774 2214 803 velocitas
2228 784 2279 811 per
2293 781 2403 810 totum;
2425 775 2586 813 irregularis

1523 820 1602 846 vero,
1625 811 1705 840 cuius
1725 821 1784 840 una
1805 822 1871 849 pars
1892 819 1935 841 est
1953 814 2079 842 velocior
2093 814 2190 843 altera.
2206 832 2226 836 -
2243 824 2286 843 10.
2311 815 2508 844 Corollarium
2519 816 2587 853 pri-

1524 860 1612 878 mum.
1633 851 1778 880 Velocitas
1797 858 1825 880 et
1844 852 1961 881 tarditas
1982 863 2043 882 non
2057 861 2123 882 sunt
2144 854 2252 891 species
2274 861 2379 890 motus,
2395 864 2489 892 neque
2504 855 2586 883 diffe-

1524 890 1631 918 rentiae
1653 890 1816 927 specificae:
1838 898 1905 920 sunt
1925 892 2002 920 enim
2023 893 2104 922 modi
2125 894 2348 929 determinantes
2369 894 2399 923 id
2420 895 2500 932 quod
2515 904 2586 923 con-

1523 929 1652 966 sequitur
1673 939 1790 958 omnem
1818 931 1943 968 speciem
1965 939 2071 961 motus.
2097 933 2293 962 Corollarium
2318 935 2452 962 alterum.
2473 935 2586 962 Eadem

1523 969 1559 997 de
1581 978 1667 998 causa
1682 979 1742 998 non
1763 977 1830 998 sunt
1850 970 1927 999 idem
1949 973 2029 1008 quod
2048 973 2184 1011 gravitas
2207 979 2234 1001 et
2257 974 2368 1002 levitas.
2385 990 2404 996 ·-
2422 983 2466 1002 11.
2487 975 2585 1002 Motus

1523 1008 1683 1046 irregularis
1705 1015 1733 1038 et
1753 1016 1796 1038 est
1809 1019 1894 1046 unus,
1911 1010 2082 1048 inquantum
2104 1019 2146 1040 est
2165 1012 2328 1048 continuus,
2344 1019 2371 1041 et
2386 1019 2428 1041 est
2442 1014 2586 1051 quodam-

1524 1049 1613 1076 modo
1635 1048 1798 1086 multiplex3
1820 1050 1888 1087 quia
1909 1059 1942 1078 ex
1962 1051 2019 1079 hoc
2033 1052 2113 1088 quod
2128 1051 2223 1080 minus
2238 1053 2324 1080 habet
2337 1053 2373 1080 de
2386 1052 2505 1088 unitate,
2519 1062 2585 1090 par-

1522 1087 1620 1124 ticipat
1645 1088 1753 1125 aliquid
1782 1089 1817 1117 de
1838 1089 2028 1118 multitudine.
2051 1107 2070 1112 -
2095 1098 2138 1118 12.
2157 1091 2346 1119 Concluditur
2366 1092 2586 1120 ex‘itnmediate

1523 1127 1605 1172 dictis
1626 1129 1707 1172 quod
1727 1135 1825 1157 motus
1846 1129 1950 1157 diversi
1972 1131 2130 1158 secundum
2151 1130 2275 1166 speciem
2301 1140 2362 1159 non
2382 1138 2503 1167 possunt
2524 1141 2586 1160 esse

1523 1173 1666 1195 continui:
1683 1177 1801 1196 omnem
1819 1169 1896 1196 enim
1911 1176 2023 1197 motum
2038 1179 2130 1197 unum
2145 1176 2172 1198 et
2187 1170 2356 1198 continuum
2370 1170 2510 1208 contingit
2524 1180 2586 1200 esse

1522 1206 1697 1244 regularem;
1720 1214 1817 1236 motus
1838 1214 1934 1236 autem
1955 1208 2133 1245 compositus
2154 1218 2188 1237 ex
2209 1209 2335 1238 motibus
2351 1210 2470 1239 diversis
2484 1219 2586 1239 secun-

1522 1246 1592 1274 dum
1614 1246 1748 1282 speciem,
1770 1256 1831 1275 non
1851 1253 1946 1283 potest
1967 1257 2029 1276 esse
2050 1248 2196 1285 regularis.

1521 1355 1579 1392 Ex
1608 1368 1685 1404 quo
1714 1363 1816 1406 patet
1836 1357 1941 1405 quod
1971 1369 2015 1394 ea
2044 1370 2140 1407 quae
2161 1366 2247 1396 sunt
2266 1359 2504 1398 diversorum
2523 1373 2586 1409 ge-

1522 1421 1658 1446 nerum
1677 1410 1740 1447 vel
1768 1410 1994 1458 specierum,
2015 1423 2093 1448 non
2111 1419 2272 1460 possunt
2300 1412 2510 1450 continuari
2537 1414 2587 1451 ad

1523 1462 1699 1499 invicem.
1739 1463 1841 1510 Ergo
1880 1470 2007 1500 motus
2044 1463 2108 1512 qui
2146 1464 2323 1502 differunt
2358 1477 2495 1513 genere
2522 1467 2585 1503 vel

1523 1515 1660 1564 specie,
1680 1523 1840 1564 possunt
1860 1528 1942 1552 esse
1970 1517 2096 1563 habiti,
2117 1516 2213 1554 idest
2233 1526 2509 1567 consequenter
2536 1518 2586 1556 ad

1523 1568 1688 1606 invicem
1717 1581 1757 1605 se
1785 1569 1940 1616 habere,
1961 1569 2056 1606 sicut
2079 1570 2212 1619 aliquis
2231 1578 2318 1619 post
2346 1583 2497 1608 cursum
2516 1584 2587 1621 po-

1523 1629 1594 1658 test
1613 1622 1737 1659 statim
1759 1621 1984 1667 febricitare;
2015 1635 2145 1660 cursus
2165 1631 2292 1660 autem
2312 1631 2349 1660 et
2366 1623 2585 1661 febricitatio

1524 1682 1611 1712 sunt
1639 1674 1676 1712 in
1706 1674 1862 1712 diversis
1890 1674 2102 1722 generibus.
2133 1676 2182 1713 Et
2208 1675 2247 1713 in
2268 1676 2405 1713 eodem
2434 1689 2583 1725 genere,

1524 1727 1664 1764 scilicet
1691 1727 1763 1764 loci
1792 1728 2022 1774 mutationis,
2042 1741 2120 1766 una
2147 1729 2219 1765 loci
2243 1729 2401 1766 mutatio
2423 1737 2478 1766 est
2497 1742 2586 1766 con-

1524 1788 1726 1829 sequenter
1745 1792 1784 1817 se
1805 1781 1950 1817 habens
1975 1787 1992 1802 0‘
2020 1782 2069 1818 ad
2088 1781 2213 1828 aliam,
2235 1794 2323 1819 cum
2351 1789 2481 1819 tamen
2508 1794 2587 1819 non

1525 1833 1570 1870 sit
1599 1832 1794 1879 continua;
1824 1833 1919 1870 sicut
1945 1841 2048 1882 patet
2076 1835 2113 1870 in
2151 1834 2350 1884 diffusione
2381 1830 2606 1884 lampadis?

1524 1894 1566 1923 ut
1584 1894 1675 1935 puta
1696 1898 1783 1922 cum
1813 1887 1968 1923 candela
1997 1887 2042 1923 de
2072 1899 2190 1924 manu
2218 1887 2256 1924 in
2284 1899 2442 1924 manum
2467 1895 2586 1924 trans-

1525 1939 1660 1976 fertur:
1690 1946 1776 1975 sunt
1797 1938 1898 1976 enim
1924 1939 1974 1975 ibi
1995 1939 2133 1976 diversi
2161 1947 2288 1976 motus
2308 1952 2386 1976 non
2406 1940 2584 1977 continui.

1524 1993 1594 2028 Vel
1613 1999 1738 2040 potest
1762 1991 1912 2039 intelligi
1933 1991 2038 2040 quod
2066 2000 2215 2029 motum
2243 1993 2403 2029 localem
2432 1993 2587 2041 liquoris

1526 2057 1602 2094 quo
1631 2045 1790 2082 flamma
1813 2051 2055 2091 sustentatur,
2086 2057 2201 2094 quem
2230 2045 2394 2094 appellat
2420 2046 2460 2082 di
2491 2045 2587 2082 usio-

1526 2110 1629 2144 nem,
1660 2098 1903 2146 consequitur
1930 2105 2057 2134 motus
2086 2098 2214 2134 localis
2238 2098 2430 2145 flammae,
2452 2110 2550 2147 quae
2565 2098 2586 2119 *

1526 2151 1681 2187 nomine
1719 2151 1902 2199 lampadis
1939 2150 2177 2198 significatur.
2219 2150 2438 2187 Praedictae
2476 2150 2587 2199 igitur

1526 2204 1766 2248 mutationes,
1789 2203 1876 2251 quia
1901 2201 2078 2240 differunt
2103 2215 2242 2250 genere
2259 2203 2322 2239 vel
2351 2202 2489 2252 specie,
2510 2215 2589 2240 non

1526 2264 1613 2293 sunt
1632 2256 1844 2303 continuae,
1867 2267 1955 2292 cum
1974 2268 2053 2293 non
2071 2256 2218 2305 possint
2235 2257 2375 2292 habere
2393 2268 2515 2293 unum
2534 2256 2589 2293 ul-

1525 2309 1683 2356 timum,
1723 2309 1827 2358 quod
1853 2309 2008 2357 ponitur
2045 2320 2127 2345 esse
2156 2309 2203 2346 de
2232 2308 2376 2345 ratione
2410 2308 2587 2346 continui.

1526 2363 1638 2400 Unde
1658 2369 1818 2411 possunt
1841 2361 1996 2410 quidem
2015 2360 2033 2390 '³
2052 2369 2178 2398 motus
2207 2361 2333 2410 specie
2359 2362 2421 2399 vel
2449 2373 2588 2410 genere

1528 2415 1756 2462 differentes,
1778 2427 1860 2451 esse
1889 2421 2163 2462 consequenter
2190 2426 2230 2451 se
2258 2415 2441 2452 habentes
2469 2422 2505 2452 et
2522 2415 2589 2452 ha-

1526 2468 1613 2515 biti,
1652 2468 1748 2505 idest
1784 2467 2074 2517 quodammodo
2113 2480 2153 2504 se
2191 2474 2405 2515 tangentes,
2445 2467 2588 2516 absque

1527 2521 1652 2570 aliqua
1672 2520 1959 2569 interpolatione
1978 2520 2172 2568 temporis,
2193 2520 2418 2569 inquantum
2437 2526 2589 2569 tempus

1527 2582 1582 2611 est
1610 2574 1843 2610 continuum.
1875 2573 1991 2620 Quod
2011 2573 2166 2622 quidem
2192 2573 2327 2610 eadem
2352 2573 2496 2610 ratione
2523 2573 2589 2610 ha-

1527 2628 1590 2663 bet
1619 2626 1914 2673 continuitatem,
1945 2638 2020 2674 qua
2049 2633 2085 2662 et
2111 2633 2250 2672 motus,
2274 2626 2412 2663 scilicet
2429 2626 2588 2675 inquan-

1526 2688 1608 2717 tum
1629 2688 1684 2716 est
1713 2679 1744 2716 ei
1773 2691 1894 2716 unum
1922 2678 2110 2716 ultimum.
2141 2678 2245 2716 Nihil
2265 2686 2394 2716 autem
2412 2678 2589 2728 prohibet

1526 2733 1565 2770 in
1599 2745 1678 2770 uno
1707 2732 1856 2769 instanti
1890 2731 2084 2780 temporis,
2113 2732 2163 2769 ad
2191 2732 2296 2781 quod
2325 2732 2590 2769 continuantur

1526 2794 1651 2835 partes
1681 2786 1773 2833 eius,
1803 2785 1994 2822 terminari
2017 2797 2140 2822 unum
2168 2793 2330 2832 motum,
2360 2792 2396 2822 et
2423 2784 2589 2834 incipere

1527 2839 1643 2876 alium
1672 2839 1823 2876 alterius
1851 2838 1997 2886 generis
2015 2839 2078 2875 vel
2100 2839 2119 2859 *
2139 2837 2297 2886 speciei;
2327 2837 2434 2874 etsie
2462 2845 2589 2875 motus

1526 2892 1575 2929 illi
1596 2900 1704 2929 erunt
1723 2891 1851 2938 habiti,
1881 2891 1949 2928 sed
1969 2903 2047 2928 non
2067 2891 2245 2928 continui.
2276 2891 2325 2927 Et
2343 2890 2429 2927 ideo
2455 2901 2589 2927 secun-

1527 2946 1619 2982 dum
1639 2944 1847 2994 praemissa
1867 2944 2035 2993 sequitur
2053 2943 2158 2993 quod
2178 2943 2225 2981 ad
2245 2944 2319 2980 hoc
2338 2943 2443 2992 quod
2462 2950 2589 2980 motus

1527 2998 1572 3035 sit
1605 2997 1826 3044 continuus,
1866 2996 2065 3045 requiritur
2092 2996 2197 3044 quod
2226 2995 2271 3032 sit
2295 3001 2310 3023 ⁷
2328 3007 2426 3032 unus
2455 3007 2588 3032 secun—

1527 3051 1619 3088 dum
1649 3050 1837 3099 speciem:
1867 3061 1966 3097 quae
1994 3049 2151 3097 quidem
2170 3049 2293 3086 unitas
2312 3047 2451 3097 speciei
2476 3055 2530 3085 est
2550 3047 2590 3085 in

1526 3110 1635 3141 motu
1664 3115 1708 3139 ex
1737 3115 1774 3139 re
1804 3102 1841 3139 in
1873 3114 1948 3150 qua
1969 3109 2023 3138 est
2043 3109 2181 3149 motus,
2211 3102 2436 3150 inquantum
2457 3107 2512 3138 est
2534 3101 2589 3138 in-

1528 3155 1720 3194 divisibilis
1749 3155 1959 3192 secundum
1989 3154 2167 3204 speciem.

1583 3210 1617 3246 3.
1649 3208 1826 3246 Secundo
1853 3206 2049 3256 requiritur
2068 3207 2117 3244 ad
2146 3207 2428 3244 continuitatem
2449 3213 2588 3254 motus,

466 3361 493 3395 α)
514 3369 566 3386 una
585 3361 635 3386 Ioci
654 3361 766 3386 mutatio
785 3363 823 3386 est
842 3364 1030 3393 consequenter
1044 3367 1072 3385 se
1089 3359 1194 3385 habens.
1207 3372 1227 3380 κ
1240 3367 1293 3385 una
1308 3360 1420 3385 mutatio
1435 3364 1474 3385 est

413 3404 479 3429 quae
497 3399 683 3428 consequenter
701 3403 728 3421 se
747 3395 823 3421 habet
843 3396 953 3421 PEGab.

467 3430 491 3463 β)
506 3432 578 3456 Unde
588 3435 701 3463 possunt
711 3431 814 3464 quidem
830 3437 878 3456 etc.
887 3445 906 3450 -
916 3431 1042 3456 Notamus
1052 3431 1179 3455 variantes
1193 3429 1322 3455 recitando
1337 3430 1474 3455 lectionem

413 3466 569 3498 adoptatam:
586 3476 599 3490 α
609 3467 682 3491 Unde
692 3471 802 3499 possunt
815 3467 920 3499 quidem
931 3466 1050 3499 (quidam
1062 3465 1140 3496 FGH,
1152 3465 1281 3497 quaedam
1296 3465 1332 3497 Y;
1347 3473 1402 3491 esse
1415 3466 1474 3491 add.

414 3502 488 3525 codd.
499 3506 523 3525 et
537 3509 554 3525 a
564 3502 586 3530 b,
598 3507 623 3526 et
636 3510 688 3526 orn.
704 3507 762 3533 post
777 3501 937 3535 differentes)
953 3507 1040 3527 motus
1050 3501 1138 3534 specie
1151 3501 1191 3526 vel
1203 3508 1298 3534 genere
1313 3501 1321 3532 (
1329 3508 1424 3534 genere
1435 3502 1474 3526 ve!

414 3536 497 3567 specie
516 3537 556 3560 cd.
570 3544 587 3560 a
606 3542 630 3561 et
649 3538 723 3561 codd.
738 3545 791 3562 exc.
811 3537 977 3569 EFGHRSZ)
994 3537 1146 3566 differentes,
1163 3544 1222 3561 esse
1237 3542 1426 3569 consequenter
1445 3544 1474 3561 sc

414 3570 538 3595 habentes
558 3576 582 3595 ct
601 3571 688 3599 habiti,
710 3572 773 3596 idest
792 3572 834 3603 (et
853 3572 1144 3603 ACDIKMOQTVXY,
1164 3580 1215 3597 ras.
1230 3572 1275 3605 pF,
1291 3579 1343 3596 om.
1358 3572 1392 3604 L)
1409 3579 1474 3604 quo-

414 3606 554 3630 dnmmodo
573 3613 601 3630 se
620 3611 760 3637 tangentes,
774 3607 873 3639 ubsque
888 3608 972 3639 aliqua
986 3607 1051 3640 (alia
1066 3607 1242 3637 PBEFGHab,
1259 3607 1311 3631 ulla
1325 3607 1388 3638 CtA,
1402 3607 1474 3632 nuIIa

415 3641 484 3670 QsA,
496 3641 549 3665 ulla
565 3641 603 3665 vel
622 3641 710 3673 aliqua
730 3642 747 3671 l,
760 3642 850 3673 aliqua
865 3642 904 3667 vel
918 3642 990 3666 nulla
1007 3642 1036 3673 Κ,
1051 3642 1140 3675 aliqua
1160 3642 1214 3667 ulla
1227 3642 1260 3672 Ο,
1273 3650 1325 3667 om.
1341 3643 1394 3674 pA;
1414 3645 1474 3667 tan-

1526 3363 1617 3393 gentes
1631 3360 1671 3385 vel
1688 3360 1779 3392 ali-qua
1792 3360 1888 3392 absque
1908 3359 1961 3384 ulla
1973 3358 2006 3393 D)
2020 3358 2216 3391 interpolatione
2231 3357 2443 3392 (interpositione
2457 3357 2589 3391 PGNRpE

1527 3401 1551 3420 ct
1570 3403 1587 3420 a
1598 3395 1623 3427 b)
1637 3395 1769 3428 temporis.
1789 3395 1941 3427 inquantum
1957 3400 2060 3427 tempus
2076 3399 2115 3419 est
2130 3394 2288 3419 continuum.
2299 3394 2376 3425 Quod
2389 3394 2446 3427 (qui
2459 3393 2588 3419 DFIKMO

1528 3431 1656 3461 QRTVY,
1670 3438 1736 3463 quae
1749 3430 1858 3461 ALSsC,
1873 3430 1938 3463 quid
1950 3430 1999 3462 pG.
2014 3438 2064 3455 ras.
2083 3430 2136 3463 pC;
2156 3430 2177 3454 N
2192 3430 2250 3454 vide
2268 3429 2364 3463 statim)
2380 3430 2485 3462 quidem
2498 3429 2589 3454 endem

1527 3466 1623 3491 ratione
1643 3465 1719 3491 habet
1738 3465 1844 3498 (habent
1859 3466 1916 3490 edd.
1935 3473 1952 3490 a
1962 3465 1976 3490 b
1996 3470 2021 3490 et
2033 3465 2108 3490 codd.
2119 3472 2171 3490 exc.
2185 3465 2281 3498 BGpE)
2296 3465 2486 3490 continuitatem
2499 3463 2588 3496 (quam

1527 3501 1631 3534 quidem
1651 3501 1747 3526 habent
1759 3501 1983 3527 continuationem
1998 3500 2102 3525 ratt'one
2117 3500 2151 3531 N;
2166 3500 2367 3525 continuitatem
2383 3507 2436 3524 orn.
2450 3498 2524 3532 EpG)
2538 3506 2589 3531 qua

1527 3542 1551 3562 et
1571 3542 1666 3566 motus,
1680 3537 1775 3562 scilicet
1793 3536 1945 3569 inquantum
1959 3541 1998 3561 est
2012 3536 2035 3560 ei
2049 3536 2097 3568 (eis
2111 3536 2194 3565 codd.;
2210 3535 2242 3560 ct‘.
2256 3535 2328 3566 text.)
2341 3542 2423 3560 unum
2436 3535 2587 3559 ultimum.»

1581 3573 1607 3605 γ)
1627 3572 1746 3605 sequitur
1769 3571 1876 3604 quod...
1896 3571 2041 3604 requirunt·
2066 3571 2138 3604 quod
2159 3571 2202 3596 sit.
2220 3584 2239 3590 -
2253 3570 2372 3603 sequitur
2397 3569 2468 3602 quod
2485 3568 2523 3593 ad
2540 3568 2589 3593 hoc

1527 3607 1598 3640 quod
1617 3610 1702 3632 motus
1720 3606 1755 3632 sit
1773 3606 1913 3632 continuus
1931 3606 2007 3638 quod
2023 3605 2059 3630 sit
2077 3605 2242 3635 EGHRZab,
2261 3604 2379 3637 sequitur
2396 3604 2434 3629 ad
2451 3603 2499 3630 hoc
2517 3603 2588 3636 quod

1529 3646 1614 3667 motus
1633 3642 1668 3667 sit
1686 3642 1826 3667 continuus
1844 3641 1915 3674 quod
1933 3641 1968 3666 sit
1987 3645 2034 3666 cet.

2613 2111 2625 2123 ⁸
2631 2111 2695 2139 quod
2700 2112 2769 2135 codd.
2775 2119 2826 2135 exc.

2614 2143 2712 2166 raupa.

2886 2886 2889 2892 ¹
2879 2733 2898 2853 'Ater-w..
2884 2207 2898 2724 Quam..

2615 2849 2628 2860 ⁸
2641 2848 2712 2871 etiam
2725 2849 2781 2872 add.
2801 2855 2829 2872 n

2616 2881 2632 2897 o
2645 2878 2668 2897 et
2681 2875 2726 2897 ab.

2880 3605 2888 3615 a
2879 3547 2888 3556 ⁴<
2879 3365 2894 3529 ,eant-..ungg-uz
2879 3213 2895 3355 matu..
2885 3186 2892 3202 ..
2881 3155 2894 3174 ,σιμ
2884 3094 2898 3144 ,η’-ι»
2885 3039 2898 3076 ...7
2884 3008 2892 3023 πμ
