2898 3996
213 539 222 548 ·
237 537 304 559 Text.
320 542 351 564 ¹7·

227 2849 237 2858 ⁸
253 2847 287 2869 Cf.
299 2848 348 2869 lect.
361 2854 434 2875 praec.

228 2880 291 2895 num.
307 2880 326 2895 2.

229 3105 237 3113 ·
253 3103 321 3124 Num.
335 3109 382 3130 seq.

239 3574 246 3581 ¹
264 3571 333 3593 Num.
344 3578 392 3598 seq.

452 281 526 318 338

493 358 597 396 λοῖον,
617 355 643 387 εἰ
664 355 727 391 τήν
752 355 919 386 τελείωσιν
947 353 1008 388 τῆς
1027 351 1132 386 οἰκίας

495 401 553 433 τὸν
586 399 716 444 θριγκὸν
743 396 763 434 ἢ
790 397 852 433 τήν
881 391 1045 440 κεραμίδα
1074 392 1135 436 φή-

495 456 594 488 σομεν
626 445 800 476 ἀλλοίωσιν
831 437 915 472 εἶναι
941 438 961 476 ἦ
987 437 1135 490 θριγκου-

495 488 592 532 μένης
611 489 673 524 τῆς
690 487 794 522 οἰκίας
812 483 833 521 ἦ
850 477 1132 527 κεραμιδουμενης

497 530 712 563 ἀλλοιοῦσθαι
731 529 794 565 τήν
813 529 930 560 οἰκίαν.
959 526 1064 561 Δῆλον
1089 520 1133 560 δή

497 574 549 607 ὅτι
574 575 613 606 τὸ
639 575 699 610 τῆς
727 571 932 607 ἀλλοιώσεως
960 570 1017 601 οὐκ
1043 569 1133 600 ἔστιν

497 620 528 651 ὲν
549 622 618 656 τοῖς
643 616 838 663 γινομένοις.

452 998 537 1037 Οὐδὲ
572 1000 635 1046 γαρ
671 999 702 1030 ἐν
737 1001 812 1034 ταῖς
847 995 965 1036 ἕξεσιν.
1001 995 1038 1025 Αἰ
1069 994 1133 1048 'scip

499 1045 578 1086 ἕξεις
606 1044 722 1086 ἀρεταὶ
747 1042 804 1072 καὶ
825 1042 955 1079 κακίαι,
976 1039 1080 1083 ἀρετὴ
1098 1038 1135 1070 ὸέ

498 1090 594 1122 πᾶσα
617 1088 674 1118 καὶ
697 1087 802 1117 κακία
827 1084 892 1116 τῶν
911 1082 991 1126 πρός
1009 1095 1056 1122 τι,
1074 1093 1135 1114 κα·

497 1132 602 1174 θάπερ
636 1131 656 1166 ἡ
689 1129 747 1173 μὲν
781 1129 890 1173 ὑγίεια
921 1126 1045 1171 θερμῶν
1077 1128 1134 1157 καὶ

496 1176 623 1220 ψυχρῶν
644 1185 774 1218 συμμετ
794 1174 830 1203 ία
846 1183 896 1209 τις
914 1169 934 1207 ἦ
952 1171 1019 1203 τῶν
1041 1169 1134 1207 ἐντὸς

498 1220 518 1257 ἦ
537 1219 616 1263 πρὸς
634 1217 674 1249 τὸ
691 1227 856 1261 περιεχον.
873 1216 1010 1259 Ὁμοίως
1024 1210 1134 1246 δὲκαὶ

498 1264 538 1297 τὸ
562 1262 683 1299 κοίλλος
712 1263 768 1292 καὶ
795 1261 815 1297 ἡ
839 1259 934 1303 ἰσχύς
965 1259 1029 1290 τῶν
1056 1257 1135 1302 πρός

498 1320 542 1342 τι.
571 1305 736 1342 Διαθέσεις
756 1305 804 1351 γα
839 1315 926 1341 τινες
944 1304 1005 1336 τοῦ
1027 1302 1136 1342 βελτί-

497 1364 579 1384 στου
612 1350 691 1393 πρὸς
722 1350 762 1380 τὸ
836 1358 949 1388 ιστον,
981 1346 1068 1389 λέγω
1099 1341 1137 1377 δὲ

498 1397 539 1429 vd
571 1394 749 1436 βέλτιστον
782 1405 823 1425 το
852 1392 955 1434 σῶζον
984 1393 1041 1422 καὶ
1065 1385 1138 1422 δια-

499 1439 589 1473 τιθὲν
612 1440 684 1479 περὶ
703 1437 766 1474 τήν
784 1435 890 1480 φύσιν.
912 1437 1007 1467 'Euat
1026 1432 1082 1467 οὖν
1102 1436 1136 1466 αἱ

499 1484 557 1529 μὲν
577 1483 693 1527 ἀρεταὶ
710 1484 766 1513 καὶ
786 1483 820 1512 αἱ
837 1482 954 1512 κακίαι
971 1480 1038 1511 τῶν
1057 1478 1137 1520 πρός

499 1540 546 1569 τι,
573 1527 689 1559 ταῦτα
713 1521 750 1557 δὲ
776 1524 853 1557 οὔτε
885 1523 1027 1570 γενέσεις
1057 1523 1137 1554 εἰσὶν

500 1573 578 1604 οὔτε
598 1570 722 1616 γένεσις
745 1569 856 1601 αὐτῶν
882 1563 952 1600 οὐδ’
982 1567 1063 1604 ὅλως
1082 1567 1138 1599 ἀλ-

498 1618 640 1655 λοίωσις,
658 1613 795 1657 φανερὸν
812 1614 852 1650 ὠς
871 1613 929 1644 οὐκ
948 1611 1037 1645 ἔστιν
1055 1610 1137 1648 ὅλως

501 1660 541 1692 ‘ro'
560 1659 621 1696 τῆς
640 1657 847 1694 ἀλλοιώσεως
865 1659 937 1700 περὶ
960 1655 1022 1693 τοὶς
1041 1654 1134 1696 ἕξεις.

1234 349 1403 380 ridiculum
1427 355 1492 387 est;
1517 348 1543 378 si
1571 346 1796 388 perfectionem
1819 345 1877 375 do-

1233 403 1319 431 mus,
1336 392 1505 423 tectionem
1521 397 1576 421 aut
1591 389 1816 427 laterationem,
1830 388 1877 418 di-

1234 436 1334 467 cimus
1353 436 1569 466 alterationem
1593 440 1675 470 esse;
1700 433 1798 462 domo
1822 441 1877 461 au-

1234 486 1299 510 tem
1332 486 1482 519 cooperta
1504 485 1558 508 aut
1586 477 1732 513 laterata,
1756 474 1877 506 alterari

1235 523 1380 553 domum.
1410 522 1428 541 *
1455 521 1659 552 Manifestum
1693 526 1801 550 autem
1832 525 1878 550 est

1235 566 1311 606 quia
1334 565 1421 606 quod
1446 571 1492 596 est
1515 563 1722 602 alterationis,
1742 572 1808 593 non
1832 569 1878 593 est

1234 610 1267 640 in
1290 609 1338 640 his
1357 619 1438 650 quae
1461 607 1551 638 fiunt.

1190 1000 1302 1039 Neque
1315 998 1399 1029 enim
1416 997 1448 1028 in
1462 997 1630 1028 habitibus.
1645 998 1781 1030 Habitus
1794 998 1879 1030 enim

1234 1043 1364 1073 virtutes
1387 1048 1418 1073 et
1435 1041 1571 1072 malitiae
1594 1049 1684 1073 sunt:
1703 1042 1801 1074 virtus
1825 1053 1879 1074 au-

1235 1094 1300 1118 tem
1313 1086 1417 1116 omnis
1428 1092 1458 1116 et
1473 1085 1592 1116 malitia
1604 1086 1643 1116 ad
1658 1086 1777 1127 aliquid
1790 1094 1879 1126 sunt;

1236 1131 1316 1161 sicut
1347 1130 1461 1160 sanitas
1493 1129 1623 1170 quidem
1652 1130 1827 1162 calidorum
1850 1139 1880 1163 et

1236 1174 1423 1214 frigidorum
1439 1173 1706 1204 commensuratio
1724 1176 1880 1215 quaedam

1237 1225 1298 1256 est,
1314 1224 1368 1248 aut
1392 1227 1504 1247 eorum
1527 1226 1608 1257 quae
1632 1225 1705 1248 sunt
1718 1212 1811 1257 infra,
1826 1225 1882 1250 aut

1236 1262 1276 1292 ad
1292 1261 1466 1292 continens.
1483 1260 1631 1291 Similiter
1646 1268 1752 1292 autem
1769 1269 1799 1293 et
1811 1262 1880 1303 pul-

1237 1305 1382 1336 chritudo
1402 1311 1433 1335 et
1456 1304 1571 1335 macies
1591 1304 1630 1334 ad
1648 1305 1768 1346 aliquid
1791 1313 1879 1337 sunt:

1237 1349 1460 1389 dispositiones
1480 1348 1566 1378 enim
1580 1349 1737 1389 quaedam
1753 1350 1882 1390 perfecti

1237 1394 1276 1424 ad
1300 1393 1460 1433 optimum
1474 1398 1565 1424 sunt.
1590 1392 1670 1423 Dico
1691 1400 1798 1424 autem
1813 1404 1882 1434 per-

1238 1436 1321 1475 fecti,
1345 1436 1434 1477 quod
1457 1442 1546 1466 sanat
1569 1443 1599 1467 et
1623 1436 1813 1477 dispositum
1836 1444 1883 1468 est

1238 1480 1317 1512 circa
1344 1486 1499 1511 naturam.
1529 1479 1692 1518 Quoniam
1720 1491 1794 1521 ergo
1821 1481 1881 1512 vir-

1237 1531 1319 1556 tutes
1347 1530 1377 1555 et
1406 1522 1542 1555 malitiae
1573 1530 1647 1555 sunt
1675 1525 1714 1554 ad
1743 1524 1882 1566 aliquid;

1237 1569 1314 1599 haec
1328 1574 1435 1599 autem
1447 1577 1551 1608 neque
1567 1568 1781 1607 generationes
1797 1576 1881 1608 sunt,

1238 1622 1341 1653 neque
1364 1611 1523 1652 generatio
1540 1618 1586 1642 est
1603 1611 1763 1652 ipsorum,
1780 1623 1883 1654 neque

1239 1655 1380 1686 alteratio
1412 1654 1567 1686 omnino:
1584 1655 1805 1688 >manifestum
1837 1664 1883 1688 est

1240 1700 1329 1740 quod
1352 1709 1417 1730 non
1441 1705 1487 1730 est
1508 1698 1641 1730 omnino
1665 1701 1753 1741 quod
1777 1707 1823 1732 est
1841 1701 1883 1731 al-

1239 1743 1398 1774 terationis
1422 1742 1506 1774 circa>
1524 1742 1659 1774 habitus.

1062 272 1405 310 PHYSICORUM
1432 269 1779 307 ARISTOTELIS
1809 267 1902 304 LIB.
1932 267 2000 303 VII

1977 343 2011 372 αἱ
2045 335 2087 372 δὲ
2117 338 2290 378 ἐκστάσεις
2322 340 2417 371 εἰσίν·
2448 339 2529 373 ὥστ’
2559 338 2620 373 οὐκ

1978 382 2183 421 ἀλλοιώσεις.
2195 383 2273 416 Ἔτι
2284 380 2322 416 δὲ
2333 385 2391 415 καί
2403 393 2510 427 φαμεν
2531 384 2620 417 ἀποί-

1975 438 2038 465 σας
2055 425 2141 459 εἶναι
2165 427 2228 464 τοίς
2257 427 2378 472 ἀρετ-οἱς
2405 427 2437 459 ἐν
2463 429 2510 469 τῷ
2537 428 2618 471 πρός

1975 482 2011 503 τι
2041 472 2108 508 πῶς
2140 471 2240 515 ἔχειν·
2274 473 2338 509 τοίς
2371 470 2430 515 μὲν
2460 472 2525 517 γαρ
2557 474 2620 504 τοῦ

1976 513 2148 558 σώματος,
2168 514 2236 546 οἷον
2255 516 2383 561 ὑγίειαν
2398 515 2456 546 καὶ
2473 514 2618 558 εὐεξίαν,

1977 559 2010 591 ἐν
2043 557 2159 603 κράσει
2186 560 2244 590 καὶ
2276 559 2463 603 συμμετρίᾳ
2495 557 2620 603 θερμῶν

1974 603 2033 634 καὶ
2050 601 2178 647 ψυχρῶν
2197 600 2344 646 τίθεμεν,
2363 599 2383 638 ἦ
2402 601 2514 635 αὐτῶν
2540 603 2621 647 πρὸς

1978 647 2072 679 αὐτοὶ
2095 645 2162 678 τῶν
2188 645 2282 683 ἐντὸς
2307 645 2328 683 ἦ
2353 645 2433 689 πρὸς
2454 646 2496 679 τό
2514 646 2622 689 περιέ-

1975 701 2049 736 χον.
2073 691 2212 733 Ὁμοίως
2229 685 2267 722 δὲ
2283 691 2342 722 καί
2363 688 2406 722 τὸ
2421 689 2546 728 κάλλος
2562 692 2623 723 καὶ

1978 734 2043 771 τήν
2067 732 2164 778 ἰσχύν
2188 735 2247 766 καὶ
2272 734 2335 772 τοὶς
2363 733 2468 771 ἄλλας
2495 734 2623 778 ἀρετάς

1976 780 2034 810 καὶ
2058 780 2193 814 κακίας.
2219 777 2368 816 Ἐκοίστη
2393 776 2458 822 γάρ
2476 778 2550 811 ἐστι
2570 779 2620 820 τῷ

1978 821 2060 864 πρός
2085 833 2119 854 τι
2144 821 2212 859 πῶς
2242 822 2350 879 ἔγχειν,
2381 823 2440 856 καὶ
2471 823 2544 866 περὶ
2573 823 2622 855 τοὶ

1979 866 2084 898 οἰκεῖα
2106 863 2197 902 πσίθη
2223 877 2258 899 ευ
2277 865 2298 903 ἦ
2315 868 2426 906 κακῶς
2448 861 2621 904 διατίθησι

1978 908 2019 942 τὸ
2045 908 2136 954 ἔχον·
2163 908 2269 944 οἰκεῖα
2298 905 2327 941 δ’
2356 911 2374 942 ύ
2399 912 2407 924 ’

1977 951 2055 985 σθαι
2070 954 2130 985 καὶ
2143 950 2329 999 φθείρεσθαι
2351 921 2505 1000 πῖφυκεν.
2526 954 2534 966 ’
2567 956 2620 987 πεί

1978 995 2035 1029 οὖν
2060 997 2109 1029 τοὶ
2133 995 2213 1040 πρός
2239 1010 2273 1031 τι
2299 997 2378 1030 οὔτε
2411 997 2506 1031 αὗταί
2530 999 2621 1032 ἐστιν

1980 1041 2185 1079 ἀλλοιώσεις,
2213 1042 2293 1074 οὔτε
2318 1042 2432 1074 αὐτῶν
2455 1042 2546 1076 ἐστὶν
2564 1043 2622 1076 ἀλ·

1976 1086 2107 1122 λοίωσις
2127 1081 2206 1117 οὐδὲ
2224 1084 2351 1132 γένεσις
2369 1085 2438 1118 οὗθ’
2464 1085 2547 1124 ὅλως
2568 1097 2623 1129 με·

1979 1128 2115 1169 ταβολή
2142 1125 2297 1173 οὐδεμία,
2319 1130 2458 1175 φανερὸν
2477 1129 2530 1162 ὅτι
2548 1129 2618 1162 οὔθ’

1980 1174 2015 1204 αἱ
2041 1171 2123 1213 ἕξεις
2157 1173 2224 1205 οὔθ’
2254 1176 2288 1206 αἱ
2314 1174 2379 1206 τῶν
2406 1173 2504 1215 ἕξεων
2539 1174 2623 1207 ἀπο-

1980 1216 2079 1256 βολαὶ
2102 1218 2160 1248 καὶ
2181 1216 2296 1261 λη’ψεις
2317 1217 2509 1255 ἀλλοιώσεις
2526 1218 2621 1260 εἰσίν,

1982 1260 2071 1292 &nd
2102 1260 2274 1307 γίγνεσθαι
2306 1261 2365 1304 μὲν
2398 1263 2475 1300 ἴσως
2510 1262 2621 1301 αὐτας

1978 1305 2037 1336 καὶ
2059 1303 2246 1349 φθείρεσθαι
2265 1305 2508 1350 ἀλλοιουμένων
2523 1306 2621 1339 τινῶν

1983 1347 2128 1394 ἀνάγκη,
2146 1348 2301 1394 καθάπερ
2324 1350 2383 1381 καὶ
2400 1350 2441 1382 τὸ
2456 1345 2543 1388 εἶδος
2564 1351 2623 1382 καὶ

1981 1391 2044 1428 τήν
2069 1392 2219 1436 μορφήν,
2245 1394 2312 1426 οἷον
2338 1391 2462 1438 θερμῶν
2485 1395 2544 1426 καὶ
2568 1393 2624 1438 ψυ-
2651 1417 2653 1420 v

1979 1437 2084 1480 χρῶν,
2112 1435 2133 1473 ἦ
2157 1437 2262 1491 ξηρῶν
2290 1438 2506 1493 καὶτύγρῶνς
2527 1436 2559 1492 ’ἦ
2589 1438 2639 1471 iv*

1982 1481 2028 1518 οἷς
2067 1492 2293 1527 τυγχανουσιν
2331 1493 2431 1515 ουσαι
2464 1492 2622 1525 πρωτοις.

1979 1525 2054 1569 Περὶ
2080 1526 2198 1558 ταῦτα
2225 1524 2290 1572 γοέρ
2321 1525 2450 1564 ἑκάστη
2480 1525 2623 1572 λέγεται

1979 1570 2084 1601 κακία
2107 1570 2166 1601 καὶ
2191 1569 2312 1614 ἀρετ-η’,
2332 1570 2382 1614 ὑφ’
2403 1569 2446 1602 ὢν
2471 1570 2626 1603 ἀλλοιοῦ-

1981 1611 2059 1644 σθαι
2084 1612 2207 1656 πέφυκε
2240 1613 2281 1647 τό
2311 1613 2403 1659 ἔχον·
2429 1615 2450 1651 ἡ
2475 1613 2535 1659 μὲν
2558 1613 2624 1661 γὰρ

1984 1654 2090 1701 ἀρετή
2124 1661 2214 1690 ποιεῖ
2242 1656 2263 1694 ἦ
2291 1655 2418 1696 ἀπαθὲς
2449 1656 2470 1694 ἦ
2501 1659 2543 1696 ὠς
2573 1653 2627 1693 δεῖ

1976 1699 2185 1738 παθητικόν·
2205 1702 2226 1738 γ’)
2247 1697 2285 1734 δὲ
2308 1703 2414 1734 κακία
2435 1701 2624 1740 παθητικόν

1984 1743 2005 1781 ἧ
2031 1743 2189 1784 ἐναντίως
2216 1743 2357 1784 ἀπαθές.

2441 909 2484 942 ὦν
2513 912 2622 956 *fl-ve·
2648 932 2650 939 .

509 1837 655 1863 SYNoPSIs.
670 1848 707 1855 —
727 1843 750 1861 1.
773 1832 879 1860 Omnia
901 1841 974 1869 quae
995 1832 1160 1867 alterantur,
1183 1832 1342 1860 secundum
1363 1830 1512 1859 sensibiles

456 1875 604 1912 qualitates
625 1874 788 1901 alterantur.
811 1888 830 1893 -
851 1879 878 1900 2.
903 1871 1041 1906 Quamvis
1063 1871 1140 1899 enim
1162 1878 1274 1908 praeter
1299 1871 1360 1899 illas
1387 1870 1511 1898 maxime

456 1915 583 1943 videatur
598 1922 658 1941 esse
673 1911 801 1948 alteratio
818 1911 847 1939 in
862 1917 964 1948 quarta
978 1911 1072 1947 specie
1087 1911 1241 1947 qualitatis,
1257 1919 1361 1947 nempe
1376 1910 1406 1938 in
1419 1910 1514 1938 forma

456 1961 484 1982 et
494 1954 592 1991 figura,
607 1959 634 1980 et
645 1952 674 1979 in
688 1951 780 1988 prima
794 1951 896 1987 specie,
908 1960 958 1978 seu
973 1951 1003 1978 in
1017 1950 1116 1978 habitu
1126 1957 1154 1978 et
1169 1950 1371 1987 dispositione;
1387 1956 1513 1978 attamen

456 1994 486 2022 in
506 1991 670 2021 huiusmodi
692 2001 751 2019 non
773 1997 814 2018 est
835 1989 963 2019 alteratio
985 1990 1080 2026 primo
1101 1996 1129 2018 et
1149 1999 1201 2026 per
1222 1999 1261 2025 se,
1277 1990 1327 2018 sed
1342 1989 1513 2018 secundario

456 2039 576 2067 tantum,
599 2038 737 2068 quatenus
758 2030 875 2058 istarum
898 2029 1067 2067 qualitatum
1089 2029 1217 2066 acceptio
1239 2029 1284 2057 vel
1304 2029 1428 2057 remotio
1443 2038 1512 2057 con-

458 2072 583 2109 sequitur
597 2071 721 2107 aliquam
735 2070 942 2104 alterationem,
958 2078 1031 2106 quae
1046 2075 1089 2097 est
1103 2069 1261 2097 secundum
1276 2068 1423 2096 sensibiles
1443 2077 1514 2105 qua-

461 2112 559 2140 litates.
575 2111 652 2138 Idem
667 2116 743 2146 patet
754 2115 962 2146 consequenter
972 2109 1058 2137 etiam
1069 2109 1104 2136 de
1116 2109 1243 2136 secunda
1257 2107 1350 2145 specie
1361 2107 1513 2144 qualitatis,

458 2160 532 2188 quae
547 2157 588 2178 est
608 2149 735 2186 potentia
757 2156 783 2177 et
804 2148 973 2185 impotentia
993 2148 1139 2183 naturalis,
1162 2155 1190 2176 et
1211 2156 1284 2184 quae
1303 2157 1363 2175 non
1378 2147 1515 2184 accipitur

459 2197 508 2219 aut
522 2196 691 2224 removetur,
707 2189 760 2216 nisi
775 2194 964 2217 transmutata
978 2194 1089 2222 natura,
1103 2188 1182 2224 quod
1197 2187 1228 2215 fit
1240 2196 1291 2223 per
1305 2186 1514 2215 alterationem.

459 2247 478 2251 —
495 2230 519 2257 3.
543 2230 681 2257 Probatur
701 2228 880 2265 suppositum
903 2230 994 2263 (num.
1017 2229 1133 2264 praec.).
1157 2228 1192 2254 Et
1213 2226 1307 2263 primo
1329 2226 1359 2254 in
1381 2226 1473 2254 forma
1488 2233 1515 2254 et

458 2270 563 2306 figura:
579 2277 651 2305 quae
666 2268 695 2295 in
709 2269 764 2296 hoc
778 2267 911 2295 differunt
925 2267 1006 2304 quod
1011 2267 1119 2305 figura
1133 2266 1269 2302 importat
1283 2266 1514 2294 terminationem

459 2308 637 2346 quantitatis,
660 2309 760 2344 forma
781 2316 848 2335 vero
870 2306 972 2335 dicitur
993 2316 1066 2343 quae
1088 2307 1136 2334 dat
1157 2315 1218 2334 esse
1243 2305 1406 2342 specificum
1428 2305 1515 2333 artifi-

459 2348 542 2376 ciato.
572 2348 672 2375 Prima
700 2347 773 2375 ratio
794 2355 833 2374 ex
853 2347 938 2374 modo
959 2346 1102 2383 loquendi.
1125 2347 1155 2373 In
1184 2345 1227 2373 his
1256 2354 1329 2382 quae
1350 2345 1514 2380 alterantur,

460 2387 616 2415 subiectum
639 2393 666 2414 et
685 2386 779 2423 passio
794 2386 950 2423 aequaliter
970 2387 1005 2413 de
1026 2385 1147 2414 invicem
1163 2384 1378 2421 praedicantur:
1394 2384 1515 2412 dicimus

460 2427 536 2455 enim
564 2426 710 2454 hominem
732 2435 792 2454 esse
813 2426 926 2461 album,
955 2432 982 2453 et
1003 2426 1101 2453 album
1124 2434 1185 2453 esse
1213 2424 1371 2452 hominem.
1401 2424 1458 2452 Sed
1485 2423 1515 2451 in

460 2467 552 2494 forma
573 2472 600 2493 et
620 2465 710 2502 figura
730 2467 785 2493 hoc
806 2475 865 2493 non
887 2465 1033 2502 contingit.
1056 2466 1129 2492 Nam
1145 2463 1264 2492 materia
1285 2473 1335 2492 seu
1356 2463 1515 2491 subiectum

460 2515 519 2534 non
541 2505 718 2542 praedicatur
728 2505 931 2543 principaliter·
953 2510 980 2532 et
1001 2505 1029 2532 in
1053 2510 1130 2532 recto
1146 2505 1181 2531 de
1196 2504 1290 2531 forma
1310 2509 1338 2531 et
1351 2502 1451 2540 figura,
1466 2503 1516 2531 sed

461 2545 669 2573 denominative
690 2545 799 2572 solum:
822 2545 899 2572 unde
921 2544 1041 2572 dicimus
1063 2544 1143 2580 quod
1166 2543 1324 2579 triangulus
1345 2542 1381 2570 sit
1401 2552 1516 2577 aeneus,

461 2586 510 2612 sed
531 2594 590 2612 non
611 2585 690 2620 quod
710 2584 867 2621 triangulus
888 2583 923 2611 sit
943 2593 1000 2611 aes.
1023 2585 1099 2620 Ergo
1121 2583 1151 2610 in
1172 2582 1271 2611 formis
1292 2588 1320 2610 et
1340 2582 1437 2619 figuris
1456 2591 1517 2611 non

462 2625 492 2652 fit
512 2623 651 2652 alteratio.
667 2641 686 2645 -
699 2633 727 2658 4.
750 2624 850 2652 Altera
866 2623 939 2651 ratio
961 2632 1000 2651 ex
1017 2623 1198 2661 proprietate
1213 2622 1265 2650 rei.
1288 2621 1364 2650 Nihil
1383 2622 1518 2650 alteratur

461 2673 511 2700 per
532 2665 586 2692 hoc
601 2664 680 2699 quod
694 2663 795 2700 accipit
816 2663 901 2691 finem
925 2671 992 2690 suae
1012 2662 1210 2699 perfectionis;
1233 2671 1286 2690 nec
1302 2671 1354 2698 per
1367 2661 1423 2689 hoc
1438 2662 1519 2698 quod

460 2703 566 2739 aliquid
577 2703 616 2738 fit,
628 2702 797 2739 inquantum
810 2703 848 2737 fit,
860 2703 1002 2730 alteratur.
1015 2703 1071 2730 Sed
1082 2701 1314 2738 unumquodque
1327 2700 1473 2737 perficitur
1486 2709 1520 2729 ac

462 2743 502 2778 fit,
518 2743 685 2779 inquantum
711 2742 812 2778 accipit
826 2741 972 2778 propriam
987 2742 1110 2770 formam
1125 2747 1153 2769 et
1167 2741 1297 2778 figuram.
1312 2741 1379 2769 Non
1393 2747 1436 2768 est
1450 2749 1518 2778 ergo

572 2853 604 2880 ‚-
623 2842 667 2870 *ts*
705 2833 766 2870 uia
777 2833 816 2870 in
825 2833 1064 2882 praecedenti
1076 2833 1250 2870 ratione*
1267 2832 1519 2881 Philosophus

526 2917 529 2924 .
662 2890 674 2936 ξι,
699 2894 954 2935 supposuerat
981 2887 1084 2935 quod
1118 2886 1242 2923 omnis
1279 2885 1445 2922 alteratio
1475 2885 1521 2922 sit

525 2959 535 2986 ¹,
588 2932 629 2992 ’jul‘
651 2942 661 2946 “
698 2939 917 2975 secundum
946 2938 1144 2985 sensibilia,
1169 2940 1243 2976 hoc
1277 2938 1433 2975 intendit
1459 2938 1521 2975 hic

534 3000 571 3026 G
604 2989 615 2998 ⁴
662 2996 670 3027 ’.
683 2992 880 3040 probare.
902 2993 950 3028 Et
977 2992 1099 3040 primo
1128 2992 1306 3040 proponit
1333 2991 1437 3040 quod
1466 2991 1519 3028 in-

465 3043 597 3088 tendit;
627 3044 793 3080 secundo
813 3045 949 3092 probat
975 3045 1224 3094 propositum,
1245 3044 1316 3081 ibi:
1345 3044 1519 3081 Aliorum

467 3097 563 3133 enim
584 3097 749 3133 maxime
765 3098 783 3118 ’³²
800 3105 867 3134 etc.
888 3097 986 3133 Dicit
1010 3109 1097 3145 ergo
1117 3098 1253 3146 primo,
1274 3097 1378 3145 quod
1399 3109 1444 3133 ex
1464 3109 1519 3134 se-

467 3149 666 3198 quentibus
695 3149 1011 3187 considerandum
1040 3158 1095 3187 est
1132 3150 1235 3198 quod
1264 3149 1393 3187 omnia
1422 3162 1519 3198 quae

468 3202 684 3249 alterantur,
711 3203 910 3239 alterantur
944 3203 1152 3240 secundum
1182 3203 1377 3250 qualitates
1406 3202 1519 3239 sensi-

468 3254 576 3290 biles:
607 3262 642 3290 et
668 3267 735 3303 per
764 3267 998 3303 consequens
1023 3255 1090 3292 illis
1119 3257 1242 3292 solum
1272 3255 1451 3304 competit
1470 3256 1520 3292 al-

469 3305 589 3353 terari,
610 3319 706 3355 quae
735 3319 801 3356 per
828 3320 867 3344 se
895 3308 1085 3356 patiuntur
1105 3309 1152 3345 ab
1182 3308 1400 3345 huiusmodi
1429 3321 1520 3356 qua-

470 3358 640 3395 litatibus.

527 3422 559 3446 2.
576 3410 720 3447 Deinde
738 3423 823 3447 cum
840 3411 940 3449 dicit:
956 3412 1128 3450 Aliorum
1144 3413 1241 3449 enim
1258 3413 1424 3449 maxime
1439 3420 1520 3459 etc.,

473 3462 606 3509 probat
633 3463 866 3510 propositum
887 3465 1077 3511 arguendo
1098 3478 1119 3502 a
1139 3465 1284 3502 maiori.
1307 3465 1423 3511 Quod
1443 3465 1522 3514 qui-

475 3513 561 3549 dem
590 3514 711 3561 primo
740 3515 861 3563 ponit;
891 3517 1058 3554 secundo
1093 3518 1280 3566 quaedam
1310 3529 1407 3565 quae
1437 3530 1523 3566 sup-

475 3565 579 3613 ponit
598 3567 741 3613 probat,
763 3567 827 3603 ibi:
847 3569 910 3604 Ex
928 3581 1000 3616 quo
1020 3570 1166 3617 quidem
1187 3570 1285 3607 enim
1301 3570 1320 3591 ⁸
1338 3578 1404 3606 etc.
1426 3569 1525 3606 Dicit

1568 1831 1698 1860 alteratio
1719 1831 1749 1859 in
1770 1832 1937 1869 acceptione
1962 1832 2129 1862 huiusmodi
2150 1833 2328 1870 qualitatum.
2351 1850 2372 1856 —
2395 1834 2422 1862 5.
2442 1834 2490 1862 Ad
2510 1833 2626 1865 eviden-

1567 1870 1637 1899 tiam
1651 1871 1755 1899 harum
1769 1871 1914 1900 rationum
1928 1871 2090 1901 notandum
2105 1874 2184 1910 quod
2198 1873 2290 1910 figura
2303 1873 2427 1902 maxime
2441 1873 2627 1911 consequitur

1568 1917 1596 1938 et
1617 1911 1795 1939 demonstrat
1815 1911 1939 1948 speciem
1954 1910 2004 1947 rei,
2019 1911 2089 1949 quia
2109 1911 2351 1949 propinquissime
2365 1921 2396 1941 se
2409 1912 2496 1941 habet
2514 1913 2553 1941 ad
2566 1912 2624 1942 for-

1568 1958 1645 1977 mam
1668 1949 1851 1979 substantiae
1874 1951 1948 1979 Cum
1970 1957 2066 1980 autem
2081 1951 2260 1980 artificiatum
2276 1951 2311 1980 sit
2329 1951 2450 1980 imitatio
2464 1951 2508 1980 vel
2529 1950 2625 1990 imago

1569 1990 1711 2025 quaedam
1732 1989 1773 2018 rei
1793 1989 1938 2026 naturalis,
1961 1990 2023 2027 ipsa
2043 1991 2137 2019 forma
2157 1990 2310 2019 artificialis
2325 1997 2367 2019 est
2385 1997 2435 2019 aut
2455 1991 2554 2028 figura,
2575 1997 2626 2020 aut

1568 2028 1676 2065 aliquid
1697 2028 1804 2066 figurae
1825 2029 2030 2066 propinquum.
2057 2031 2125 2058 Ideo
2145 2037 2264 2067 propter
2288 2030 2503 2059 similitudinem
2524 2031 2627 2059 harum

1569 2068 1737 2105 qualitatum
1759 2069 1796 2096 ad
1816 2069 1924 2097 formas
1945 2069 2153 2105 substantiales,
2175 2069 2278 2098 dicitur
2299 2070 2378 2107 quod
2399 2070 2559 2098 secundum
2578 2078 2627 2099 ar.-

1569 2107 1731 2144 ceptionem
1759 2108 1870 2136 formae
1896 2115 1923 2136 et
1949 2108 2055 2145 figurae
2079 2118 2141 2137 non
2166 2116 2209 2137 est
2233 2109 2376 2144 alteratio,
2398 2109 2448 2137 sed
2474 2108 2627 2146 perfeeti03

1569 2153 1597 2174 et
1618 2146 1746 2175 similiter
1767 2148 1847 2184 quod
1869 2147 1988 2176 materia
2008 2158 2069 2176 non
2090 2148 2269 2185 praedicatur
2290 2149 2326 2177 de
2346 2148 2512 2176 huiusmodi
2533 2147 2626 2186 quali-

1569 2186 1674 2214 tatibus
1688 2186 1742 2214 nisi
1757 2186 1982 2222 denominative;
2005 2187 2076 2216 sicut
2092 2195 2119 2216 et
2134 2187 2163 2216 in
2184 2188 2348 2216 substantiis
2369 2187 2546 2216 naturalibus
2566 2196 2628 2216 non

1570 2226 1691 2253 dicimus
1712 2226 1860 2254 hominem
1882 2235 1943 2266 esse
1964 2233 2086 2262 terram,
2106 2228 2157 2255 sed
2178 2236 2239 2255 esse
2260 2234 2414 2256 terrenum.
2437 2244 2456 2249 -
2476 2228 2505 2255 6.
2519 2228 2627 2256 Textus

1570 2265 1735 2293 subdivisio.
1759 2267 1825 2293 Non
1839 2274 1901 2293 esse
1915 2266 2113 2294 alterationem
2127 2267 2157 2294 in
2172 2267 2265 2303 prima
2286 2267 2379 2304 specie
2394 2266 2545 2304 qualitatis,
2559 2275 2628 2303 pro-

1570 2306 1653 2333 batur
1667 2311 1808 2341 quantum
1819 2306 1857 2333 ad
1867 2305 1980 2334 habitus
1991 2312 2019 2334 et
2030 2306 2233 2342 dispositiones
2243 2306 2382 2343 corporis.
2396 2306 2527 2342 Habitus,
2541 2305 2625 2335 etiam

1570 2344 1710 2380 corporei,
1732 2351 1798 2372 sunt
1819 2345 1961 2381 quaedam
1983 2345 2100 2374 virtutes
2121 2352 2156 2374 et¹
2169 2345 2303 2381 malitiae,
2325 2355 2376 2374 seu
2396 2345 2479 2375 vitia:
2493 2351 2536 2374 est
2550 2345 2654 2375 enim

1570 2383 1699 2420 corporis
1719 2384 1816 2419 virtus,
1837 2385 1996 2412 secundum
2011 2394 2099 2422 quam
2120 2386 2193 2422 bene
2207 2394 2237 2413 se
2250 2385 2336 2414 habet
2350 2385 2379 2414 in
2393 2384 2488 2422 seipso
2509 2391 2537 2413 et
2554 2385 2628 2417 bene

1571 2429 1714 2460 operatur.
1731 2424 1834 2452 Omnis
1849 2429 1946 2452 autem
1960 2423 2049 2452 virtus
2063 2431 2091 2452 et
2104 2424 2213 2452 malitia
2226 2430 2268 2452 est
2281 2425 2320 2452 ad
2333 2424 2443 2462 aliquid
2448 2435 2458 2452 .-
2471 2433 2532 2452 non
2546 2422 2628 2462 qu'asi

1571 2463 1715 2500 quidditas
1736 2472 1838 2491 eorum
1859 2463 1996 2492 consistat
2017 2463 2046 2491 in
2067 2464 2124 2492 hoc
2145 2465 2224 2501 quod
2245 2470 2287 2492 est
2307 2473 2369 2492 esse
2383 2464 2420 2492 ad
2438 2462 2556 2500 aliquid,
2576 2463 2628 2492 sed

1571 2502 1640 2539 quia
1660 2511 1761 2530 eorum
1782 2503 1856 2537 ratio
1877 2512 1912 2531 ex
1933 2503 2029 2540 aliqua
2049 2503 2186 2532 relatione
2207 2503 2350 2539 dependet
2369 2504 2424 2538 (est
2443 2502 2521 2530 enim
2538 2502 2628 2531 vii-ms

1571 2542 1722 2579 dispositio
1743 2542 1859 2579 perfecti
1880 2543 1918 2570 ad
1938 2542 2090 2579 optimum,
2105 2542 2179 2570 idest
2191 2543 2228 2570 ad
2243 2542 2339 2578 finem,
2355 2541 2404 2579 qui
2418 2548 2461 2570 est
2475 2541 2628 2578 operatio);

1571 2582 1660 2618 Atqui
1675 2581 1704 2609 in
1725 2583 1762 2610 ad
1783 2581 1892 2619 aliquid
1912 2591 1973 2610 non
1991 2588 2034 2610 est
2054 2588 2151 2610 motus
2172 2582 2222 2617 (cf.
2238 2581 2286 2610 lib.
2301 2583 2336 2617 V,
2351 2582 2414 2610 lect.
2429 2590 2470 2616 m,
2491 2590 2573 2610 num.
2589 2583 2628 2618 7).

1571 2623 1648 2658 Ergo
1670 2621 1699 2649 in
1720 2621 1862 2649 habitibus
1884 2628 1912 2650 et
1932 2621 2170 2658 dispositionibus
2189 2621 2320 2658 corporis
2341 2630 2402 2649 non
2423 2627 2465 2649 est
2485 2620 2629 2656 alterati03

1573 2661 1624 2689 sed
1645 2670 1746 2689 eorum
1766 2660 1967 2689 transmutatio
1988 2660 2173 2698 consequitur
2192 2660 2319 2697 aliquam
2339 2660 2467 2698 priorem
2486 2659 2630 2689 alteratio·

1572 2709 1655 2735 nem,
1678 2700 1751 2728 sicut
1777 2706 1804 2728 et
1822 2700 1974 2728 relationes
2000 2710 2061 2728 esse
2088 2700 2228 2737 incipiunt
2253 2709 2305 2737 per
2330 2699 2566 2737 consequentiam
2592 2699 2630 2729 ad

1573 2739 1686 2777 aliquos
1707 2746 1812 2768 motus.

1575 2844 1663 2880 ergo
1700 2831 1846 2880 primo,
1876 2831 1981 2880 quod
2015 2839 2163 2880 praeter
2190 2830 2386 2879 qualitates
2414 2829 2629 2878 sensibiles,

1574 2885 1740 2922 maxime
1767 2884 1917 2922 videtur
1935 2885 1955 2905 '¹¹
1976 2896 2057 2921 esse
2086 2884 2253 2921 alteratio
2282 2884 2321 2921 in
2349 2891 2482 2932 quarta
2505 2882 2630 2932 specie

1575 2937 1770 2986 qualitatis,
1791 2949 1889 2985 quae
1909 2944 1965 2973 est
1987 2935 2144 2986 qualitas
2165 2937 2262 2973 circa
2283 2933 2540 2986 quantitatem,
2561 2934 2630 2972 sci-

1574 2990 1658 3027 licet
1685 2990 1808 3026 forma
1838 2997 1873 3026 et
1899 2990 2040 3037 figura;
2062 2996 2098 3026 et
2124 2989 2162 3026 in
2181 2989 2305 3038 prima
2332 2988 2457 3038 specie
2476 2987 2631 3037 qualita-

1574 3043 1630 3089 tis,
1651 3054 1748 3090 quae
1777 3042 1943 3079 continet
1961 3043 2030 3079 sub
2059 3054 2099 3078 se
2119 3041 2268 3079 habitus
2297 3048 2332 3078 et
2355 3040 2630 3090 dispositiones.

1573 3095 1732 3132 Videtur
1747 3094 1848 3132 enim
1863 3094 1967 3142 quod
1987 3094 2153 3131 alteratio
2169 3093 2358 3143 quaedam
2378 3093 2433 3140 sit,
2449 3105 2517 3142 per
2530 3094 2633 3130 hoc*

1574 3148 1678 3197 quod
1706 3147 1925 3184 huiusmodi
1952 3146 2146 3195 qualitates
2175 3147 2222 3184 de
2251 3158 2354 3183 novo
2374 3154 2630 3193 removentur,

1575 3209 1638 3238 aut
1665 3201 1713 3238 de
1741 3213 1844 3238 novo
1865 3199 2123 3248 acquiruntur:
2154 3211 2231 3236 non
2252 3199 2353 3236 enim
2380 3199 2532 3236 videtur
2558 3199 2632 3235 hoc

1575 3254 1654 3291 sine
1684 3253 1892 3291 mutatione
1925 3264 2037 3301 posse
2067 3252 2297 3300 contingere;
2318 3251 2475 3289 mutatio
2504 3258 2631 3288 autem

1576 3307 1786 3344 secundum
1815 3305 2031 3354 qualitatem
2061 3305 2227 3342 alteratio
2257 3311 2322 3350 est,
2342 3312 2383 3341 ut
2406 3316 2519 3353 supra
2538 3304 2558 3324 ²⁸
2578 3302 2632 3340 di·

1577 3367 1679 3396 ctum
1709 3366 1774 3396 est.
1805 3359 1881 3395 Sed
1917 3359 1956 3395 in
1988 3357 2185 3407 praedictis
2219 3357 2456 3406 qualitatibus
2488 3355 2632 3406 primae

1579 3420 1614 3449 et
1633 3420 1788 3460 quartae
1808 3410 1956 3460 speciei,
1977 3422 2055 3447 non
2075 3418 2130 3447 est
2148 3410 2314 3447 alteratio
2334 3409 2459 3458 primo
2479 3416 2515 3446 et
2532 3408 2632 3458 prin·

1579 3465 1755 3514 cipaliter,
1777 3465 1844 3501 sed
1872 3462 2112 3500 secundario:
2143 3462 2231 3511 quia
2267 3461 2485 3499 huiusmodi
2518 3459 2632 3510 quali-

1578 3524 1671 3554 tates
1701 3524 1982 3565 consequuntur
2015 3515 2201 3565 quasdam
2234 3514 2469 3552 alterationes
2495 3513 2632 3563 prima-

1581 3582 1665 3607 rum
1694 3570 1932 3618 qualitatum;
1962 3568 2056 3606 sicut
2087 3575 2188 3617 patet
2220 3567 2325 3616 quod
2353 3578 2441 3604 cum
2477 3564 2632 3603 materia

2658 2893 2668 2903 ⁶
2683 2892 2804 2915 videre&
2836 2902 2845 2909 ν

2657 2924 2795 2946 nicom-vu.

2659 3101 2741 3124 ‘haec
2754 3107 2775 3124 r.

2659 3312 2668 3324 =
2680 3310 2768 3339 nav.
2778 3311 2830 3334 ieet.
2845 3323 2850 3343 ·.

2659 3343 2725 3360 num.
2733 3343 2754 3359 2.
2847 3345 2852 3348 '
