2898 3996
1141 326 1251 362 CAP.
1280 325 1330 372 v,
1360 325 1509 362 LECT.
1538 326 1623 362 v111

2394 329 2466 365 255

984 513 1349 569 LECTIO
1403 514 1792 570 OCTAVA

1054 664 1114 697 DE,
1135 658 1503 700 CONTR'ARIETATE
1526 665 1718 696 MOTUUM

295 787 374 820 Ἔτι
404 782 443 819 δὲ
471 781 656 830 διοριστέον
688 786 771 816 ποία
802 786 927 820 κίνησις
957 783 1097 815 ἐναντία
1127 783 1272 825 κινη’σει,
1302 786 1360 815 καὶ

370 833 442 875 περὶ
468 830 570 874 μονῆς
587 825 625 860 δὲ
643 828 702 860 τόν
721 827 827 859 αὐτὸν
845 827 984 871 τρόπον.
1011 826 1198 871 Διαιρετέον
1219 822 1257 860 δὲ
1275 830 1360 871 πρῶ-

370 886 428 907 τον
454 873 596 917 πότερον
622 872 761 904 ἐναντία
785 874 909 908 κίνησις
934 872 955 907 ἡ
981 872 1017 902 ἐκ
1043 872 1104 903 τοῦ
1127 872 1235 903 αὑτοῦ
1252 873 1297 915 τῇ
1317 873 1360 910 εἰς

370 918 410 950 τὸ
436 916 536 957 αὐτό,
566 917 632 947 οἷον
659 917 679 952 ἡ
705 914 740 954 ἐξ
766 917 892 961 ὑγιείας
918 915 963 956 τῇ
990 915 1034 952 εἰς
1053 916 1194 960 ὑγίειαν,
1213 917 1280 948 οἷον
1302 919 1359 948 καὶ

367 961 494 1006 γένεσις
517 961 576 991 καὶ
601 960 707 1003 φθορά
729 956 833 992 δοκεῖ·
856 958 877 996 ἦ
896 961 916 996 γ’)
935 959 969 1000 ἐξ
993 959 1167 1001 ἐναντίων,
1196 961 1262 992 οἷον
1286 961 1306 996 ἡ
1326 960 1360 1001 ἐξ

369 1006 495 1051 ὑγιείας
526 1005 571 1045 τῇ
602 1004 638 1036 ἐκ
670 1003 782 1036 νόσου·
809 1001 830 1040 ἦ
855 1005 875 1040 ἢ
901 1004 945 1040 εἰς
979 1004 1138 1044 ἐναντία,
1171 1005 1238 1035 οἷον
1269 1005 1290 1040 ἡ
1315 1005 1358 1042 εἰς

369 1051 497 1095 ὑγίειαν
523 1049 567 1091 τῇ
593 1049 637 1086 εἰς
662 1047 772 1081 νόσον·
800 1046 821 1085 ἦ
846 1049 866 1084 ἡ
893 1047 927 1089 ἐξ
954 1047 1107 1080 ἐναντίου
1133 1049 1176 1090 τῇ
1203 1048 1246 1085 εἱς
1268 1048 1361 1080 ἐναν-

368 1096 458 1134 τίον,
487 1093 553 1125 οἷον
579 1093 599 1129 ἡ
626 1091 660 1133 ἐξ
686 1094 811 1139 ὑγιείας
838 1092 883 1134 τῇ
908 1093 952 1130 εἱς
978 1091 1087 1124 νόσον·
1115 1091 1135 1128 ἦ
1161 1093 1180 1128 η
1207 1091 1242 1132 ἐξ
1268 1093 1362 1123 ἐναν-

367 1140 442 1170 τίου
467 1138 512 1174 εἰς
538 1137 690 1170 ἐναντίον
717 1137 762 1180 τῇ
781 1136 815 1177 ἐξ
834 1134 987 1168 ἐναντίου
1006 1137 1050 1174 εἱς
1068 1132 1233 1176 ἐναντίον,
1254 1137 1321 1167 οἷον
1339 1137 1359 1172 ἢ

369 1181 402 1222 ἐξ
428 1183 555 1226 ὑγιείας
573 1181 617 1218 εὶς
635 1180 731 1213 νόσον
749 1181 794 1222 τῇ
813 1180 850 1213 ἐκ
866 1179 964 1212 νόσου
982 1182 1026 1218 εἱς
1048 1182 1188 1224 ὑγίειαν.
1210 1178 1358 1226 Ἀνάγκη

366 1226 431 1271 γὰρ
450 1224 471 1262 ἦ
489 1226 548 1257 ἕνα
572 1225 652 1258 τινά
676 1224 809 1257 τούτων
833 1222 917 1256 εἶναι
935 1226 1000 1257 τῶν
1018 1225 1152 1269 τρόπων
1171 1222 1191 1261 ἦ
1211 1225 1357 1261 πλείους·

369 1268 408 1302 οὐ
431 1270 496 1316 γάρ’
522 1270 612 1302 ἐστιν
640 1270 747 1307 ἄλλως
774 1268 969 1302 ἀντιθεῖναι.

294 1435 393 1467 Ἔστι
416 1429 444 1465 δ’
466 1435 487 1469 ἢ
506 1433 563 1476 μὲν
591 1433 625 1474 ἐξ
651 1434 805 1465 ἐναντίου
831 1433 876 1474 τῇ
894 1432 939 1469 εἰς
957 1429 1107 1464 ἐναντίον
1127 1431 1185 1463 οὐκ
1203 1428 1356 1472 ἐναντία,

369 1479 437 1510 οἷον
462 1479 483 1514 ’ἡ
509 1477 544 1519 ἐξ
577 1479 704 1523 ὐγιείας
737 1477 780 1518 τῇ
813 1477 858 1514 εἰς
889 1475 998 1508 νόσον·
1033 1477 1053 1512 ἢ
1085 1476 1176 1511 αὐτῆ
1206 1476 1270 1519 γάρ
1300 1477 1358 1508 καὶ

369 1524 442 1566 μία.
470 1522 515 1554 Τό
540 1521 657 1565 μέντοι
682 1522 711 1567 γ’
733 1518 817 1552 εἶναι
845 1518 881 1552 οὐ
908 1519 1020 1552 ταύτὸ
1039 1521 1174 1560 αὐταῖς,
1193 1520 1302 1573 ὥσπερ
1320 1521 1358 1553 οὗ

368 1566 480 1599 ταὺτὸ
505 1566 547 1597 τὸ
573 1564 607 1606 ἐξ
633 1566 760 1610 ὑγιείας
784 1563 1013 1609 μεταβάλλειν
1037 1566 1096 1596 καὶ
1120 1565 1161 1597 τό
1185 1565 1229 1601 εἰς
1247 1576 1355 1597 νοσον.
1372 1577 1381 1581 “

300 1648 377 1686 Οὐδ’
406 1654 427 1688 ἡ
454 1652 488 1693 ἐξ
514 1653 669 1684 ἐναντίου
695 1653 741 1694 τῇ
767 1651 802 1692 ἐξ
828 1652 995 1684 ἐναντίου·
1025 1652 1095 1695 ἅμα
1119 1652 1178 1695 μὲν
1198 1652 1261 1696 γάρ
1280 1665 1360 1695 συμ-

370 1698 477 1737 βαίνει
503 1695 537 1736 ἐξ
558 1694 711 1728 ἐναντίου
727 1697 786 1727 καὶ
804 1697 847 1733 εἰς
869 1696 1021 1728 ἐναντίον
1040 1696 1061 1733 ἦ
1079 1696 1222 1740 μεταξύ.
1252 1697 1360 1729 Ἀλλά

367 1743 439 1786 περὶ
464 1740 591 1773 τούτου
615 1740 674 1784 μὲν
701 1740 839 1782 ὕστερον
866 1741 1014 1783 ἐροῦμεν.

296 1784 404 1818 Ἀλλά
427 1786 554 1830 μᾶλλον
581 1785 622 1816 τὸ
647 1785 691 1821 εἰς
718 1783 869 1816 ἐναντίον
903 1783 1131 1826 μεταβάλλειν
1166 1780 1292 1825 δόξειεν
1320 1783 1358 1816 ἄν

368 1826 454 1861 εἶναι
480 1831 590 1861 αἴτιον
622 1829 684 1865 τῆς
718 1827 942 1865 ἐναντιώσεως
967 1827 988 1864 ἦ
1013 1828 1054 1860 τὸ
1081 1826 1113 1868 ἐξ
1145 1825 1311 1861 ἐναντίου·
1338 1830 1357 1864 ἡ

367 1873 425 1918 μὲν
450 1873 515 1920 γάρ
542 1871 731 1918 ἀπαλλαγή
759 1870 1013 1912 ἐναντιότητος,
1041 1873 1061 1909 ἡ
1086 1867 1123 1904 δὲ
1147 1872 1256 1916 λῆψις.

299 1919 366 1950 Καὶ
389 1915 531 1964 λέγεται
556 1912 584 1948 ’δ’
614 1916 742 1953 ἑκάστη
769 1916 813 1953 εἱς
840 1917 855 1948 ὃ
881 1916 1092 1960 μεταβάλλει
1124 1918 1252 1959 μᾶλλον
1278 1914 1299 1952 ἦ
1325 1915 1358 1957 ἐξ

367 1961 425 2003 οὖ,
460 1962 526 1993 οἷον
561 1961 711 2006 ὑγίανσις
737 1960 757 1996 ἢ
783 1961 828 1998 εἰς
861 1961 1011 2006 ύγίειαν,
1042 1960 1178 1998 νόσωσις
1209 1957 1239 1992 δ’
1267 1962 1287 1997 ἢ
1314 1961 1357 1998 εἰς

366 2005 476 2039 νόσον.

299 2052 466 2083 Λείπεται
490 2044 533 2085 δή
559 2050 580 2084 ’ἡ
606 2048 649 2085 εὶς
677 2049 817 2080 ἐναντία
840 2050 898 2080 καὶ
924 2049 944 2084 ἡ
970 2049 1014 2086 εἰς
1040 2049 1178 2081 ἐναντία
1204 2049 1238 2089 ἐξ
1266 2049 1360 2080 ἐναν-

367 2096 459 2126 τίων.
489 2092 590 2137 Τάχα
642 2093 673 2124 ἐν
701 2092 755 2124 οὖν
780 2092 955 2134 συμβαίνει
980 2093 1042 2130 τοὶς
1069 2093 1112 2129 εἰς
1137 2093 1276 2126 ἐναντία
1299 2094 1358 2124 καὶ

367 2137 402 2178 ἐξ
424 2138 565 2170 ἐνατίων
589 2148 687 2177 ειναι,
709 2134 798 2168 ἀλλά
814 2137 856 2168 τό
874 2133 958 2167 εἶναι
975 2139 1051 2174 ἴσως
1070 2137 1107 2168 οὐ
1125 2137 1251 2177 ταύτό,
1269 2136 1356 2183 λέγω

366 2176 403 2213 δὲ
428 2181 469 2214 τὸ
493 2181 537 2218 εἰς
570 2181 698 2226 ὑγίειαν
725 2181 772 2221 τῷ
799 2181 835 2212 ἐκ
866 2179 984 2222 νόσου,
1014 2181 1071 2212 καὶ
1097 2180 1138 2212 τό
1164 2180 1198 2221 ἐξ
1231 2182 1356 2227 ὑγιείας

367 2226 414 2266 τῷ
439 2226 484 2262 εἰς
508 2224 617 2256 νόσον.
1350 2226 1352 2231 “

293 2271 390 2303 Ἐπεὶ
415 2265 453 2301 δέ
477 2265 834 2313 διαφέρειμεταβολή
866 2266 1025 2305 κινήσεως
1052 2268 1092 2311 (ἡ
1118 2267 1155 2299 ἐκ
1179 2280 1268 2305 τινος
1292 2268 1356 2314 γάρ

367 2312 586 2356 ὑποκειμένου
620 2313 664 2349 εἴς
701 2324 734 2345 τι
771 2313 986 2354 ὑποκείμενον
1021 2311 1199 2354 μεταβολή
1232 2314 1356 2349 κίνησίς

367 2358 498 2399 ἐστιν),
526 2358 546 2393 ’ἡ
573 2355 606 2397 ἐξ
633 2356 787 2389 ἐναντίου
816 2357 860 2393 εἰς
894 2356 1046 2388 ἐναντίον
1072 2357 1116 2397 τῇ
1143 2355 1176 2396 ἐξ
1203 2356 1356 2388 ἐναντίου

366 2402 410 2439 εἰς
435 2402 587 2433 ἐναντίον
611 2402 736 2438 κίνησις
767 2401 927 2440 ἐναντία,
957 2400 1023 2431 οἷον
1049 2401 1068 2436 ἢ
1096 2399 1129 2440 ἐξ
1156 2401 1281 2446 ὑγιείας
1313 2401 1356 2438 εἰς

366 2445 461 2478 νόσον
488 2446 532 2487 τῇ
559 2443 594 2476 ἐκ
619 2443 716 2476 νόσου
742 2445 784 2482 εἰς
812 2445 952 2490 ὑγίειαν.

299 2535 406 2571 Δῆλον
431 2528 468 2565 δὲ
491 2534 549 2564 καὶ
575 2532 611 2564 ἐκ
629 2532 691 2569 τῆς
709 2532 906 2578 ἐπαγωγῆς,
927 2532 1029 2563 ὁποῖα
1046 2526 1140 2562 δοκεῖ
1155 2531 1202 2564 τοὶ
1218 2532 1357 2564 ἐναντία

365 2574 464 2609 εἶναι·
487 2576 527 2609 τὸ
543 2575 743 2618 νοσάζεσθαι
763 2576 826 2622 γάρ
845 2576 893 2616 τῷ
911 2574 1120 2621 ὑγιάζεσθαι,
1139 2577 1197 2607 καὶ
1219 2576 1258 2608 τό
1277 2588 1360 2618 μαν-

315 2615 318 2619 ’
366 2620 476 2653 θαίνειν
502 2621 550 2661 τῷ
570 2619 774 2653 ἀπατᾶσθαι
791 2619 836 2664 μή
855 2615 892 2651 δι’
915 2621 1036 2652 αὑτοῦ·
1056 2619 1099 2656 εὶς
1123 2620 1262 2652 ἐναντία
1279 2620 1357 2665 γάρ·

366 2664 475 2709 ὥσπερ
499 2664 563 2710 γάρ
589 2664 793 2707 ἐπιστήμην,
818 2665 890 2695 ἔστι
914 2665 972 2695 καὶ
999 2663 1135 2700 ἀπάτην
1160 2665 1218 2696 καὶ
1242 2659 1278 2695 δι’
1302 2665 1361 2695 αὖ-

368 2709 430 2741 τοῦ
462 2706 611 2740 κτᾶσθαι
642 2710 699 2739 καὶ
728 2703 766 2739 δι’
795 2708 909 2740 ἄλλου.
948 2709 1014 2739 Καὶ
1045 2709 1065 2744 ἡ
1100 2708 1166 2739 ἄνω
1197 2708 1283 2752 φορά
1314 2709 1358 2750 τῇ

366 2752 476 2784 κάτω·
503 2749 644 2783 ἐναντία
667 2752 732 2797 γάρ
756 2753 873 2784 ταῦτα
891 2751 922 2782 ἐν
941 2751 1052 2794 μήκει.
1080 2753 1145 2783 Καὶ
1164 2752 1184 2788 -ἦ
1203 2752 1247 2789 εἱς
1265 2748 1361 2792 δεξιοὶ

368 2797 413 2839 τῇ
437 2796 481 2833 εἰς
508 2793 680 2839 ἀριστερά·
701 2794 842 2827 ἐναντία
858 2794 922 2840 γοὶρ
940 2796 1059 2827 ταῦτα
1076 2795 1108 2827 ἐν
1128 2795 1265 2828 πλάτει.
1293 2797 1359 2828 Καὶ

368 2841 388 2876 ἡ
414 2841 459 2877 εἰς
484 2839 525 2871 τὸ
549 2839 731 2882 ἔμπροσθεν
756 2840 801 2882 τῇ
827 2839 871 2876 εἰς
897 2839 937 2871 τὸ
962 2838 1110 2871 ὄπισθεν·
1136 2841 1277 2872 ἐναντία
1294 2840 1358 2885 γάρ

366 2885 424 2916 καὶ
450 2884 568 2916 ταῦτα
594 2883 645 2928 [ἐν
671 2882 799 2924 βάθει].

297 2930 340 2961 “Η
365 2925 392 2961 δ’
422 2928 465 2966 εἱς
492 2927 647 2959 ἐναντίον
677 2926 777 2970 μόνον
808 2927 845 2958 οὐ
875 2929 1020 2967 κίνησις,
1049 2926 1139 2959 ἀλλά
1166 2926 1357 2971 μεταβολή,

369 2973 437 3005 οἷον
463 2971 503 3004 τὸ
551 2970 698 3017 ίγνεσθαι
721 2970 838 3003 λευκὸν
863 2971 909 3014 μὴ
936 2970 971 3002 ἐκ
997 2981 1097 3008 τινος.

301 3018 367 3049 Καὶ
393 3015 480 3053 ὅσοις
504 3010 542 3047 δε
566 3015 613 3060 μή
631 3016 722 3048 ἐστιν
743 3015 908 3056 ἐναντίον,
927 3015 947 3051 ἡ
967 3013 1001 3055 ἐξ
1020 3015 1128 3046 αὐτοῦ
1147 3015 1192 3056 τῇ
1210 3015 1254 3052 εἱς
1272 3015 1358 3048 αὐτὸ

368 3060 545 3104 μεταβολῇ
571 3060 724 3092 ἐναντία.
751 3059 806 3091 Διό
831 3058 957 3104 γένεσις
982 3058 1086 3102 φθορᾷ
1112 3059 1269 3100 ἐναντία,
1301 3061 1359 3091 καὶ

371 3103 527 3143 ἀποβολή
562 3103 674 3147 λήψει.
714 3103 822 3135 Αὖται
855 3098 892 3135 δέ
926 3103 1118 3147 μεταβολαὶ
1153 3102 1237 3146 μέν,
1269 3103 1361 3140 κινή-

369 3159 435 3185 σεις
459 3143 488 3178 δ’
517 3146 568 3180 οὔ.

301 3191 369 3230 Τάς
394 3186 422 3222 δ’
443 3191 487 3227 εἰς
513 3190 553 3224 τὸ
578 3189 709 3235 μεταξύ
733 3189 892 3232 κινήσεις,
914 3190 1000 3228 ὅσοις
1019 3191 1084 3223 τῶν
1103 3188 1261 3222 ἐναντίων
1287 3189 1360 3223 ἐστὶ

369 3233 514 3279 μεταξύ,
532 3236 573 3272 ὥς
599 3235 642 3272 εἰς
669 3235 807 3267 ἐναντία
833 3247 900 3272 πως
925 3233 1052 3267 θετέον·
1077 3235 1118 3271 ὥς
1136 3235 1275 3275 ἐναντίῳ
1296 3234 1360 3280 γάρ

369 3279 496 3323 χρῆται
521 3279 568 3319 τῷ
594 3279 724 3321 μεταξύ
749 3279 770 3314 ἡ
794 3280 931 3318 κίνησις,
954 3278 1000 3322 ἐφ’
1023 3277 1172 3320 όπίτερα
1197 3277 1235 3309 ἂν
1256 3290 1360 3322 μετα-

371 3322 500 3364 βάλλῃ,
535 3323 602 3354 οἷον
629 3320 666 3354 ἐκ
690 3323 790 3365 φαιοῦ
815 3322 872 3364 μὲν
898 3322 942 3359 εἰς
967 3322 1008 3354 τὸ
1031 3321 1148 3353 λευκὸν
1173 3322 1214 3358 ὠς
1241 3319 1276 3352 ἐκ
1305 3322 1362 3365 με’-

368 3369 483 3406 λανος,
508 3367 566 3397 καὶ
592 3366 627 3397 ἐκ
650 3366 770 3397 λευκοῦ
796 3366 840 3402 εἱς
865 3365 960 3409 φαιὸν
986 3366 1028 3402 ὠς
1052 3366 1096 3402 εἰς
1120 3364 1240 3408 μέλαν,
1267 3365 1303 3396 ἐκ
1324 3360 1362 3396 δὲ

371 3410 513 3455 μέλανος
539 3410 582 3446 εἰς
607 3409 704 3462 φαιὸν
723 3410 765 3446 ὠς
783 3409 826 3446 εἰς
843 3409 960 3440 λευκόν
979 3408 1019 3441 τὸ
1036 3407 1147 3451 φαιόν·
1166 3408 1207 3439 τὰ
1225 3408 1287 3453 γάρ
1305 3408 1363 3452 με’-

369 3466 426 3486 σον
453 3453 532 3497 πρὸς
559 3454 717 3495 ἐκατερον
742 3454 893 3485 ἐναντίον
909 3451 1050 3498 λέγεταί
1069 3464 1136 3489 πως
1155 3453 1219 3484 τῶν
1240 3449 1358 3493 ἄκρων,

370 3497 523 3539 καθάπερ
549 3499 680 3540 εἴρηται
705 3498 763 3528 καὶ
788 3495 961 3541 πρότερον.
996 3498 1127 3533 Κίνησις
1155 3496 1213 3539 μὲν
1246 3490 1288 3531 δη
1313 3507 1362 3527 κι-

370 3541 463 3579 νήσει
489 3542 628 3574 ἐναντία
654 3540 759 3578 οὕτως
786 3542 806 3577 ἡ
832 3540 866 3581 ἐξ
892 3541 1044 3572 ἐναντίου
1068 3540 1112 3577 εἰς
1131 3539 1297 3580 ἐναντίον,
1316 3541 1359 3581 τῇ

371 3586 406 3627 ἐξ
432 3584 585 3618 ἐναντίου
610 3586 653 3623 εἰς
679 3585 845 3617 ἐναντίον.

1412 786 1430 805 *
1443 787 1589 826 Amplius
1609 794 1715 818 autem
1734 789 2005 819 determinandum
2020 796 2075 827 est,
2090 791 2191 830 qualis
2208 797 2313 822 motus
2327 798 2373 822 est
2388 801 2466 822 con-

1479 831 1589 860 trarius
1613 832 1725 870 motui,
1743 839 1773 863 et
1789 833 1826 862 de
1845 833 2008 863 mansione
2024 833 2136 863 eodem
2155 835 2262 865 modo.
2283 835 2343 865 Sed
2362 836 2464 875 primo

1480 874 1683 905 dividendum
1712 882 1776 914 est,
1801 883 1907 906 utrum
1937 877 2107 907 contrarius
2136 885 2242 908 motus
2276 878 2314 908 sit
2343 879 2397 918 qui
2421 886 2467 909 est

1480 927 1516 948 ex
1539 919 1668 957 eodem,
1693 919 1720 949 ei
1744 919 1798 960 qui
1822 926 1867 950 est
1890 920 1921 949 in
1945 920 2046 958 idem,
2070 927 2106 951 ut
2128 921 2182 961 qui
2206 928 2252 952 est
2275 931 2310 951 ex
2326 923 2465 960 sanitate,

1480 962 1507 991 ei
1531 962 1586 1002 qui
1609 969 1655 993 est
1676 963 1709 993 in
1740 963 1921 1001 sanitatem,
1945 971 1980 994 ut
2002 964 2159 1003 generatio
2183 972 2212 995 et
2240 966 2398 1005 corruptio
2421 966 2466 995 vi-

1480 1005 1611 1043 dentur;
1635 1013 1689 1036 aut
1712 1006 1766 1046 qui
1790 1013 1835 1037 est
1858 1017 1894 1037 ex
1917 1007 2094 1046 contrariis,
2118 1014 2154 1038 ut
2176 1008 2230 1049 qui
2254 1015 2299 1038 est
2321 1019 2358 1039 ex
2386 1009 2466 1039 sani-

1479 1054 1551 1087 tate,
1576 1049 1603 1078 ei
1626 1049 1681 1089 qui
1705 1057 1750 1080 est
1773 1060 1809 1080 ex
1828 1051 2032 1090 aegritudine;
2049 1058 2103 1082 aut
2121 1052 2175 1092 qui
2191 1059 2237 1082 est
2251 1052 2283 1082 in
2302 1053 2465 1091 contraria,

1479 1098 1514 1122 ut
1537 1092 1592 1132 qui
1616 1099 1661 1122 est
1691 1094 1723 1122 in
1753 1094 1932 1132 sanitatem,
1957 1095 1984 1124 ei
2008 1095 2063 1135 qui
2090 1102 2135 1126 est
2157 1096 2190 1126 in
2220 1096 2464 1135 aegritudinem;

1480 1142 1534 1165 aut
1557 1135 1612 1176 qui
1635 1143 1680 1166 est
1704 1146 1740 1166 ex
1763 1138 1927 1176 contrario,
1952 1138 1979 1167 ei
2003 1139 2058 1178 qui
2082 1146 2127 1169 est
2149 1139 2182 1169 in
2205 1140 2406 1178 contrarium,
2430 1148 2467 1171 ut

1479 1179 1535 1219 qui
1559 1186 1604 1210 est
1620 1189 1656 1209 ex
1675 1180 1819 1219 sanitate,
1845 1181 1872 1211 ei
1895 1181 1950 1221 qui
1966 1188 2011 1211 est
2029 1182 2061 1211 in
2077 1182 2317 1222 aegritudinem;
2342 1190 2396 1214 aut
2411 1184 2466 1224 qui

1479 1229 1526 1253 est
1549 1233 1585 1252 ex
1608 1224 1763 1253 contrario
1786 1224 1818 1253 in
1842 1225 2042 1263 contrarium,
2063 1226 2090 1255 ei
2115 1227 2169 1266 qui
2194 1233 2239 1256 est
2262 1237 2297 1256 ex
2312 1227 2466 1257 contrario

1479 1266 1513 1296 in
1537 1267 1739 1305 contrarium,
1759 1274 1794 1298 ut
1817 1268 1871 1308 qui
1896 1275 1941 1298 est
1964 1278 2000 1298 ex
2023 1269 2150 1299 sanitate
2172 1270 2205 1299 in
2229 1270 2464 1310 aegritudinem,

1479 1310 1506 1340 ei
1530 1310 1585 1351 qui
1601 1317 1647 1340 est
1663 1320 1698 1340 ex
1714 1311 1906 1351 aegritudine
1924 1312 1956 1341 in
1976 1311 2147 1343 sanitatem.
2171 1314 2303 1343 Necesse
2322 1321 2367 1344 est
2382 1315 2467 1344 enim

1479 1361 1534 1385 aut
1557 1364 1659 1384 unum
1677 1356 1837 1395 quendam
1855 1355 1971 1385 horum
1997 1366 2062 1386 esse
2083 1356 2254 1387 modorum
2272 1364 2326 1388 aut
2343 1358 2465 1398 plures:

1479 1408 1544 1428 non
1569 1398 1653 1428 enim
1677 1405 1722 1429 est
1744 1399 1831 1429 aliter
1855 1406 2087 1438 contraponere.

1411 1441 1430 1459 ’κ’
1444 1442 1500 1472 Est
1522 1446 1629 1472 autem
1652 1441 1706 1482 qui
1723 1449 1768 1473 est
1782 1453 1818 1472 ex
1842 1443 2008 1481 contrario,
2026 1443 2053 1473 ei
2077 1443 2131 1483 qui
2156 1450 2201 1474 est
2215 1443 2247 1473 in
2265 1445 2465 1483 contrarium,

1479 1496 1545 1516 non
1558 1485 1747 1524 contrarius;
1758 1493 1794 1516 ut
1809 1486 1864 1526 qui
1881 1493 1927 1516 est
1942 1497 1978 1516 ex
1993 1487 2133 1525 sanitate,
2149 1487 2176 1517 ei
2192 1487 2247 1527 qui
2259 1495 2304 1518 est
2321 1488 2354 1518 in
2371 1489 2467 1528 aegri-

1478 1530 1631 1560 tudinem.
1657 1530 1743 1559 Idem
1767 1530 1851 1560 enim
1872 1537 1903 1561 et
1921 1540 2003 1561 unus
2023 1537 2078 1569 est,
2095 1541 2160 1561 esse
2179 1538 2284 1562 tamen
2299 1542 2364 1562 non
2383 1532 2467 1562 idem

1479 1581 1524 1604 est
1546 1573 1640 1613 ipsis;
1665 1573 1745 1604 sicut
1767 1583 1833 1604 non
1856 1574 1941 1604 idern
1963 1580 2009 1606 est
2032 1584 2068 1604 ex
2091 1575 2220 1605 sanitate
2243 1575 2358 1606 mutari
2381 1582 2411 1606 et
2433 1576 2466 1606 in

1478 1617 1712 1657 aegritudinem.

1412 1661 1428 1679 *
1443 1661 1554 1701 Neque
1573 1661 1628 1701 qui
1651 1667 1697 1691 est
1714 1671 1749 1691 ex
1773 1661 1938 1699 contrario,
1957 1661 1983 1691 ei
1998 1662 2053 1702 qui
2069 1669 2114 1692 est
2132 1672 2168 1692 ex
2184 1662 2348 1692 contrario.
2365 1661 2467 1693 Simul

1478 1705 1608 1745 quidem
1631 1705 1715 1734 enim
1739 1705 1849 1735 accidit
1869 1705 1982 1734 mutari
2002 1715 2038 1735 ex
2057 1705 2211 1736 contrario
2227 1706 2259 1736 in
2276 1706 2467 1736 contrarium

1479 1755 1533 1778 aut
1555 1748 1588 1778 in
1611 1749 1760 1778 medium.
1786 1748 1846 1778 Sed
1866 1749 1903 1778 de
1920 1748 1981 1778 hoc
1997 1749 2126 1789 quidem
2144 1749 2298 1788 posterius
2315 1749 2465 1781 dicemus.

1413 1792 1474 1822 Sed
1497 1792 1596 1831 magis
1619 1792 1652 1821 in
1684 1792 1874 1822 contrarium
1906 1793 2020 1822 mutari
2049 1793 2204 1823 videbitur
2235 1793 2345 1833 utique
2375 1803 2467 1824 causa

1479 1845 1546 1865 esse
1566 1836 1799 1873 contrarietatis,
1815 1845 1911 1876 quam
1928 1846 1964 1865 ex
1980 1837 2144 1867 contrario.
2162 1837 2222 1867 Hic
2238 1837 2367 1877 quidem
2383 1837 2467 1867 enim

1480 1879 1626 1909 discessio
1651 1879 1883 1917 contrarietatis,
1907 1879 1958 1909 ille
1981 1890 2054 1909 vero
2079 1880 2227 1919 acceptio.

1412 1923 1453 1953 Et
1475 1923 1588 1953 dicitur
1610 1929 1716 1953 autem
1739 1923 1957 1963 unusquisque
1981 1933 2018 1953 eo
2043 1923 2074 1953 in
2091 1924 2178 1964 quod
2201 1930 2349 1962 mutatur,
2369 1924 2467 1964 magis

1479 1977 1576 2007 quam
1601 1977 1639 1996 eo
1663 1976 1699 1997 ex
1722 1974 1804 2007 quo:
1829 1973 1864 1997 ut
1888 1966 2006 1997 sanatio
2031 1967 2085 2007 qui
2104 1967 2136 1997 in
2156 1967 2336 2006 sanitatem,
2360 1978 2467 2007 aegro-

1479 2011 1555 2041 tatio
1580 2017 1686 2041 autem
1709 2010 1763 2051 qui
1786 2010 1818 2040 in
1842 2010 2076 2050 aegritudinem.

1413 2054 1612 2095 Relinquitur
1635 2054 1729 2094 igitur
1752 2055 1807 2094 qui
1831 2061 1876 2084 est
1898 2054 1930 2084 in
1954 2054 2116 2092 contraria,
2141 2061 2171 2084 et
2194 2055 2248 2094 qui
2272 2061 2318 2085 est
2339 2055 2372 2084 in
2392 2049 2467 2086 con-

1478 2098 1569 2129 traria
1592 2108 1628 2128 ex
1652 2098 1821 2128 contrariis.
1846 2098 1997 2128 Fortassis
2022 2098 2151 2138 quidem
2169 2098 2263 2137 igitur
2282 2099 2390 2129 accidit
2413 2109 2467 2129 eos

1478 2142 1534 2182 qui
1556 2142 1589 2172 in
1614 2142 1776 2180 contraria,
1801 2148 1832 2172 et
1847 2152 1883 2172 ex
1900 2142 2059 2172 contrariis
2083 2149 2164 2179 esse;
2181 2142 2234 2172 sed
2254 2153 2319 2172 esse
2338 2142 2467 2173 forsitan

1478 2195 1544 2215 non
1573 2185 1667 2216 idem.
1696 2185 1775 2216 Dico
1806 2192 1912 2216 autem
1940 2186 1995 2226 qui
2017 2186 2049 2215 in
2082 2186 2264 2225 sanitatem,
2296 2186 2324 2216 ei
2353 2186 2407 2226 qui
2431 2197 2468 2216 ex

1478 2229 1685 2268 aegritudine;
1702 2235 1732 2259 et
1754 2229 1808 2269 qui
1832 2239 1868 2259 ex
1891 2229 2030 2267 sanitate,
2052 2229 2080 2259 ei
2099 2229 2153 2269 qui
2176 2229 2209 2259 in
2230 2229 2465 2269 aegritudinem.

1410 2271 1428 2290 θ’
1445 2273 1607 2309 Quoniam
1630 2280 1737 2303 autem
1752 2272 1852 2303 differt
1870 2273 2002 2303 mutatio
2019 2283 2036 2302 a
2051 2280 2141 2303 motu
2158 2271 2208 2315 (ex
2227 2274 2367 2314 quodam
2382 2274 2466 2303 enim

1478 2316 1618 2347 subiecto
1641 2316 1674 2346 in
1697 2316 1860 2356 quoddam
1890 2316 2066 2347 subiectum
2089 2317 2222 2347 mutatio
2246 2323 2291 2347 est
2318 2315 2464 2359 motus),

1478 2360 1533 2400 qui
1557 2366 1603 2390 est
1626 2369 1662 2390 ex
1685 2360 1839 2390 contrario
1863 2360 1896 2390 in
1915 2360 2116 2398 contrarium,
2135 2360 2163 2390 ei
2185 2360 2240 2401 qui
2264 2367 2309 2391 est
2332 2371 2368 2391 ex
2391 2371 2465 2391 con-

1477 2403 1571 2434 trario
1594 2403 1626 2433 in
1650 2403 1851 2442 contrarium,
1871 2410 1977 2434 motus
2001 2404 2172 2434 contrarius
2196 2411 2259 2442 est;
2283 2411 2318 2434 ut
2341 2404 2395 2445 qui
2419 2411 2465 2435 est

1479 2458 1515 2478 ex
1538 2447 1666 2478 sanitate
1690 2447 1722 2477 in
1746 2447 1988 2487 aegritudinem,
2012 2447 2040 2477 ei
2063 2447 2119 2488 qui
2142 2453 2187 2478 est
2210 2457 2247 2477 ex
2274 2447 2465 2488 aegritudine

1478 2491 1510 2521 in
1534 2491 1706 2522 sanitatem.

1411 2535 1428 2554 ’¹‘
1443 2535 1646 2566 Manifestum
1678 2541 1724 2564 est
1746 2541 1851 2564 autem
1875 2541 1904 2564 et
1927 2544 1964 2564 ex
1985 2534 2167 2564 inductione
2195 2534 2298 2574 qualia
2320 2535 2465 2565 videntur

1479 2579 1631 2610 contraria
1655 2589 1728 2609 esse.
1753 2580 1921 2617 Aegrotare
1945 2578 2029 2608 enim
2053 2578 2111 2617 ipsi
2135 2578 2245 2617 sanari,
2262 2585 2292 2608 et
2307 2578 2463 2608 addiscere

1478 2623 1538 2663 ipsi
1562 2623 1662 2662 decipi
1694 2632 1758 2652 non
1782 2632 1837 2662 per
1869 2622 1993 2662 ipsum:
2018 2621 2050 2651 in
2074 2621 2227 2652 contraria
2258 2621 2361 2660 enim;
2386 2622 2465 2652 sicut

1479 2666 1565 2697 enim
1587 2666 1620 2696 in
1651 2666 1777 2696 scientia
1801 2672 1863 2704 est,
1888 2665 1930 2696 sic
1953 2672 1983 2696 et
2005 2666 2038 2695 in
2061 2665 2259 2705 deceptione,
2292 2672 2322 2695 et
2344 2675 2399 2705 per
2430 2675 2463 2695 se

1478 2710 1585 2751 ipsum
1616 2709 1766 2750 consequi
1789 2716 1818 2740 et
1841 2719 1895 2749 per
1919 2709 2024 2739 alium.
2058 2709 2098 2739 Et
2130 2719 2254 2739 sursum
2286 2716 2411 2747 motus,
2436 2708 2464 2738 ei

1479 2755 1534 2795 qui
1558 2760 1603 2784 est
1626 2754 1793 2784 deorsum:
1818 2753 1970 2783 contraria
2001 2753 2085 2783 enirn
2114 2752 2190 2783 haec
2213 2759 2285 2783 sunt
2308 2753 2339 2782 in
2362 2752 2463 2792 longi-

1479 2798 1596 2828 tudine.
1622 2798 1663 2828 Et
1685 2797 1741 2837 qui
1765 2803 1810 2827 est
1833 2797 1871 2827 ad
1891 2797 2038 2834 dextram,
2055 2796 2082 2826 ei
2102 2796 2156 2837 qui
2175 2803 2221 2826 est
2235 2797 2274 2826 ad
2293 2796 2462 2826 sinistram:

1480 2841 1633 2872 contraria
1655 2841 1740 2871 enim
1763 2841 1838 2871 haec
1862 2841 1980 2871 suntin
2000 2840 2170 2871 latitudine.
2194 2841 2234 2870 Et
2249 2840 2304 2880 qui
2323 2847 2368 2870 est
2381 2846 2463 2878 ante,

1480 2885 1507 2916 ei
1531 2885 1586 2925 qui
1610 2891 1655 2915 est
1673 2892 1770 2915 retro:
1795 2885 1947 2915 contraria
1963 2884 2047 2914 enirn
2062 2885 2138 2915 haec
2152 2890 2225 2914 sunt
2242 2884 2275 2914 in
2291 2883 2462 2914 altitudine.

1412 2929 1430 2948 '³⁶
1446 2929 1509 2967 Qui
1533 2936 1639 2959 autern
1663 2935 1708 2959 est
1730 2928 1763 2958 in
1787 2928 1978 2959 contrarium
1993 2928 2108 2966 solum,
2128 2938 2193 2958 non
2208 2934 2253 2958 est
2275 2934 2392 2966 motus,
2410 2927 2463 2957 sed

1479 2973 1634 3003 mutatio:
1659 2979 1694 3003 ut
1716 2971 1781 3002 fieri
1804 2972 1912 3002 album
1935 2982 2000 3002 non
2024 2982 2060 3002 ex
2083 2972 2223 3012 quodam
2247 2978 2302 3001 est.

1414 3017 1538 3055 Quibus
1561 3023 1667 3047 autem
1695 3025 1760 3046 non
1788 3022 1834 3046 est
1863 3015 2072 3054 contrarium,
2097 3015 2229 3046 mutatio
2257 3024 2338 3055 quae
2362 3021 2407 3045 est
2430 3023 2465 3044 ex

1479 3061 1560 3101 ipso,
1585 3060 1612 3090 ei
1635 3069 1716 3100 quae
1740 3065 1785 3090 est
1809 3060 1841 3089 in
1864 3059 1984 3099 ipsum,
2009 3059 2162 3089 contraria
2185 3065 2239 3089 est.
2264 3058 2355 3089 Unde
2374 3068 2464 3098 gene-

1480 3104 1559 3134 ratio
1583 3103 1776 3144 corruptioni
1805 3103 1958 3134 contraria
1980 3109 2042 3141 est,
2067 3109 2097 3133 et
2119 3102 2252 3133 remotio
2281 3101 2462 3141 acceptioni.

1475 3149 1544 3178 Hae
1567 3154 1673 3178 autern
1689 3147 1878 3178 mutationes
1897 3147 2035 3187 quidem,
2055 3153 2161 3176 motus
2177 3152 2282 3176 autem
2301 3155 2366 3174 non
2381 3150 2462 3174 sunt.

1413 3191 1431 3209 ’³‘
1447 3192 1510 3229 Qui
1527 3198 1633 3222 autem
1649 3191 1688 3221 ad
1703 3191 1845 3221 medium
1860 3197 1966 3220 motus
1983 3196 2065 3228 sunt,
2077 3190 2327 3230 quibuscumque
2343 3194 2463 3217 contra-

1469 3236 1601 3266 -riorum
1624 3235 1741 3275 aliquid
1758 3241 1804 3264 est
1819 3234 1971 3270 medium,
1988 3240 2138 3273 tanquam
2161 3232 2193 3261 in
2217 3230 2367 3261 contraria
2383 3239 2462 3270 quo-

1482 3279 1654 3309 dammodo
1685 3278 1822 3318 ponendi
1846 3284 1927 3307 sunt.
1961 3277 2047 3307 Sicut
2075 3275 2159 3305 enim
2187 3273 2340 3304 contrario
2365 3273 2462 3303 utitur

1481 3323 1587 3352 medio
1611 3329 1728 3359 motus,
1746 3322 1784 3351 ad
1801 3320 1914 3351 utravis
1937 3319 1990 3349 fiat
2009 3319 2159 3348 mutatio:
2177 3325 2212 3347 ut
2230 3327 2266 3347 ex
2285 3317 2373 3346 fusco
2393 3316 2463 3356 qui-

1482 3367 1554 3396 dem
1577 3366 1609 3395 in
1639 3366 1746 3395 album
1775 3371 1923 3403 tanquam
1954 3373 1990 3392 ex
2013 3362 2116 3401 nigro,
2142 3371 2178 3390 ex
2201 3361 2271 3390 albo
2301 3367 2406 3390 autem
2429 3359 2463 3389 in

1480 3410 1607 3440 fuscum
1638 3416 1787 3448 tanquam
1817 3408 1849 3436 in
1881 3407 2024 3445 nigrum,
2053 3415 2089 3435 ex
2113 3404 2200 3444 nigro
2231 3411 2336 3434 autem
2358 3403 2390 3433 in
2414 3403 2463 3434 fu-

1477 3463 1567 3483 scum
1594 3459 1743 3492 tanquam
1769 3451 1801 3480 in
1824 3450 1940 3479 album.
1974 3449 2112 3478 Fuscum
2145 3447 2229 3477 enim
2260 3447 2402 3477 medium
2425 3447 2464 3477 ad

1481 3503 1650 3536 utrumque
1675 3495 1785 3525 dicitur
1807 3492 2046 3533 quodammodo
2075 3498 2296 3528 extremorum,
2320 3490 2400 3521 sicut
2419 3490 2463 3520 di-

1482 3546 1568 3570 ctum
1591 3546 1637 3569 est
1659 3538 1753 3578 prius.
1774 3537 1880 3566 Motus
1903 3536 1996 3575 igitur
2019 3534 2120 3565 motui
2145 3534 2316 3564 contrarius
2340 3541 2385 3564 est
2409 3534 2462 3572 sic,

1481 3583 1536 3623 qui
1561 3589 1606 3612 est
1629 3592 1664 3611 ex
1688 3579 1840 3611 contrario
1864 3580 1896 3610 in
1920 3578 2120 3617 contrarium,
2138 3578 2167 3608 ei
2182 3578 2238 3618 qui
2254 3588 2290 3608 ex
2309 3577 2462 3608 contrario

1479 3626 1515 3664 inv
1537 3625 1735 3656 contrarium.

2492 794 2503 805 ⁸
2517 794 2574 822 Cap.
2589 801 2611 816 ν.
2625 795 2694 816 Text.

2492 820 2531 846 46.

2495 1451 2503 1460 '
2518 1450 2585 1471 Text.
2600 1457 2637 1478 47.

2495 1664 2504 1673 ¹
2518 1663 2586 1685 Text.
2599 1664 2638 1690 48.

2494 2279 2503 2287 '
2517 2277 2583 2299 Text.
2597 2284 2636 2305 49.

2492 2539 2501 2548 '
2515 2538 2582 2559 Text.
2595 2544 2632 2566 50·

2492 2930 2501 2939 ·
2516 2929 2584 2950 Text.
2598 2934 2626 2956 5¹·

2491 3190 2500 3198 ·
2515 3188 2581 3211 Text.
2596 3194 2628 3216 5²·
