2898 3996
218 1184 228 1194 ¹
242 1183 312 1205 Num.
327 1183 350 1206 8.

219 1766 228 1775 ·
242 1765 292 1786 alio
303 1764 370 1786 codd.
381 1770 430 1786 exc.

236 1797 288 1813 zuo.

451 260 527 306 432

454 337 493 374 in
523 337 553 373 C
582 348 661 373 non
690 334 944 383 corrumpitur
982 345 1053 370 nec
1085 334 1128 369 fit
1163 332 1312 379 album,
1343 331 1410 368 sed
1438 331 1514 368 iam

457 390 597 426 factum
618 394 671 424 est
691 394 727 424 et
747 395 978 436 corruptum.
1001 385 1118 432 Quod
1138 392 1265 421 autem
1286 385 1426 422 factum
1447 391 1512 431 est,

458 449 532 488 est;
562 440 668 490 quod
687 447 814 476 autem
835 446 1055 487 corruptum
1077 445 1142 484 est,
1172 449 1250 474 non
1271 445 1326 478 est
1343 444 1373 474 μ.
1403 437 1514 474 Unde

456 494 698 531 manifestum
728 499 782 529 est
809 491 915 540 quod
942 491 980 528 in
1009 491 1040 527 C
1059 491 1184 539 primo
1212 502 1349 526 verum
1379 497 1434 526 est
1451 490 1514 541 >cli-

458 558 541 583 cere
569 546 644 582 hoc
672 557 754 581 esse
782 545 923 589 album,
945 543 975 580 si
1003 543 1054 580 ibi
1077 543 1297 580 terminetur
1323 542 1514 590 generatio

456 598 546 645 albi,
576 605 640 635 aut
668 609 750 634 esse
778 610 856 634 non
885 597 1026 643 album,
1048 596 1078 632 si
1106 595 1157 632 ibi
1185 595 1407 632 terminetur
1434 607 1515 631 cor-

456 650 579 700 ruptio
617 649 701 687 albi.
730 652 808 687 Aut
835 649 865 687 si
900 650 975 686 hoc
1011 661 1090 685 non
1120 648 1283 695 dIcatur,
1313 655 1517 697 sequentur

456 702 759 740 inconvenientia
795 714 909 751 supra
941 701 1083 751 posita,
1113 701 1252 738 scilicet
1287 701 1391 749 quod
1429 711 1516 736 cum

456 755 598 805 aliquid
626 763 681 792 est
708 755 784 792 iam
802 762 1036 803 generatum,
1066 754 1190 791 adhuc
1209 761 1264 790 est
1283 765 1361 790 non
1381 765 1459 800 ens,
1481 760 1516 789 et

457 821 544 845 cum
574 815 794 857 corruptum
814 815 880 854 est,
910 807 1033 844 adhuc
1054 814 1109 843 est
1133 819 1211 843 enS.
1232 808 1308 843 Aut
1327 806 1440 842 etiam
1460 817 1516 842 se-

457 861 581 910 quitur
608 861 712 909 quod
744 860 884 909 aliquid
912 859 1024 897 simul
1053 859 1099 896 sit
1135 860 1263 898 album
1292 866 1328 895 et
1354 870 1433 895 non
1465 858 1515 895 al-

456 914 561 961 bum,
583 921 619 950 et
645 913 904 950 universaliter
932 925 998 949 ens
1027 919 1064 949 et
1090 924 1168 949 non
1198 923 1275 948 ens.

515 977 571 1003 11.
588 966 734 1003 Deinde
750 978 836 1003 curn
851 965 954 1003 dicit:
971 965 1013 1002 Si
1021 970 1145 1002 autem
1160 964 1419 1013 quodcumque
1433 971 1515 1011 etc.,

455 1019 564 1056 infert
591 1018 788 1067 quoddam
813 1018 1070 1055 corrollarium
1100 1030 1146 1054 ex
1172 1017 1401 1066 praemissis,
1423 1017 1516 1054 scili-

458 1079 516 1108 cet
551 1072 656 1119 quod
683 1079 834 1120 tempus
871 1083 950 1108 non
987 1070 1175 1108 dividatur
1201 1070 1252 1107 in.
1277 1069 1517 1107 indivisibilia

456 1132 644 1173 tempora:
665 1124 754 1173 quia
781 1125 856 1160 hoc
874 1123 1011 1173 posito,
1032 1135 1110 1160 non
1129 1122 1266 1172 poterit
1284 1122 1381 1160 solvi
1407 1135 1515 1171 prae-

455 1176 571 1214 missa
583 1178 602 1198 ss
614 1177 808 1214 dubitatio.
820 1176 919 1214 Dicit
930 1188 1018 1224 ergo
1039 1177 1143 1225 quod
1159 1188 1313 1212 necesse
1330 1182 1386 1212 est
1400 1187 1515 1212 omne

456 1230 562 1278 quod
590 1237 646 1267 est
670 1229 774 1278 prius
803 1242 881 1267 non
901 1242 967 1267 ens
996 1236 1032 1266 et
1058 1236 1191 1277 postea
1215 1241 1292 1275 enS,
1314 1228 1515 1276 aliquando

456 1282 539 1319 fieri
577 1294 658 1320 ens:
689 1289 725 1319 et
751 1282 888 1319 iterum
925 1294 1081 1319 necesse
1109 1289 1164 1318 est
1201 1281 1304 1329 quod
1338 1280 1515 1317 cumali-

456 1335 547 1384 quid
575 1335 629 1383 fit,
650 1347 728 1372 non
757 1342 822 1372 est.
845 1335 885 1372 Si
913 1342 1040 1372 autem
1067 1335 1163 1371 haec
1191 1333 1267 1370 duo
1297 1345 1396 1381 quae
1429 1345 1516 1382 sup-

455 1388 574 1437 ponit,
603 1395 690 1425 sunt
708 1400 811 1435 vera,
831 1387 1065 1436 impossibile
1086 1393 1142 1423 est
1160 1387 1263 1435 quod
1290 1393 1442 1435 tempus
1462 1386 1515 1423 di-

456 1441 606 1478 vidatur
633 1440 671 1478 in
700 1440 940 1477 indivisibilia
968 1447 1154 1487 tempora.
1184 1438 1385 1476 Dividatur
1413 1438 1514 1476 enirn

457 1501 607 1542 tempus
635 1493 673 1530 in
711 1493 949 1530 indivisibilia
985 1499 1175 1540 tempora:
1205 1498 1241 1528 et
1268 1491 1314 1528 sit
1345 1491 1514 1540 primurn

457 1553 607 1595 tempus
635 1545 859 1583 indivisibile
887 1547 939 1591 A;
969 1544 1180 1582 secundum
1210 1551 1352 1591 autem,
1383 1557 1514 1582 conse-

457 1606 615 1647 quenter
633 1610 673 1635 se
692 1599 836 1635 habens
855 1598 904 1635 ad
922 1598 1059 1646 ipsum,
1076 1597 1122 1634 sit
1140 1598 1182 1634 B.
1199 1598 1233 1634 D
1250 1605 1390 1644 autem,
1411 1597 1516 1646 quod

455 1651 559 1700 prius
587 1663 666 1688 non
686 1658 763 1688 erat
791 1651 935 1699 album,
956 1658 993 1687 et
1014 1650 1263 1699 postmodum
1294 1657 1349 1687 est
1372 1651 1513 1698 album,

456 1704 573 1741 fiebat
591 1704 720 1741 album
736 1704 774 1741 in
788 1705 834 1750 A,
852 1711 888 1740 et
907 1711 997 1740 tunc
1010 1715 1089 1740 non
1109 1710 1188 1740 erat
1201 1703 1345 1739 album:
1366 1710 1516 1752 oportet

457 1764 585 1793 autem
614 1756 703 1794 dare
731 1756 837 1806 quod
864 1756 910 1793 sit
927 1757 1069 1793 factum
1090 1755 1129 1792 in
1157 1755 1283 1804 aliquo
1304 1757 1324 1776 *
1342 1763 1514 1804 tempore

456 1809 672 1846 indivisibili
694 1816 730 1846 et
748 1810 884 1855 habito,
905 1809 1000 1846 idest
1020 1815 1296 1857 consequenter
1313 1820 1353 1845 se
1372 1809 1514 1845 haben-

456 1870 510 1908 te,
532 1862 670 1899 scilicet
688 1862 726 1899 in
744 1863 788 1910 B,
812 1862 851 1899 in
879 1874 956 1910 quo
985 1861 1062 1898 iarn
1091 1869 1157 1899 est.
1188 1861 1228 1898 Si
1252 1868 1380 1898 autem
1399 1862 1515 1898 fiebat

456 1915 586 1951 album
614 1914 652 1951 in
671 1916 717 1962 A,
737 1914 905 1963 sequitur
928 1915 1033 1963 quod
1060 1914 1099 1951 in
1117 1916 1151 1951 A
1171 1926 1250 1951 non
1270 1921 1348 1950 erat
1367 1914 1511 1951 album:

456 1967 495 2004 in
514 1969 544 2004 B
565 1975 692 2004 autem
713 1975 768 2004 est
786 1968 928 2004 album.
951 1968 1051 2004 Cum
1067 1979 1157 2015 ergo
1176 1966 1272 2003 inter
1286 1979 1364 2003 non
1380 1979 1461 2003 esse
1478 1974 1514 2004 et

458 2032 540 2057 esse
560 2020 606 2056 sit
623 2020 814 2068 generatio
835 2020 973 2067 media,
1002 2019 1092 2068 quia
1111 2019 1200 2056 nihil
1219 2019 1349 2056 transit
1368 2019 1415 2056 de
1434 2031 1513 2057 non

458 2085 539 2109 esse
564 2072 602 2109 in
622 2085 704 2109 esse
724 2073 794 2109 nisi
812 2084 881 2121 per
899 2073 1195 2120 generationem,
1221 2072 1390 2120 sequitur
1408 2073 1512 2120 quod

456 2125 552 2162 inter
570 2126 604 2162 A
621 2133 656 2162 et
673 2126 705 2162 B
725 2125 770 2162 sit
788 2125 978 2173 generatio
999 2125 1141 2162 media:
1162 2137 1250 2172 ergo
1271 2125 1339 2161 erit
1357 2124 1512 2173 aliquod

510 2289 538 2324 μ)
552 2290 629 2320 Quod
638 2291 922 2324 autemfactum...non
936 2293 1008 2315 est.-
1021 2289 1099 2320 Quod
1107 2292 1195 2314 autem
1204 2290 1309 2323 factum
1320 2293 1346 2314 et
1359 2293 1513 2322 corruptum

1061 253 1406 291 PHYSICORUM
1433 252 1780 290 ARISTOTELIS
1810 253 1904 290 LIB.
1932 254 2019 291 VIII

1569 339 1718 381 tempus
1738 331 1909 369 medium
1924 332 2020 369 inter
2033 334 2068 369 A
2088 339 2124 369 et
2138 334 2182 380 B,
2202 332 2239 370 in
2255 345 2331 381 quo
2357 333 2474 370 fiebat
2501 333 2630 370 album

1571 385 1673 433 (quia
1697 386 1771 422 hoc
1790 385 1943 434 ponitur
1961 392 2112 434 tempus
2136 387 2179 433 B,
2197 387 2232 422 D
2248 386 2498 433 generationis
2514 387 2561 432 ³²).
2582 386 2632 423 Et
2648 387 2880 443 ·2ffi15”m“8g?'¹381

1571 437 1738 474 similiter
1771 449 1858 474 cum
1886 437 1925 474 in
1950 437 2014 483 illo
2044 438 2174 475 medio
2208 445 2381 487 tempore
2414 438 2630 476 indivisibili

1570 491 1637 527 fiat
1655 491 1803 537 album,
1833 498 1888 527 est
1915 503 1994 527 non
2022 491 2168 527 album:
2193 491 2295 527 unde
2325 491 2460 528 eadem
2487 491 2630 528 ratione

1572 543 1761 592 oportebit
1779 555 1923 592 ponere
1951 543 2053 580 aliud
2067 544 2087 565 '¹‘
2105 551 2258 592 tempus
2287 543 2411 580 adhuc
2439 543 2630 591 medium,
2658 544 2783 593 2155?ng
2795 550 2873 574 ΜΨ

1572 603 1608 632 et
1635 596 1744 633 sicin
1764 596 1965 633 infinitum.
1995 597 2044 633 Et
2062 597 2136 633 hoc
2156 596 2255 644 ideo,
2286 596 2375 646 quia
2402 608 2480 633 non
2507 603 2632 645 potest

1570 648 1663 697 poni
1682 649 1788 696 quod
1806 649 1845 685 in
1865 649 2003 686 eodem
2023 657 2194 698 tempore
2213 650 2280 686 fiat
2300 656 2336 686 et
2354 649 2494 686 factum
2512 649 2568 686 sit.

1626 701 1703 738 Sed
1730 714 1809 738 non
1829 709 1883 738 est
1912 702 2047 739 eadem
2076 702 2169 739 ratio
2198 701 2229 738 si
2258 702 2400 739 dicatur
2423 702 2527 751 quod
2554 713 2633 738 non

1572 761 1658 790 sunt
1677 753 1916 791 indivisibilia
1943 762 2116 803 tempora
2133 755 2171 791 in
2201 767 2297 803 quae
2325 762 2476 804 tempus
2499 754 2632 792 dividi-

1571 813 1642 843 tur.
1673 806 1854 843 Dicemus
1871 808 1890 828 *
1906 807 2007 844 enirn
2027 807 2237 845 secundum
2263 809 2349 855 hoc,
2379 807 2483 856 quod
2509 818 2632 844 unum
2661 807 2827 856 ‘R‘m2
2846 800 2875 826 Τ

1573 865 1609 895 et
1635 858 1738 896 idem
1766 866 1915 908 tempus
1943 867 1998 897 est
2024 859 2063 897 in
2090 873 2167 909 quo
2195 861 2313 897 fiebat
2336 868 2372 897 et
2390 861 2532 897 factum
2566 867 2631 897 est.

1574 911 1649 949 Sed
1677 911 1793 949 fiebat
1812 919 1848 948 et
1867 920 1947 949 erat
1973 925 2052 950 non
2072 925 2138 950 ens
2166 913 2205 950 in
2232 920 2311 950 toto
2331 921 2505 962 tempore
2523 925 2633 962 prae-

1573 964 1737 1002 cedenti:
1766 972 1821 1001 est
1848 972 1976 1002 autem
2004 965 2145 1002 factum
2166 973 2201 1002 et
2220 978 2287 1003 ens
2311 965 2350 1002 in
2366 966 2502 1003 ultimo
2530 977 2633 1002 nunc

1571 1017 1771 1066 temporis;
1801 1018 1905 1066 quod
1933 1017 2090 1067 quidem
2109 1030 2187 1055 non
2211 1030 2251 1054 se
2269 1019 2386 1055 habet
2403 1018 2453 1055 ad
2479 1025 2632 1067 tempus

1571 1070 1819 1119 praecedens,
1849 1070 1943 1107 sicut
1969 1071 2141 1107 habiturn
2169 1078 2233 1107 aut
2257 1077 2543 1119 consequenter,
2564 1070 2633 1108 sed

1572 1123 1666 1159 sicut
1689 1123 1871 1159 terminus
1900 1123 1991 1160 eius.
2019 1123 2096 1160 Sed
2114 1123 2145 1159 si
2162 1130 2355 1171 ponantur
2380 1130 2554 1171 tempora
2575 1122 2632 1160 in-

1573 1175 1782 1223 divisibilia,
1812 1187 1967 1212 necesse
1996 1182 2052 1212 est
2078 1175 2184 1225 quod
2212 1182 2488 1224 consequenter
2506 1187 2546 1212 se
2564 1176 2632 1213 ha-

1571 1228 1696 1264 beant.

1624 1280 1953 1317 Manifestum.·est
1989 1287 2116 1317 autern
2155 1280 2366 1318 secundum
2401 1274 2630 1329 praemissa,

1571 1333 1675 1382 quod
1703 1345 1781 1370 non
1809 1332 2023 1381 suppositis.
2049 1333 2284 1383 temporibus
2321 1333 2641 1381 indivisibilibus,

1571 1385 1601 1422 si
1629 1385 1770 1434 aliquid
1805 1386 1872 1422 fiat
1905 1386 2036 1422 album
2069 1385 2108 1423 in
2142 1393 2222 1423 toto
2257 1394 2432 1436 tempore
2459 1387 2515 1433 A,
2549 1397 2630 1423 non

1572 1445 1627 1475 est
1652 1438 1775 1475 maius
1811 1446 1961 1487 tempus
1994 1438 2034 1475 in
2061 1451 2139 1487 quo
2172 1440 2313 1476 factum
2345 1447 2402 1477 est
2429 1446 2465 1475 et
2491 1438 2629 1486 fiebat,

1571 1503 1687 1540 quam
1715 1491 1755 1528 in
1787 1503 1863 1541 quo
1895 1491 2012 1528 fiebat
2045 1492 2183 1529 solum.
2213 1492 2313 1539 Quia
2346 1492 2385 1530 in
2421 1498 2501 1529 toto
2534 1499 2630 1529 tem-

1569 1557 1663 1593 pore
1691 1545 1754 1592 fit,
1783 1544 1822 1581 in
1849 1543 1983 1581 ultimo
2012 1552 2140 1582 autem
2167 1545 2330 1582 termino
2363 1544 2547 1594 temporis
2575 1550 2632 1582 est

1570 1598 1731 1634 factum:
1760 1605 1911 1646 tempus
1939 1605 2068 1634 autem
2094 1605 2131 1634 et
2148 1597 2330 1635 terminus
2349 1597 2532 1647 temporis
2550 1609 2631 1634 non

1570 1657 1656 1687 sunt
1674 1649 1815 1698 aliquid
1841 1649 1965 1687 maius
2001 1662 2119 1699 quam
2155 1657 2307 1700 tempus
2337 1658 2505 1698 tanturn,
2535 1649 2632 1688 sicut

1570 1703 1683 1740 etiam
1711 1702 2014 1752 punctum·nihi1
2042 1703 2311 1752 magnitudinis
2339 1703 2464 1742 adiicit
2495 1702 2628 1740 lineae.

1570 1755 1696 1793 Sed-si
1715 1763 1906 1804 ponantur
1923 1762 2097 1805 tempora
2117 1756 2371 1804 indivisibilia,
2387 1755 2635 1793 manifestum

1570 1816 1624 1845 est
1653 1820 1698 1844 ex
1731 1808 1968 1857 praemissis,
2007 1809 2112 1857 quod
2145 1816 2294 1858 oportet
2327 1810 2412 1858 plus
2445 1807 2630 1858 temporis

1569 1873 1651 1898 esse
1679 1861 1718 1898 in
1745 1873 1822 1910 quo
1854 1861 1897 1898 fit
1925 1868 1962 1898 et
1989 1861 2130 1898 factum
2159 1869 2234 1910 est,
2268 1873 2386 1910 quarn
2414 1861 2453 1899 in
2481 1873 2558 1911 quo
2586 1861 2632 1898 fit

1568 1915 1704 1951 solum.

1620 1966 1762 2004 Ultimo
1790 1973 1917 2003 autern
1945 1966 2172 2015 epilogando
2208 1966 2398 2004 concludit
2424 1965 2630 2015 principale

1567 2018 1764 2065 intentum,
1787 2019 1914 2056 dicens
1933 2019 2038 2068 quod
2056 2019 2287 2068 praemissae
2308 2021 2328 2040 *
2348 2019 2512 2056 rationes
2531 2022 2628 2067 sunt,

1568 2290 1649 2323 serius·
1664 2298 1712 2323 pro
1729 2290 1866 2323 corruptio
1887 2290 1954 2321 albi,
1976 2291 2114 2323 corruptio
2137 2298 2189 2316 non
2211 2291 2265 2317 albi
2287 2291 2327 2316 ed.
2352 2298 2371 2316 a
2394 2295 2419 2316 et
2431 2291 2507 2317 codd.
2520 2290 2631 2317 etc-*BL

456 2328 502 2357 est,
522 2333 573 2350 non
592 2328 631 2350 est
645 2326 703 2357 EG3
723 2333 770 2358 pro
789 2326 867 2351 altero
886 2325 957 2358 quod
976 2329 1077 2354 autem,
1101 2328 1127 2350 et
1149 2325 1220 2357 quod
1236 2325 1430 2350 DFHLNOST.
1443 2338 1462 2344 -·
1474 2325 1514 2350 In·
1568 2325 1651 2351 SsCF.

2657 2023 2865 2073 &mxx

1568 2079 1603 2108 et
1621 2072 1641 2093 '¹‘
1659 2071 1798 2108 similes
1832 2071 1902 2119 eis,
1932 2072 2069 2120 quibus
2103 2072 2336 2110 credendum
2364 2079 2420 2109 est
2446 2079 2630 2120 tanquam
2657 2075 2857 2105 '‘tw-W-

1565 2124 1739 2173 propriis,
1761 2125 1865 2175 quod
1893 2132 2021 2162 motus
2050 2125 2212 2162 reflexus
2241 2137 2321 2162 non
2341 2132 2397 2162 est
2416 2124 2628 2163 continuus.
