2950 4004
1095 308 1205 345 CAP.
1235 308 1340 356 V111,
1371 309 1519 347 LECT.
1550 312 1618 347 XII

2367 317 2434 352 183

950 523 1249 579 LECTIO
1286 524 1763 582 DUODECIMA

289 674 347 705 EX
369 674 512 714 PARTE
534 673 822 706 VELOCITATIS
844 674 903 704 ET
926 673 1188 704 TARDITATIS
1211 673 1254 704 IN
1277 674 1404 704 MOTU
1428 674 1705 708 OSTENDITUR
1723 678 1906 710 VACUUM
1929 680 2187 712 SEPARATUM
2205 682 2296 713 NON
2314 682 2412 713 ESSE

259 803 341 836 Ἔτι
365 799 402 835 δέ
425 805 483 835 καὶ
509 801 544 835 ἐκ
569 797 674 834 τῶνδε
691 803 830 847 φανερόν
849 803 891 835 τό
907 802 1102 855 λεγόμενον·
1122 804 1184 846 ὁρῶ
1213 815 1245 835 εν
1262 804 1326 882 ’ξαρ

1290 860 1326 879 υο

268 1067 314 1100 Τό

267 1817 313 1850 Τὸ

335 847 376 880 τό
402 847 490 880 αὑτὸ
515 845 614 888 βάρος
638 847 696 878 καὶ
721 847 819 891 σῶμα
843 846 972 879 θᾶττον
990 858 1167 891 φερομενον
1211 849 1247 881 ιοὶ

335 892 471 932 αἰτίας,
497 889 518 927 ἦ
544 891 591 931 τῷ
616 886 782 933 διαφέρειν
813 890 854 923 τό
885 886 923 922 δι’
951 891 1007 931 οὑ,
1041 891 1108 922 οἷον
1133 887 1171 923 δι’
1200 888 1325 928 ὕδατος

334 935 356 972 ἦ
379 937 442 980 γῆς
467 933 488 971 ἦ
515 933 629 978 ἀέρος,
657 933 677 971 ἦ
702 935 751 976 τῷ
775 929 941 978 διαφέρειν
967 935 1008 968 τὸ
1038 936 1244 990 φερόμενον,
1267 938 1325 970 ὲοίν

333 976 450 1012 τᾶλλαι
474 976 594 1011 ταύτά
617 978 776 1023 ὑπάρχῃ,
807 975 866 1011 διά
889 979 953 1015 τήν
985 979 1153 1024 ὑπεροχήν
1178 993 1241 1013 του
1267 982 1328 1023 βοί-

333 1035 406 1068 ρους
432 1022 453 1059 ἦ
478 1023 541 1060 τῆς
564 1022 788 1065 κουφότητος.

338 1067 396 1112 μὲν
424 1065 479 1100 οὖν
504 1063 540 1099 δι’
571 1065 608 1098 οὗ
633 1067 770 1112 φέρεται
796 1068 925 1108 αἴτιον,
953 1066 1007 1099 ὅτι
1032 1063 1205 1111 ἐμποδίζει
1229 1068 1329 1112 μάλι-

334 1124 403 1144 στα
427 1111 486 1156 μὲν
513 1111 590 1143 ἀντι
616 1110 789 1156 ερόμενον,
821 1111 942 1143 ἔπειτα
969 1114 1027 1143 καὶ
1060 1111 1172 1155 μένον·
1198 1115 1326 1156 μᾶλλον

333 1152 372 1187 δὲ
403 1156 443 1189 τὸ
475 1155 522 1196 μή
557 1121 778 1200 εὑδιαίρετον·
805 1155 944 1187 τοιοῦτο
976 1150 1013 1187 δὲ
1045 1156 1087 1188 τό
1117 1156 1323 1202 παχύτερον.

333 1200 380 1232 Τὸ
405 1196 448 1236 δὴ
475 1200 520 1242 ἐφ’
550 1199 588 1231 οὑ
612 1201 638 1231 A
663 1198 861 1236 οἰσθήσεται
885 1194 944 1232 διοὶ
967 1201 1030 1232 τοῦ
1053 1201 1078 1230 Β
1103 1201 1162 1233 τόν
1188 1199 1234 1245 ἐφ’
1263 1201 1287 1242 ᾤ
1304 1203 1325 1232 Γ

332 1244 465 1290 χρόνον·
490 1240 550 1277 δια
573 1239 611 1275 δέ
636 1244 698 1277 τοῦ
723 1244 766 1284 Δ,
791 1244 1018 1287 λεπτομεροῦς
1045 1243 1161 1286 ὄντος,
1190 1246 1248 1277 τόν
1275 1243 1325 1288 ἐφ’

334 1291 358 1330 ᾤ
381 1290 424 1329 Ε,
452 1289 480 1320 εὶ
502 1291 573 1320 ἴσον
600 1287 641 1321 τό
665 1288 770 1332 μῆκος
795 1286 837 1320 τὸ
861 1289 924 1320 τοῦ
949 1289 973 1318 Β
998 1289 1046 1329 τῷ
1071 1289 1110 1330 Δ,
1135 1290 1232 1325 κατα
1261 1289 1325 1326 τήν

335 1332 520 1378 ἀναλογίαν
551 1333 612 1365 τοῦ
645 1326 886 1374 ἐμποδίζοντος
919 1331 1090 1375 σώματος.
1119 1332 1231 1365 Ἔστω
1260 1334 1325 1379 γάρ

334 1377 375 1411 τὸ
399 1376 458 1421 μὲν
474 1379 499 1408 Β
517 1372 608 1418 ὑδορ,
627 1376 669 1408 *ro*
693 1371 732 1407 δὲ
748 1377 771 1405 Δ
793 1375 871 1419 ἀήρ·
894 1375 956 1417 ὅσῳ
974 1371 1017 1413 δή
1037 1376 1244 1422 λεπτότερον
1264 1378 1326 1422 ἀήρ

335 1417 461 1458 ὕδατος
485 1422 543 1453 καὶ
577 1418 866 1473 ἀσωματώτερον,
900 1419 1054 1463 τοσούτῳ
1082 1421 1211 1454 θᾶττον
1237 1422 1277 1454 τό
1302 1423 1327 1453 Α

334 1461 394 1497 διοὶ
417 1466 479 1498 τοῦ
505 1466 528 1495 Δ
554 1463 750 1500 οἰσθήσεται
775 1477 795 1500 η
820 1459 879 1496 διά
903 1465 965 1497 τοῦ
988 1466 1025 1497 Β.
1053 1463 1186 1510 Ἐχέτω
1204 1461 1247 1503 δή
1266 1466 1326 1499 τόν

335 1509 443 1542 αὑτὸν
465 1508 567 1563 λόχον
595 1508 693 1550 ὅνπερ
724 1503 899 1545 διέστηκεν
932 1506 996 1553 ἀήρ
1029 1508 1109 1553 πρὸς
1143 1505 1251 1553 ὕδωρ,
1286 1510 1327 1544 τὸ

335 1552 442 1598 τάχος
467 1564 548 1597 προς
574 1553 614 1586 τό
639 1551 760 1596 τάχος
779 1551 859 1585 ὥστΙ
879 1552 908 1584 εἰ
931 1547 1117 1591 διπλασίως
1134 1554 1275 1594 λεπτόν,
1294 1552 1326 1586 ἐν

334 1593 501 1638 διπλασίῳ
525 1597 630 1641 χρόνῳ
656 1595 720 1632 τήν
746 1596 786 1628 τό
810 1597 835 1626 Β
858 1591 973 1628 δίεισιν
998 1596 1020 1633 ἦ
1046 1598 1110 1634 τήν
1135 1598 1176 1631 τὸ
1201 1600 1243 1640 Δ,
1269 1599 1327 1630 καὶ

334 1641 433 1674 ἔσται
458 1642 474 1674 ὁ
501 1638 547 1684 ἐφ’
569 1641 593 1682 ᾧ
610 1642 632 1671 Γ
673 1639 764 1684 ρόνος
791 1634 968 1679 διπλάσιος
996 1642 1058 1673 τοῦ
1084 1640 1130 1685 ἐφ’
1153 1642 1176 1683 ᾦ
1199 1645 1234 1675 Ε.
1261 1644 1327 1675 Καὶ

336 1686 387 1718 ἀεὶ
411 1679 454 1720 δή
481 1683 544 1725 ὅσῳ
571 1685 609 1717 ἂν
636 1652 953 1728 -ᾔάσωματώτερον
977 1687 1035 1717 καὶ
1060 1685 1168 1722 ἦττον
1190 1683 1327 1730 ἐμποδι-

334 1728 450 1761 στικὺν
474 1729 533 1760 καὶ
557 1724 854 1773 εὑδιαιρετώτερον
884 1724 922 1760 δι’
953 1729 990 1761 οὑ
1015 1729 1171 1774 φέρεται,
1198 1730 1327 1763 θᾶττον

335 1771 546 1809 οἰσθήσεται.

337 1813 375 1849 δὲ
397 1817 492 1848 κενόν
527 1812 648 1849 οὐδένα
674 1815 744 1859 ἔχει
766 1814 869 1861 λόγον
895 1816 918 1858 ᾦ
943 1816 1148 1862 ὑπερέχεται
1176 1819 1241 1850 ὑπὸ
1266 1820 1328 1851 τοῦ

333 1860 509 1905 σώματος,
540 1860 649 1905 ὥσπερ
682 1856 761 1892 οὐδὲ
791 1860 832 1892 τό
861 1856 964 1904 μηδὲν
995 1862 1075 1906 πρὸς
1108 1861 1256 1906 ἀριθμόν.
1291 1864 1327 1894 Ei.

333 1905 398 1952 γάρ
423 1905 471 1936 τοὶ
494 1903 653 1947 τέτταρα
678 1905 745 1937 τῶν
771 1905 869 1947 τριῶν
888 1905 1043 1950 ὑπερέχει
1063 1906 1123 1948 ένί,
1142 1908 1270 1939 πλείονι
1291 1902 1328 1939 δὲ

334 1953 406 1982 τοῖν
431 1943 541 1990 δυοῖν,
567 1950 626 1980 καὶ
652 1948 703 1981 ἔτι
729 1949 857 1981 πλείονι
887 1951 949 1982 τοῦ
976 1949 1047 1987 ἑνός
1072 1948 1093 1986 ἦ
1119 1955 1190 1983 τοῖν
1215 1946 1327 1993 δυοῖν,

334 1994 397 2026 τοῦ
414 1988 451 2025 δὲ
469 1988 608 2037 μηδενὸς
626 1992 741 2025 οὐκέτι
759 1992 829 2038 ἐ’χει
844 1992 947 2039 λόγον
965 1993 989 2035 ᾦ
1007 1994 1175 2039 ὑπερέχειῑ
1197 1993 1327 2041 ἀνάγκη

333 2038 398 2084 γοίρ
424 2037 465 2069 τό
491 2037 654 2083 ὑπερέχον
687 2033 886 2080 διαιρεῖσθαι
919 2039 963 2075 εἵς
997 2050 1036 2070 τε
1061 2038 1125 2075 τήν
1158 2040 1328 2084 ὑπεροχήν

332 2083 391 2114 καὶ
416 2081 457 2114 τό
483 2081 740 2127 ὑπερεχόμενον·
767 2080 855 2113 ὥστε
881 2082 981 2113 ἔσται
1005 2081 1053 2114 τοὶ
1077 2082 1235 2128 τέτταρα
1265 2084 1328 2126 ὅσῳ

334 2137 373 2158 τε
399 2125 554 2170 ὑπερέχει
584 2128 641 2158 καὶ
673 2121 782 2158 οὐδέν.
821 2125 877 2158 Διὸ
904 2121 980 2158 οὑδὲ
1009 2127 1151 2171 γραμμή
1182 2130 1327 2174 στιγμῆς

334 2169 509 2213 ὑπερέχει,
536 2170 564 2201 εἰ
588 2170 636 2213 μή
667 2170 848 2216 σύγκειται
874 2170 909 2201 ὲκ
934 2171 1097 2214 στιγμῶν.
1129 2173 1266 2215 Ὁμοίως
1293 2169 1330 2204 δέ

662 2214 669 2224 Ι
753 2214 760 2224 Ὶ

333 2214 392 2245 καὶ
417 2214 459 2245 τό
482 2214 576 2246 κενὸν
609 2226 688 2259 προς
721 2226 761 2246 το
787 2214 908 2258 πλῆρες
942 2210 1066 2247 οὑδένα
1099 2214 1209 2248 οἷόντε
1241 2216 1337 2261 ἔχειν’

333 2257 449 2303 λόγον·

267 2300 345 2334 ὥστ’
369 2297 446 2333 οὑδὲ
467 2302 530 2339 τήν
555 2305 693 2339 κίνησιν.
726 2301 817 2332 Ἀλλ’
840 2302 868 2333 εἰ
891 2297 951 2334 διοὶ
974 2303 1035 2335 τοῦ
1054 2303 1277 2336 λεπτοτάτου
1295 2304 1327 2335 ἐν

334 2340 456 2386 τοσῳδὶ
483 2346 546 2383 τήν
573 2340 716 2382 τοσήνδε
742 2344 879 2389 φέρεται
905 2342 963 2379 διά
985 2347 1048 2379 τοῦ
1067 2349 1179 2388 κενοῦ,
1199 2347 1328 2386 παντὸς

336 2389 540 2433 ὑπερβάλλει
563 2390 679 2436 λόγου.

260 2433 374 2468 Ἔστω
399 2435 464 2479 γάρ
489 2435 530 2467 τὸ
546 2437 569 2466 Ζ
583 2434 692 2475 κενόν,
709 2435 780 2465 ἴσον
805 2429 842 2465 δέ
869 2434 916 2475 τῷ
936 2433 1069 2480 μεγέθει
1089 2437 1200 2486 τοῖς-Β
1216 2438 1273 2468 καὶ
1291 2437 1325 2466 A·

336 2478 377 2511 τὸ
393 2474 436 2515 δὴ
456 2480 481 2510 A
498 2480 525 2510 εἰ
542 2474 638 2510 δίεισι
662 2478 722 2509 καὶ
746 2476 968 2515 κινηθήσεται
995 2478 1026 2510 ’έν
1050 2490 1115 2512 τινι
1132 2491 1190 2523 μεν
1209 2479 1327 2524 χρόνῳ,

335 2520 451 2567 τῷ,ἑφ’
474 2522 510 2555 οὑ
527 2524 577 2564 Η,
605 2521 637 2555 ἑν
663 2521 823 2554 ἐλάττονι
848 2521 885 2553 δὲ
903 2520 924 2558 ἦ
942 2523 990 2563 τῷ
1008 2521 1054 2566 ἐφ’
1079 2523 1116 2554 οὑ
1134 2526 1176 2565 Ε,
1204 2525 1327 2557 τοῦτον

336 2565 401 2607 ’έξει
426 2566 485 2599 τόν
508 2566 611 2613 λόγον
636 2567 677 2599 τό
706 2566 801 2597 κενὸν
832 2566 911 2610 πρὸς
938 2567 978 2599 τό
1008 2567 1143 2611 πλῆρες.
1174 2569 1264 2599 Ἀλλ’
1295 2568 1327 2600 ἐν

335 2611 488 2652 τοσούτῳ
513 2610 619 2655 χρόνῳ
645 2610 719 2648 ὅσος
745 2610 792 2653 ἐφ’
815 2610 852 2642 οὑ
874 2611 915 2642 τό
932 2613 980 2652 Η,
1008 2613 1070 2643 τοῦ
1088 2613 1111 2641 Δ
1132 2612 1172 2643 τὸ
1189 2613 1214 2643 Α
1231 2608 1328 2645 δίεισι

336 2655 400 2692 τήν
426 2655 467 2688 τὸ
482 2656 519 2687 Θ.
547 2656 648 2687 Δίεισι
666 2650 703 2686 δέ
720 2667 771 2700 γε,
788 2653 851 2687 κᾶν
870 2653 890 2697 ᾗ
907 2667 941 2688 τι
957 2655 1150 2693 λεπτότητι
1169 2651 1326 2701 διαφέρον

335 2700 398 2731 τοῦ
426 2699 520 2742 ἀέρος
545 2699 592 2743 ἐφ’
622 2699 645 2740 ᾤ
669 2698 711 2732 τὸ
735 2701 778 2740 Ζ,
812 2699 945 2735 ταύτην
977 2699 1041 2736 τήν
1075 2700 1261 2746 ἀναλογίαν
1288 2702 1327 2737 ’ἣν

335 2742 404 2787 ἔχει
430 2744 445 2774 ὁ
470 2741 587 2787 χρόνος
612 2743 658 2786 ἐφ’
683 2742 705 2784 ᾤ
722 2744 746 2773 Ε
768 2743 847 2787 πρὸς
872 2743 932 2776 τὸν
959 2741 1005 2787 ἐφ’
1027 2742 1051 2784 ᾤ
1073 2745 1114 2776 Η.
1138 2743 1199 2775 ’“Αν
1223 2746 1287 2791 γάρ
1307 2743 1328 2788 ᾖ

336 2786 490 2827 τοσοὺτῳ
513 2786 720 2830 λεπτότερον
745 2786 787 2818 τὸ
813 2784 862 2829 ἐφ’
891 2787 915 2828 ᾦ
939 2789 961 2817 Ζ
986 2788 1083 2831 σῶμα
1109 2789 1169 2820 τοῦ
1195 2789 1236 2830 A,
1265 2788 1327 2829 ὅσῳ

336 2829 492 2876 ὑπερέχει
523 2830 564 2863 τό
591 2831 615 2861 Ε
641 2831 703 2862 τοῦ
731 2831 781 2871 Η,
817 2831 1119 2875 ἀντεστραμμένως
1151 2827 1248 2864 δίεισι
1281 2834 1327 2874 τῷ

335 2875 436 2920 τάχει
460 2875 492 2907 ἐν
510 2873 677 2916 τοσούτῳ,
697 2872 773 2906 ὅσον
791 2875 832 2906 τὸ
851 2876 900 2916 Η,
927 2875 990 2911 τήν
1009 2875 1050 2907 τό
1066 2877 1089 2906 Ζ
1107 2875 1147 2908 τὰ
1165 2876 1211 2920 ἐφ’
1234 2877 1270 2908 οὑ
1289 2878 1326 2917 A,

335 2916 393 2952 ἑοίν
418 2918 574 2963 φέρηται.
604 2919 685 2951 Ἐάν
712 2920 822 2951 τοίνυν
855 2915 958 2960 μηδὲν
985 2918 1008 2962 ’ᾗ
1033 2921 1129 2962 σῶμα
1155 2918 1187 2951 ἐν
1212 2922 1260 2962 τῷ
1283 2923 1326 2961 Ζ,

335 2963 387 2995 ἔτι
412 2963 554 2995 θᾶττον·
583 2963 655 2995 ἀλλ’
684 2959 724 2999 ἦν
751 2960 782 2995 ἑν
809 2964 856 3004 τῷ
882 2965 924 2995 Η.
953 2962 1047 2996 ’Ὠστ’
1077 2964 1108 2995 ἑν
1135 2966 1193 3005 ἴσῳ
1221 2964 1327 3010 χρόνῳ

334 3003 430 3039 δίεισι
456 3005 579 3051 πλῆρές
604 3019 641 3039 τε
668 3004 702 3038 ὃν
723 3008 781 3039 καὶ
798 3006 907 3040 κενόν.
935 3008 1026 3039 Ἀλλ’
1050 3003 1233 3042 ἀδύνατον.
1259 3010 1328 3040 Φα-

334 3051 424 3093 νερόν
456 3054 567 3083 τοίνυν
595 3050 667 3091 ὅτι,
694 3051 721 3082 εἱ
747 3050 820 3084 ἔστι
846 3063 896 3089 τις
953 3051 1044 3096 ρόνος
1070 3052 1103 3084 ἐν
1130 3052 1152 3094 ᾤ
1177 3048 1236 3084 διοὶ
1266 3053 1327 3085 τοῦ

332 3095 430 3126 κενοῦ
457 3096 570 3128 ὁτιοῦν
597 3093 805 3134 οἰσθήσεται,
825 3095 1039 3139 συμβησεται
1064 3097 1169 3129 τοῦτο
1189 3096 1230 3129 τὸ
1249 3092 1330 3129 ἀδό-

333 3149 450 3171 νατον.
470 3139 528 3170 Ἐν
551 3141 609 3180 ἴσῳ
627 3139 690 3185 γὰρ
707 3138 920 3183 ληφθήσεται
945 3139 1069 3184 πλῆρές
1095 3153 1133 3172 τε
1157 3139 1190 3172 ὃν
1211 3136 1329 3181 διεξιέ-

334 3193 390 3214 ναι
423 3194 479 3224 τι,
510 3184 568 3215 καὶ
599 3182 708 3215 κενόν·
743 3183 842 3216 ἔσται
870 3183 934 3229 γάρ
966 3196 1000 3216 τι
1032 3183 1198 3230 ἀνάλογον
1231 3186 1328 3229 σῶμα

335 3225 448 3270 ἕτερον
474 3226 554 3270 πρός
581 3226 708 3272 ἐ’τερον,
735 3228 775 3265 ὠς
799 3226 916 3272 χρόνος
942 3228 1021 3272 πρὸς
1046 3227 1179 3272 χρόνον.

262 3349 318 3386 Ὦς
343 3342 370 3379 δ’
400 3347 432 3379 ἐν
456 3359 493 3379 κε
521 3349 627 3388 αλαίῳ
652 3349 775 3388 εἰπεῖν,
801 3343 904 3384 δῆλον
931 3349 972 3381 τὸ
997 3350 1058 3381 τοῦ
1083 3350 1325 3394 συμβαίνοντος

337 3393 466 3431 αἴτιον,
494 3402 548 3424 οτι
571 3393 729 3428 κινήσεως
760 3392 819 3434 μέν
849 3392 928 3435 πρὸς
959 3394 1084 3429 κίνησιν
1111 3393 1220 3431 πάσης
1254 3395 1326 3426 ἐστὶ

333 3435 434 3481 λόγος
458 3436 511 3478 (ἑν
536 3435 641 3479 χρόνῳ
670 3434 734 3480 γάρ
761 3435 855 3476 ἐστι,
886 3435 1005 3479 χρόνου
1031 3433 1067 3467 δέ
1093 3437 1221 3474 παντός
1253 3438 1326 3470 ἐστι

337 3480 416 3524 πρὸς
440 3478 572 3523 χρόνον,
592 3478 851 3523 πεπερασμένων
878 3480 1036 3524 ἀμφοῖν),
1062 3481 1158 3511 κενοῦ
1183 3475 1220 3512 δὲ
1246 3482 1325 3525 πρός

336 3524 458 3568 πλῆρες
486 3523 545 3555 οὑκ
572 3522 675 3554 ἔστιν.

262 3567 308 3610 ’ῌ
325 3567 383 3612 μὲν
402 3565 458 3600 οὑν
475 3562 665 3611 διαφέρουσι
687 3561 724 3598 δι’
745 3567 787 3598 ὦν
808 3566 978 3611 φέρονται,
997 3567 1114 3599 ταῦτα
1137 3567 1324 3610 συμβαίνει,

1381 804 1399 821 ⁹*
1421 806 1567 846 Amplius
1591 814 1696 838 autem
1721 816 1750 839 et
1773 820 1809 840 ex
1832 811 1878 840 his
1902 812 2104 842 manifestum
2127 819 2172 843 est
2202 813 2289 853 quod
2313 814 2433 845 dicitur.

1447 849 1599 880 Videmus
1617 852 1701 882 enim
1716 853 1801 883 idem
1816 864 1907 893 grave
1931 862 1961 885 et
1984 866 2099 895 corpus
2115 857 2254 887 velocius
2275 857 2345 887 ferri
2362 867 2434 897 pro-

1448 900 1516 932 pter
1540 895 1616 924 duas
1636 904 1761 934 causas;
1785 904 1839 928 aut
1862 898 1935 938 quia
1958 899 1990 928 id
2013 899 2112 930 differt
2134 910 2190 939 per
2212 901 2311 940 quod,
2327 908 2363 931 ut
2380 911 2436 941 per

1448 947 1564 976 aquam
1579 945 1633 968 aut
1651 949 1707 978 per
1721 947 1834 971 terram
1853 949 1908 972 aut
1922 952 1977 981 per
1993 950 2112 981 aerem;
2130 951 2184 974 aut
2199 944 2273 984 quia
2288 944 2320 974 id
2337 944 2436 975 differt

1448 982 1536 1020 quod
1559 981 1673 1020 fertur,
1697 984 1721 1013 si
1746 984 1804 1014 alia
1828 992 1901 1016 sunt
1923 986 2048 1025 eadem,
2072 994 2200 1027 propter
2223 988 2436 1018 excellentiam

1447 1024 1603 1063 gravitatis
1627 1033 1681 1056 aut
1703 1027 1844 1059 levitatis.
1992 1047 1995 1050 ·

1381 1067 1452 1097 Hoc
1475 1067 1570 1106 igitur
1592 1079 1647 1108 per
1670 1071 1757 1110 quod
1785 1071 1895 1110 fertur,
1920 1083 2012 1103 causa
2035 1080 2080 1104 est
2103 1074 2177 1114 quia
2199 1074 2347 1114 impedit;
2371 1085 2436 1105 ma-

1447 1111 1530 1141 xime
1550 1112 1678 1152 quidem
1698 1115 1785 1153 quod
1809 1122 1916 1146 contra
1935 1117 2041 1155 fertur,
2058 1124 2168 1157 postea
2187 1125 2293 1148 autem
2316 1125 2346 1149 et
2367 1129 2434 1149 ma-

1447 1163 1540 1185 nens:
1558 1156 1657 1195 magis
1672 1164 1778 1187 autem
1794 1160 1881 1198 quod
1895 1170 1960 1189 non
1973 1160 2060 1191 facile
2076 1161 2237 1200 dividitur;
2254 1162 2436 1193 huiusmodi

1448 1206 1554 1229 autem
1577 1200 1715 1239 grossius
1739 1208 1793 1231 est.
1818 1203 1853 1232 Id
1875 1203 1969 1242 igitur
1991 1204 2021 1234 in
2047 1215 2112 1244 quo
2137 1212 2182 1235 est
2199 1207 2239 1244 A,
2259 1206 2436 1236 movebitur

1446 1252 1503 1282 per
1523 1243 1560 1281 B,
1584 1244 1672 1284 quod
1701 1251 1806 1275 autem
1828 1246 1862 1275 in
1884 1256 1949 1286 quo
1973 1255 2018 1278 est
2041 1247 2067 1278 C
2091 1254 2234 1288 tempus:
2258 1259 2313 1289 per
2331 1250 2437 1289 ipsum

1448 1293 1555 1316 autem
1577 1287 1605 1317 D
1631 1297 1704 1318 cum
1728 1288 1768 1319 sit
1795 1289 1959 1328 subtilius,
1983 1291 2008 1320 si
2032 1292 2167 1331 aequalis
2195 1293 2361 1332 longitudo
2391 1300 2437 1324 est

1446 1329 1545 1369 ipsius
1567 1331 1592 1361 B
1617 1341 1698 1371 quae
1722 1339 1768 1362 est
1789 1332 1887 1372 ipsius
1911 1334 1957 1372 D,
1982 1336 2155 1365 secundum
2180 1336 2356 1376 analogiam
2378 1337 2436 1367 im-

1447 1374 1600 1414 pedientis
1625 1376 1782 1415 corporis:
1807 1376 1845 1407 sit
1868 1377 1952 1407 enim
1974 1378 1999 1408 B
2031 1378 2159 1418 quidem
2182 1379 2280 1420 aqua,
2304 1380 2332 1410 D
2361 1390 2436 1411 vero

1448 1427 1508 1448 aer.
1534 1419 1662 1455 Quanto
1682 1419 1777 1459 igitur
1803 1420 1946 1451 subtilius
1970 1431 2021 1452 aer
2044 1432 2125 1463 aqua
2149 1429 2179 1453 et
2198 1423 2436 1463 incorporalius,

1447 1468 1534 1492 tanto
1555 1462 1644 1492 citius
1659 1465 1688 1493 A
1702 1473 1758 1503 per
1773 1464 1801 1494 D
1818 1465 1996 1495 movebitur
2015 1476 2111 1506 quam
2134 1476 2189 1506 per
2203 1467 2239 1497 Β.
2259 1467 2362 1497 Habet
2379 1467 2435 1507 igi-

1448 1512 1499 1535 tur
1524 1506 1656 1536 eandem
1677 1507 1832 1538 rationem
1854 1518 1917 1548 qua
1941 1509 2071 1549 quidem
2095 1510 2186 1540 distat
2210 1519 2260 1540 aer
2283 1511 2320 1540 ab
2344 1521 2436 1551 aqua,

1447 1550 1594 1580 velocitas
1610 1551 1649 1580 ad
1669 1551 1876 1582 velocitatem.
1902 1553 2007 1590 Quare
2027 1553 2052 1583 si
2068 1554 2233 1593 dupliciter
2255 1554 2366 1584 subtile
2382 1562 2437 1593 est,

1448 1593 1480 1623 in
1505 1594 1622 1634 duplici
1645 1601 1787 1635 tempore
1811 1596 1898 1636 quod
1922 1604 1968 1627 est
1989 1597 2096 1637 ipsum
2118 1598 2143 1627 B
2166 1598 2317 1637 transibit,
2341 1608 2438 1638 quarn

1447 1637 1486 1668 D.
1503 1638 1543 1668 Et
1560 1638 1616 1668 erit
1631 1638 1662 1668 in
1677 1649 1743 1679 quo
1763 1646 1808 1670 est
1824 1640 1862 1678 C,
1878 1647 2003 1680 tempus
2020 1641 2135 1681 duplex
2151 1651 2189 1671 eo
2205 1642 2238 1672 in
2254 1652 2319 1682 quo
2336 1649 2382 1673 est
2397 1643 2434 1673 E.

1447 1682 1488 1711 Et
1504 1692 1627 1722 semper
1641 1682 1705 1712 iarn
1721 1690 2014 1725 quantumcumque
2030 1685 2069 1715 sit
2089 1685 2315 1725 incorporalius
2335 1691 2365 1716 et
2380 1686 2437 1716 mi-

1448 1735 1508 1755 nus
1531 1725 1751 1765 impeditivum
1774 1734 1805 1758 et
1827 1728 1905 1758 bene
1933 1729 2115 1759 divisibilius
2139 1739 2194 1768 per
2217 1730 2304 1770 quod
2327 1729 2435 1769 fertur,

1449 1769 1538 1799 citius
1561 1770 1749 1801 movebitur.

1382 1813 1528 1843 Vacuum
1559 1821 1665 1844 autem
1688 1815 1808 1845 nullam
1836 1815 1930 1846 habet
1961 1816 2113 1846 rationem
2137 1827 2200 1857 qua
2229 1817 2392 1847 excedatur
2420 1827 2437 1846 a

1449 1857 1556 1897 pleno,
1581 1858 1661 1888 sicut
1679 1868 1781 1899 neque
1804 1859 1908 1899 ipsum
1933 1859 2010 1889 nihil
2033 1861 2071 1890 ad
2095 1870 2273 1890 numerum.
2299 1861 2330 1891 Si
2354 1860 2438 1891 enim

1449 1907 1587 1942 quatuor
1606 1902 1664 1932 tria
1685 1903 1838 1933 excedunt
1856 1913 1937 1942 uno,
1954 1903 2036 1943 pluri
2059 1911 2165 1934 autem
2189 1905 2265 1942 duo,
2289 1911 2319 1934 et
2337 1905 2438 1934 adhuc

1450 1955 1551 1975 uuum
1566 1945 1650 1985 pluri
1665 1956 1763 1986 quam
1779 1947 1862 1985 du0;
1882 1947 1988 1987 ipsum
2003 1954 2109 1978 autem
2128 1948 2205 1978 nihil
2220 1958 2285 1978 non
2303 1948 2438 1988 amplius

1449 1989 1564 2020 habent
1579 1989 1734 2020 rationem
1750 2001 1813 2031 qua
1829 1991 1987 2022 excedant.
2011 1992 2144 2022 Necesse
2167 1998 2212 2022 est
2235 1992 2319 2022 enim
2343 1992 2437 2022 dividi

1449 2034 1600 2063 excedens
1615 2034 1648 2063 in
1667 2034 1878 2065 excedentiam
1898 2042 1927 2065 et
1945 2035 1977 2065 in
1996 2035 2028 2065 id
2043 2036 2131 2076 quod
2152 2036 2316 2066 exceditur.
2335 2036 2439 2072 Quare

1450 2084 1480 2107 et
1503 2084 1641 2117 quatuor
1663 2085 1754 2108 erunt
1777 2086 1857 2119 quot
1880 2079 2032 2114 excedunt
2056 2086 2086 2110 et
2108 2080 2194 2110 nihil.
2221 2080 2312 2110 Unde
2336 2089 2438 2120 neque

1449 2121 1533 2151 linea
1551 2128 1706 2161 punctum
1730 2122 1857 2161 excedit,
1875 2123 1934 2153 nisi
1953 2130 2163 2163 componatur
2183 2133 2219 2153 ex
2234 2123 2368 2163 punctis,
2393 2123 2438 2154 Si-

1450 2164 1564 2195 militer
1590 2171 1697 2196 autem
1714 2176 1852 2196 vacuum
1875 2167 1914 2196 ad
1937 2167 2067 2207 plenum
2086 2167 2207 2197 nullam
2223 2167 2370 2207 possibile
2394 2173 2440 2197 est

1449 2209 1563 2238 habere
1586 2209 1751 2240 rationem.

1384 2304 1468 2343 Ergo
1492 2314 1595 2344 neque
1626 2311 1768 2335 motum:
1789 2303 1804 2320 *
1819 2306 1873 2335 sed
1897 2305 1921 2335 si
1945 2316 2000 2345 per
2023 2305 2262 2336 subtilissimum
2289 2305 2322 2335 in
2352 2312 2438 2336 tanto

1450 2347 1567 2387 talique
1590 2348 1698 2387 fertur,
1714 2358 1769 2388 per
1792 2359 1929 2379 vacuum
1949 2359 2080 2379 omnem
2104 2356 2251 2389 exuperat
2273 2349 2437 2380 rationem.

1385 2434 1430 2465 Sit
1454 2434 1538 2464 enim
1561 2435 1584 2465 Z
1604 2445 1752 2474 vacuum,
1769 2437 1898 2476 aequale
1922 2444 2028 2467 autem
2051 2437 2266 2476 magnitudine
2289 2436 2336 2467 his
2359 2447 2439 2478 quae

1452 2485 1526 2509 sunt
1547 2479 1573 2509 B
1597 2486 1626 2509 et
1649 2479 1687 2509 D.
1719 2482 1748 2510 A
1772 2490 1845 2520 ergo
1869 2481 1895 2510 si
1918 2481 2059 2511 transibit
2082 2487 2112 2511 et
2134 2481 2312 2511 movebitur
2339 2491 2394 2521 per
2415 2482 2439 2511 Z

1451 2523 1591 2562 quodam
1607 2523 1737 2563 quidem
1753 2523 1785 2553 in
1802 2531 1955 2564 tempore,
1980 2525 2068 2567 quod
2092 2531 2138 2555 est
2160 2525 2183 2562 Ι,
2209 2525 2262 2554 sed
2277 2524 2310 2554 in
2326 2525 2440 2555 minori

1451 2577 1548 2607 quam
1570 2566 1603 2596 in
1628 2577 1694 2607 quo
1718 2574 1764 2598 est
1786 2568 1824 2606 E,
1842 2574 1872 2598 et
1886 2568 1967 2598 hanc
1986 2568 2112 2599 habebit
2127 2569 2281 2599 rationem
2303 2578 2439 2598 vacuum

1450 2611 1490 2640 ad
1513 2611 1654 2650 plenum.
1678 2611 1739 2641 Sed
1757 2611 1790 2641 in
1814 2618 1901 2642 tanto
1925 2619 2067 2652 tempore
2090 2619 2245 2652 quantum
2261 2619 2306 2642 est
2323 2612 2355 2642 in
2373 2622 2439 2652 quo

1451 2661 1497 2685 est
1520 2655 1548 2692 1,
1571 2654 1670 2694 ipsius
1693 2655 1721 2685 D
1745 2657 1774 2686 A
1797 2656 1938 2686 transibit
1965 2656 2118 2686 subtilius.
2148 2655 2306 2686 Transibit
2333 2662 2439 2686 autem

1451 2698 1477 2728 si
1500 2698 1538 2728 sit
1561 2698 1680 2739 aliquid
1703 2699 1870 2730 subtilitate
1894 2699 2036 2730 differens
2052 2700 2090 2730 ab
2112 2710 2181 2730 aere
2196 2700 2227 2730 in
2251 2709 2315 2740 quo
2336 2706 2381 2730 est
2402 2700 2438 2738 Z,

1451 2743 1626 2772 secundum
1649 2743 1729 2773 hanc
1752 2743 1991 2783 proportionem
2015 2753 2112 2784 quarn
2134 2750 2258 2783 tempus
2290 2743 2382 2773 habet
2403 2743 2436 2773 in

1451 2796 1517 2826 quo
1538 2793 1584 2816 est
1605 2787 1643 2824 E,
1668 2787 1707 2816 ad
1730 2793 1855 2827 tempus
1878 2787 1911 2817 in
1930 2797 1995 2828 quo
2020 2794 2065 2818 est
2088 2788 2109 2817 I.
2135 2787 2166 2817 Si
2190 2787 2273 2817 enim
2295 2787 2327 2816 in
2351 2793 2437 2817 tanto

1450 2829 1595 2860 subtilius
1624 2836 1670 2860 est
1693 2840 1807 2871 corpus
1837 2831 1869 2861 in
1893 2841 1958 2871 quo
1983 2838 2029 2861 est
2051 2832 2091 2869 Z,
2117 2831 2187 2870 ipso
2210 2831 2258 2869 D,¹
2283 2836 2438 2870 quantum

1451 2880 1599 2913 exuperat
1621 2874 1648 2903 E
1671 2874 1778 2914 ipsum
1797 2875 1825 2913 Ι,
1849 2875 1989 2906 transibit
2011 2885 2027 2905 e
2052 2885 2201 2906 converso
2225 2874 2387 2904 velocitate
2405 2874 2438 2904 in

1450 2924 1538 2948 tanto
1562 2925 1718 2957 quantum
1742 2919 1772 2957 Ι,
1796 2918 1903 2958 ipsum
1925 2920 1966 2957 Z,
1995 2919 2082 2959 quod
2106 2925 2152 2948 est
2173 2919 2205 2948 in
2228 2928 2293 2958 quo
2323 2925 2368 2948 est
2390 2920 2436 2957 A,

1451 2961 1477 2991 si
1501 2961 1625 2991 feratur.
1658 2962 1690 2992 Si
1714 2962 1808 3001 igitur
1835 2962 1960 2992 nullum
1983 2962 2023 2993 sit
2046 2972 2160 3002 corpus
2183 2962 2215 2991 in
2239 2971 2303 3002 quo
2328 2968 2373 2992 est
2394 2962 2437 3000 Z,

1451 3005 1552 3035 adhuc
1567 3005 1717 3036 velocius.
1743 3006 1803 3036 Sed
1827 3012 1890 3036 erat
1905 3006 1937 3036 in
1954 3016 2019 3046 quo
2039 3013 2084 3036 est
2100 3007 2121 3037 Ι.
2144 3006 2248 3043 Quare
2267 3005 2299 3035 in
2316 3005 2437 3046 aequali

1451 3055 1594 3089 tempore
1610 3049 1751 3079 transibit
1769 3050 1856 3090 quod
1873 3057 1924 3090 est·
1940 3050 2071 3090 plenum
2095 3055 2125 3080 et
2139 3055 2290 3079 vacuum:
2308 3050 2361 3079 sed
2376 3049 2433 3079 irn-

1450 3093 1598 3132 possibile
1615 3099 1669 3123 est.
1686 3093 1703 3112 *
1719 3093 1922 3124 Manifestum
1944 3093 2037 3133 igitur
2052 3093 2139 3133 quod
2155 3092 2179 3122 si
2203 3092 2295 3123 fuerit
2309 3092 2437 3133 aliquod

1450 3143 1575 3176 tempus
1598 3136 1630 3166 in
1654 3147 1719 3177 quo
1743 3147 1798 3176 per
1819 3147 1956 3167 vacuum
1979 3137 2141 3177 quodlibet
2164 3136 2296 3174 feratur,
2321 3136 2436 3166 accidet

1449 3180 1511 3210 hoc
1541 3180 1749 3220 impossibile:
1774 3180 1807 3210 in
1830 3181 1952 3221 aequali
1977 3180 2061 3210 enim
2091 3178 2258 3218 accipietur
2289 3185 2320 3208 et
2347 3179 2435 3218 quod

1449 3223 1581 3263 plenum
1604 3224 1797 3254 est‘transire
1813 3223 1943 3264 aliquod
1966 3230 1996 3253 et
2017 3229 2170 3253 vacuum:
2195 3222 2251 3252 erit
2273 3221 2357 3251 enim
2380 3222 2434 3251 ali-

1449 3267 1538 3307 quod
1560 3267 1730 3307 analogum
1755 3277 1868 3307 corpus
1891 3267 2023 3297 alterum
2039 3266 2078 3296 ad
2097 3265 2239 3302 alterum,
2256 3271 2291 3294 ut
2309 3271 2433 3305 tempus

1449 3311 1489 3340 ad
1511 3317 1646 3350 tempus·

1382 3353 1443 3384 Sed
1472 3354 1552 3384 sicut
1580 3354 1612 3384 in
1639 3354 1782 3393 capitulo
1801 3360 1846 3383 est
1869 3353 1984 3390 dicere,
2017 3351 2121 3391 palam
2144 3350 2309 3381 accidentis
2341 3361 2433 3382 causa

1448 3403 1512 3427 est:
1536 3398 1610 3438 quia
1633 3403 1738 3427 motus
1767 3397 1895 3436 quidem
1918 3396 1957 3425 ad
1980 3402 2104 3425 motum
2137 3394 2240 3424 omnis
2269 3395 2433 3434 proportio

1448 3447 1507 3471 est:
1531 3441 1564 3470 in
1588 3447 1728 3480 ternpore
1762 3439 1845 3469 enim
1869 3446 1928 3476 est;
1953 3438 2102 3478 temporis
2131 3444 2237 3468 autem
2260 3438 2364 3469 omnis
2387 3446 2434 3470 est

1447 3484 1487 3513 ad
1510 3491 1650 3523 tempus,
1681 3483 1775 3513 finitis
1805 3483 1958 3522 utrisque:
1982 3481 2071 3512 vacui
2103 3488 2210 3512 autem
2239 3482 2279 3512 ad
2301 3483 2432 3522 plenum

1447 3537 1512 3557 non
1537 3534 1590 3557 est.

1379 3569 1396 3588 *
1406 3570 1587 3600 Secundum
1602 3569 1729 3610 quidem
1745 3569 1838 3608 igitur
1852 3569 1939 3609 quod
1954 3568 2099 3599 differunt
2111 3578 2166 3609 per
2182 3578 2263 3610 quae
2279 3569 2430 3609 feruntur,

1446 3613 1522 3644 haec
1545 3614 1741 3652 contingunt.

2462 822 2473 833 ⁴
2488 822 2541 850 Seq.
2557 828 2606 850 cap.
2621 828 2672 844 vm.

2462 847 2528 869 Text.
2539 854 2570 875 7¹.

2466 2315 2474 2325 ·
2489 2314 2555 2336 Text.
2566 2320 2600 2342 7²·

2463 3100 2474 3110 ⁴
2488 3099 2552 3121 Text.
2564 3105 2598 3127 73.

2458 3573 2469 3584 '⁶
2483 3573 2548 3595 Text.
2560 3579 2596 3600 74.
