2950 4004
246 880 257 891 ⁶
272 879 338 901 Lect.
351 885 420 901 xxm.

248 1091 259 1101 '⁴
274 1090 336 1112 Lect.
351 1097 390 1112 xx.

247 1246 336 1268 *Le.ct
352 1252 406 1277 se.q

250 1272 377 1294 ··Cfloc.
387 1272 425 1294 cit.

245 1360 257 1371 ⁴⁸
271 1359 334 1381 Lect.
348 1366 394 1382 xix.

243 1514 253 1523 ·
267 1513 338 1535 Num.
355 1519 381 1535 11.

243 1620 303 1648 *-1'1’1‘
316 1626 363 1642 om.
379 1627 400 1642 P.

245 1672 256 1683 ⁸
270 1672 342 1694 Num.
357 1678 376 1700 5.

245 1721 347 1751 *kNums
357 1731 388 1746 10.

273 2469 389 2490 sensibilis
409 2475 456 2490 om.

245 2496 382 2549 {affib-

246 2837 258 2848 ⁴¹
278 2837 341 2858 Lcct.
357 2837 459 2864 praeced.

248 2869 270 2884 n.
286 2871 300 2889 4
315 2870 363 2891 seq.

248 3156 258 3165 ¹·
274 3155 360 3181 tempus
375 3160 421 3175 om.
437 3160 458 3175 P.

494 286 568 312 202

491 354 559 381 dum
577 354 664 391 prius
685 359 712 382 et
728 354 882 391 posterius,
906 355 973 391 quia
995 355 1038 383 his
1058 355 1088 382 in
1109 361 1191 383 motu
1212 355 1342 392 cognitis,
1368 356 1551 401 cognoscitur

490 399 643 439 tempus-
660 402 701 421 10.
717 394 846 438 Tempus
861 400 902 422 est
918 403 1056 422 numerus
1070 399 1164 422 motus
1177 395 1334 422 secundum
1350 395 1438 432 prius
1452 401 1480 423 et
1496 405 1550 434 po-

490 433 611 460 sterius:
631 439 699 460 tunc
714 433 791 460 enim
805 440 918 469 tempus
933 443 994 461 esse
1016 433 1146 469 dicimus,
1163 443 1229 461 cum
1243 433 1399 479 accipimus
1417 434 1447 462 in
1468 441 1551 463 motu

491 472 550 499 duo
572 478 696 500 extrema
710 472 828 500 alicuius
846 472 942 507 medii,
958 482 1008 500 seu
1023 473 1082 500 duo
1098 482 1181 508 nunc,
1202 473 1259 501 hoc
1272 473 1351 510 prius
1365 480 1393 502 et
1406 473 1476 502 illud
1497 483 1551 511 po-

491 511 600 546 sterius,
616 511 698 548 quasi
718 513 898 540 numerando
920 518 1041 540 motum.
1064 494 1189 541 Solvitur
1209 511 1344 542 obiectio.
1359 529 1380 535 -
1397 522 1441 541 11.
1457 513 1550 542 Mani-

699 767 737 798 ,nl
753 777 816 806 nat
842 769 1040 806 veritatem
1073 769 1120 807 de
1149 777 1344 819 tempore;
1380 771 1549 808 secundo

489 828 621 858 movet
636 798 821 870 quasdam
837 822 1088 859 dubitationes
1104 822 1201 860 circa
1214 822 1413 860 veritatem
1429 822 1548 879 deter-

489 873 683 920 minatam,
705 882 740 911 et
768 874 879 912 solvit
907 887 982 922 eas,
1003 875 1070 912 ibi:
1099 875 1271 925 Dignum
1295 876 1459 913 autem”
1480 883 1548 913 etc.

490 926 598 964 Circa
631 927 798 976 primum
833 927 909 964 duo
944 927 1050 965 facit:
1086 927 1212 976 primo
1251 928 1475 965 determinat
1502 929 1549 966 de

487 986 661 1028 tempore
690 980 902 1017 secundum
931 993 987 1026 se;
1017 980 1187 1017 secundo
1210 993 1279 1029 per
1299 981 1549 1030 comparatio-

488 1044 577 1069 nem
598 1033 647 1070 ad
666 1045 711 1069 ea
735 1045 832 1081 quae
855 1040 1028 1082 ternpore
1053 1041 1330 1081 mensurantur,
1350 1033 1418 1071 ibi:
1452 1034 1548 1076 Quo—

488 1085 591 1121 niam
620 1091 744 1122 autem
777 1091 831 1122 est
856 1091 999 1134 tempus
1021 1087 1040 1107 '5‘
1061 1093 1128 1124 etc.
1156 1086 1266 1123 Circa
1284 1086 1452 1136 primurn
1481 1086 1550 1124 tria

487 1138 593 1174 facit:
623 1137 747 1186 primo
777 1137 989 1175 manifestat
1007 1139 1099 1188 quid
1117 1138 1163 1176 sit
1180 1146 1351 1188 tempus;
1381 1140 1549 1176 secundo

488 1190 579 1239 quid
607 1191 653 1227 sit
681 1202 781 1227 nunc
808 1191 1001 1240 temporis,
1030 1191 1103 1228 ibi:
1131 1193 1183 1228 Et
1203 1192 1298 1228 sicut
1315 1198 1436 1229 motus
1453 1204 1550 1228 sem-

481 1255 554 1291 per
567 1243 587 1264 *
608 1251 691 1289 etc.;
721 1243 828 1280 tertio
849 1256 895 1281 ex
915 1244 1133 1281 definitione
1153 1252 1280 1282 motus
1297 1245 1337 1266 **
1351 1245 1548 1293 assignata,

487 1296 650 1344 assignat
677 1296 839 1333 rationes
875 1308 1010 1334 eorum
1043 1309 1141 1346 quae
1176 1297 1349 1334 dicuntur
1381 1297 1428 1334 de
1456 1305 1550 1334 tem-

486 1361 592 1397 pore,
613 1349 685 1385 ibi:
720 1349 830 1391 Quod
846 1351 994 1398 quidem
1016 1350 1132 1399 igitur
1151 1355 1292 1399 tempus
1308 1352 1326 1369 ⁴‘
1349 1357 1417 1387 etc.
1440 1349 1549 1386 Circa

485 1401 653 1450 primum
675 1401 750 1439 duo
771 1402 873 1439 facit:
894 1402 1019 1452 primo
1047 1403 1155 1452 ponit
1175 1402 1435 1440 definitionem
1455 1409 1549 1439 tem-

485 1454 606 1503 poris;
637 1454 804 1492 secundo
834 1455 1046 1492 manifestat
1078 1467 1180 1501 eam,
1209 1455 1281 1492 ibi:
1306 1455 1466 1504 Signum
1499 1461 1551 1491 est

486 1513 610 1544 autem
631 1509 650 1527 θ’
680 1515 748 1544 etc.
778 1507 918 1544 Prima.
932 1521 1020 1557 pars
1050 1507 1227 1545 dividitur
1250 1508 1287 1544 in
1306 1515 1392 1554 treS,
1418 1519 1549 1544 secun—

487 1561 579 1597 dum
607 1567 681 1597 tres
709 1560 908 1609 particulas
938 1559 1166 1597 definitionis
1194 1566 1211 1581 α
1246 1559 1427 1609 temporis
1455 1572 1550 1609 quas

486 1613 700 1660 investigat,
722 1613 888 1650 secunda
921 1626 1009 1662 pars
1042 1612 1170 1662 incipit
1201 1612 1252 1649 ibi
1279 1613 1319 1649 *ε
1363 1613 1548 1655 Quoniam

486 1671 610 1702 autem
630 1666 731 1714 quod
752 1672 923 1703 movetur
941 1667 960 1687 *
980 1673 1067 1713 etc.;
1092 1665 1199 1703 tertia
1222 1665 1293 1703 ibi:
1313 1665 1549 1703 Determina-

486 1731 568 1755 mus
596 1724 720 1755 autem
751 1720 770 1739 ‘³
800 1726 868 1755 etc.

541 1783 575 1808 2.
597 1771 726 1807 Primo
748 1783 836 1819 ergo
856 1771 1054 1820 investigat
1072 1772 1170 1808 hanc
1188 1770 1423 1819 particulam,
1445 1771 1550 1820 quod

485 1831 635 1872 tempus
665 1831 720 1860 est
747 1824 890 1873 aliquid
915 1830 1047 1861 motus.
1077 1824 1187 1861 Unde
1217 1823 1304 1861 dicit
1332 1823 1435 1873 quod
1461 1823 1550 1872 quia

485 1876 710 1926 inquirimus
735 1877 825 1926 quid
844 1876 891 1914 sit
908 1884 1072 1925 tempus,
1092 1876 1180 1913 hinc
1203 1875 1461 1925 incipiendum
1483 1884 1547 1923 est,

485 1937 527 1966 ut
554 1930 783 1978 accipiamus
813 1930 903 1978 quid
931 1937 1058 1966 motus
1094 1929 1139 1966 sit
1166 1936 1328 1977 tempus.
1367 1929 1416 1966 Et
1444 1930 1548 1978 quod

485 1990 636 2031 tempus
665 1982 710 2019 sit
738 1982 876 2032 aliquid
912 1990 1058 2030 motus,
1095 1995 1164 2031 per
1196 1983 1271 2019 hoc
1305 1981 1548 2019 manifestum

486 2043 541 2072 est
549 2033 578 2082 β,
595 2035 700 2084 quod
720 2035 831 2072 simul
851 2034 1034 2072 sentimus
1049 2043 1198 2072 motum
1214 2042 1250 2071 et
1267 2042 1430 2083 tempus.
1449 2035 1549 2072 Con-

485 2088 589 2136 tingit
618 2088 719 2125 enim
749 2089 979 2138 quandoque
1007 2088 1113 2137 quod
1139 2087 1371 2137 percipimus
1398 2087 1547 2125 fluxum

484 2141 684 2190 temporis,
719 2141 895 2190 quamvis
925 2141 1069 2178 nullum
1101 2148 1251 2177 motum
1283 2140 1547 2189 particularem

485 2194 701 2231 sensibilem
721 2194 947 2240 sentiamus;
972 2201 1102 2243 utpote
1123 2193 1152 2230 si
1172 2193 1290 2230 simus
1315 2193 1353 2230 in
1372 2193 1547 2239 tenebris,

486 2255 522 2283 et
540 2247 592 2283 sic
609 2247 696 2284 visu
715 2260 793 2284 non
822 2247 1005 2284 sentimus
1033 2254 1182 2283 motum
1205 2245 1359 2282 alicuius
1380 2245 1548 2294 corporis

486 2299 689 2337 exterioris.
715 2301 764 2336 Et
791 2300 821 2336 si
849 2312 920 2336 nos
948 2312 1026 2338 non
1053 2299 1242 2349 patiamur
1270 2299 1436 2347 aliquam
1461 2299 1548 2335 alte-

485 2353 672 2389 rationem
696 2352 733 2389 in
755 2353 977 2401 corporibus
1001 2352 1137 2403 nostris
1158 2352 1204 2388 ab
1226 2351 1352 2400 aliquo
1374 2351 1547 2388 exteriori

486 2413 630 2454 agente,
652 2407 797 2442 nullum
818 2413 966 2442 motum
987 2405 1156 2454 corporis
1176 2404 1361 2441 sensibilis
1380 2405 1400 2425 '¹‘
1415 2404 1548 2441 sentie-

485 2471 587 2495 mus:
605 2466 640 2495 et
658 2466 787 2496 tamen
806 2459 836 2495 si
855 2459 922 2495 fiat
936 2459 955 2479 ’³‘
977 2458 1109 2506 aliquis
1130 2465 1256 2494 motus
1275 2457 1314 2494 in
1334 2457 1462 2494 anima
1480 2470 1547 2494 no-

485 2520 570 2558 stra,
599 2519 690 2560 puta
718 2511 929 2548 secundum
964 2511 1245 2548 successionem
1279 2510 1548 2558 cogitationum

486 2573 522 2601 et
549 2565 873 2612 imaginationum,
895 2564 1017 2601 subito
1037 2564 1188 2601 videtur
1215 2563 1327 2600 nobis
1351 2563 1455 2611 quod
1483 2563 1550 2599 fiat

486 2617 637 2666 aliquod
656 2626 818 2676 tempus.
845 2618 894 2653 Et
912 2617 965 2654 sic
991 2616 1236 2666 percipiendo
1267 2627 1548 2664 quemeumque

486 2678 652 2716 motum,
682 2670 913 2729 percipimus
942 2677 1112 2717 tempus:
1144 2676 1179 2705 et
1207 2668 1374 2705 similiter
1408 2680 1428 2704 e
1459 2680 1549 2704 con·

486 2736 611 2770 verso,
633 2736 720 2760 curn
739 2723 969 2772 percipimus
997 2730 1161 2770 tempus,
1181 2721 1292 2758 simul
1319 2720 1550 2769 percipimus

487 2784 648 2813 motum.
670 2776 781 2814 Unde
802 2787 890 2812 curn
910 2787 988 2812 non
1017 2774 1062 2811 sit
1084 2774 1166 2823 ipse
1194 2780 1333 2821 motus,
1353 2781 1395 2809 ut
1412 2773 1550 2822 proba-

488 2836 569 2866 tum
595 2836 649 2865 est
666 2830 696 2875 ³³³,
720 2828 938 2876 relinquitur
966 2827 1070 2875 quod
1099 2826 1144 2863 sit
1171 2826 1311 2874 aliquid
1339 2833 1477 2863 motus.

544 2883 577 2918 3.
600 2882 726 2918 Habet
749 2888 876 2918 autem
906 2879 1180 2916 dubitationem
1200 2878 1305 2927 quod
1333 2878 1394 2915 hic
1417 2878 1551 2915 dicitur

488 2935 534 2972 de
554 2934 796 2983 perceptione
811 2932 992 2982 temporis
1009 2939 1045 2968 et
1064 2939 1201 2969 motus.
1221 2931 1259 2968 Si
1280 2931 1380 2968 enim
1399 2939 1549 2979 tempus

488 2994 740 3036 consequatur
760 2986 924 3034 aliquem
945 2993 1094 3022 motum
1115 2983 1331 3021 sensibilem
1351 2991 1453 3020 extra
1473 2983 1549 3020 ani-

488 3052 592 3076 mam
623 3039 864 3085 existentem,
890 3038 1058 3086 sequitur
1085 3037 1191 3085 quod
1228 3037 1292 3085 qui
1326 3049 1404 3073 non
1442 3036 1551 3072 sentit

487 3093 592 3129 illum
622 3100 782 3138 motum,
805 3104 882 3128 non
912 3090 1045 3127 sentiat
1073 3097 1240 3138 tempu53
1271 3089 1376 3126 cuius
1405 3096 1549 3125 contra-

487 3146 586 3182 rium
610 3145 671 3182 hic
691 3145 833 3182 dicitur.
861 3143 900 3181 Si
929 3151 1056 3180 autem
1083 3150 1235 3191 tempus
1253 3143 1272 3163 '¹‘
1298 3148 1550 3190 consequatur

488 3206 636 3235 motum
665 3198 838 3244 animae,
865 3204 1043 3245 sequetur
1071 3195 1175 3243 quod
1205 3207 1263 3232 res
1289 3207 1367 3231 non
1396 3204 1550 3243 compa-

488 3259 615 3289 rentur
649 3251 697 3288 ad
734 3258 886 3299 tempus
919 3249 988 3286 nisi
1025 3248 1215 3285 mediante
1253 3247 1395 3293 anima;
1427 3254 1462 3283 et
1498 3247 1549 3283 sic

542 3401 568 3431 α)
588 3401 613 3424 in
629 3403 690 3428 tres,
706 3399 847 3424 secundum
863 3402 916 3424 tres
932 3398 1080 3430 particulas
1099 3397 1267 3430 definitionis.
1280 3410 1299 3416 —-
1313 3395 1339 3421 in
1359 3398 1412 3421 tres
1427 3395 1548 3428 particu-

489 3435 528 3459 las
547 3435 688 3459 secundum
704 3438 757 3459 tres
767 3438 862 3466 partes
874 3433 1034 3467 definitionis
1049 3433 1133 3461 puali,
1147 3432 1193 3457 sed
1208 3431 1357 3457 huiusmodi
1370 3431 1481 3456 formula
1495 3439 1546 3455 non

489 3474 528 3493 est
547 3474 667 3494 consueta
686 3477 708 3494 s.
722 3469 847 3494 Thomae.

543 3503 568 3536 β)
592 3505 665 3529 Unde
685 3504 774 3529 dicit...
794 3504 961 3537 manifestum
981 3507 1028 3529 est.
1041 3517 1060 3523 ›-
1073 3504 1109 3528 ltn
1122 3503 1206 3528 PBMb
1221 3506 1245 3527 et
1259 3501 1417 3527 EFGHNRa
1436 3509 1495 3526 cum
1513 3501 1547 3526 le-

489 3539 564 3563 vibus
584 3539 752 3567 variantibus;
777 3539 850 3564 Unde
876 3539 940 3564 dicit
958 3539 1029 3571 quod
1047 3538 1109 3571 quia
1133 3537 1293 3571 inquirimus
1311 3536 1376 3569 quid
1393 3537 1428 3562 sit
1447 3539 1549 3568 tempus

490 3574 553 3603 (om.
568 3573 654 3598 hinc...
673 3573 707 3597 sit
726 3574 841 3607 tempus)
869 3577 893 3598 et
917 3574 987 3606 quod
1012 3577 1113 3606 tempus
1131 3573 1167 3598 sit
1190 3572 1292 3605 aliquid
1316 3574 1413 3602 motus,
1430 3578 1483 3603 per
1501 3572 1548 3597 hoc

490 3609 561 3641 quod
581 3608 694 3640 (quidem
714 3608 787 3642 DLS)
809 3609 974 3640 manifestum
1001 3612 1040 3634 est
1059 3614 1119 3640 cet.;
1140 3616 1187 3641 pro
1206 3608 1273 3637 hinc,
1295 3607 1364 3640 quod
1383 3614 1436 3631 om.
1457 3607 1487 3638 R,
1506 3606 1548 3632 hic

1117 277 1462 315 PHYSICORUM
1488 278 1837 315 ARISTOTELIS
1867 279 1961 316 LIB.
1992 279 2043 316 IV

1605 356 1722 384 festatur
1735 356 1873 384 definitio.
1897 358 1925 392 a)
1940 357 2069 393 Tempus
2083 362 2125 384 est
2138 366 2276 386 numerus
2297 363 2403 394 motus,
2419 357 2488 395 quia
2502 367 2537 387 eo
2552 364 2665 387 motum

1605 395 1766 424 iudicamus
1787 395 1899 432 plurem
1921 402 1948 423 et
1969 395 2121 433 minorem.
2144 413 2163 418 -
2184 397 2211 432 b)
2233 397 2362 433 Tempus
2382 406 2444 425 non
2464 403 2507 426 est
2527 406 2665 426 numerus

1605 444 1660 472 quo
1682 441 1876 469 numeramus,
1897 434 2027 472 alioquin
2047 444 2186 463 numerus
2209 435 2359 464 cuiuslibet
2379 436 2420 464 rei
2441 443 2515 465 esset
2534 443 2665 474 tempus3

1606 475 1656 502 sed
1678 480 1720 502 est
1741 483 1878 502 numerus
1900 480 2076 509 numeratus,
2098 483 2149 502 seu
2170 474 2232 511 ipsa
2252 475 2331 511 prius
2353 482 2380 504 et
2399 475 2541 512 posterius
2562 485 2667 505 nume-

1605 519 1682 549 rata3
1704 513 1801 550 sieque
1823 519 1865 542 est
1885 514 2028 551 quantitas
2050 513 2195 550 continua,
2214 523 2276 542 non
2296 514 2426 543 discreta.

1603 621 1755 662 tempus
1784 613 1852 650 erit
1870 626 1948 651 non
1968 627 2027 651 res
2046 621 2213 662 naturae,
2235 614 2304 651 sed
2322 614 2476 652 intentio
2497 614 2664 664 animae,

1534 687 1548 694 -
1603 666 1652 703 ad
1680 666 1842 704 modum
1877 666 2091 704 intentionis
2118 666 2266 714 generis
2295 674 2331 703 et
2354 667 2503 716 speciei.
2534 667 2574 705 Si
2602 680 2666 704 au-

1603 726 1680 755 tem
1710 726 1963 767 consequatur
1983 720 2002 741 ³⁴
2025 719 2284 756 universaliter
2317 731 2474 757 omnem
2503 727 2664 768 motum,

1604 778 1781 819 sequetur
1800 771 1904 820 quod
1930 780 2023 821 quot
2046 779 2132 809 sunt
2150 779 2288 819 motus,
2309 779 2365 809 tot
2383 772 2455 809 sint
2474 779 2663 822 tempora:

1605 823 1709 872 quod
1733 831 1788 861 est
1815 823 2059 872 impossibile,
2079 824 2167 873 quia
2188 824 2265 862 duo
2285 833 2459 874 tempora
2483 837 2562 862 non
2581 832 2668 862 sunt

1605 875 1728 924 simul,
1756 884 1799 914 ut
1826 887 1938 925 supra
1958 877 1978 898 *
1999 877 2170 914 habitum
2196 884 2260 914 est.

1655 940 1693 976 4.
1727 928 1788 966 Ad
1820 929 1931 966 huius
1966 929 2076 978 igitur
2109 929 2338 967 evidentiam
2366 919 2564 979 sciendum
2592 937 2664 978 est,

1604 981 1710 1030 quod
1730 989 1786 1018 est
1803 994 1902 1019 unus
1919 981 2065 1031 primus
2085 989 2227 1029 motus,
2249 981 2314 1030 qui
2334 989 2389 1019 est
2408 994 2521 1019 causa
2541 982 2665 1019 omnis

1605 1033 1753 1070 alterius
1781 1042 1919 1072 motus.
1949 1034 2059 1072 Unde
2093 1046 2358 1084 quaecumque
2393 1041 2478 1071 sunt
2510 1034 2548 1072 in
2583 1046 2666 1072 esse

1604 1086 1878 1124 transmutabili
1906 1088 1936 1135 *,
1957 1087 2100 1124 habent
2126 1087 2201 1123 hoc
2229 1099 2275 1123 ex
2302 1086 2365 1123 illo
2385 1086 2510 1135 primo
2538 1094 2664 1134 motu,
2692 1098 2703 1109 ·

1605 1138 1670 1188 qui
1697 1147 1753 1176 est
1780 1147 1907 1176 motus
1933 1139 2047 1188 primi
2074 1138 2236 1176 mobilis.
2267 1138 2510 1187 Quicumque
2537 1146 2666 1176 autem

1603 1191 1762 1240 percipit
1789 1204 2072 1250 quemcumque
2101 1198 2262 1238 motum,
2291 1190 2372 1228 sive
2392 1190 2431 1228 in
2449 1191 2563 1228 rebus
2582 1203 2666 1228 sen-

1605 1243 1772 1280 sibilibus
1801 1243 2038 1290 existentem,
2069 1243 2148 1280 sive
2177 1243 2215 1280 in
2234 1242 2372 1290 anima,
2395 1243 2554 1293 percipit
2581 1249 2665 1281 esse

1604 1296 1899 1343 transmutabile,
1927 1302 1962 1332 et
1979 1307 2048 1355 per
2067 1306 2304 1345 consequens
2323 1295 2480 1345 percipit
2497 1295 2665 1346 primum

1603 1356 1752 1386 motum
1782 1361 1899 1398 quern
1922 1348 2091 1397 sequitur
2109 1355 2271 1397 tempus.
2300 1348 2411 1386 Unde
2435 1348 2666 1398 quicumque

1604 1401 1762 1450 percipit
1789 1413 2074 1450 quemcumque
2101 1408 2271 1448 motum,
2299 1400 2464 1460 percipit
2494 1409 2666 1461 tempus·

1604 1453 1690 1490 licet
1708 1461 1859 1502 tempus
1887 1466 1965 1491 non
1994 1461 2247 1502 consequatur
2270 1452 2341 1490 nisi
2359 1465 2480 1491 unum
2499 1453 2666 1503 primum

1605 1514 1775 1554 motum,
1809 1519 1831 1543 a
1860 1518 1937 1566 quo
1967 1518 2101 1544 omnes
2130 1505 2190 1543 alii
2219 1513 2419 1543 causantur
2450 1513 2488 1543 et
2515 1518 2667 1552 mensu-

1605 1567 1752 1596 rantur:
1783 1567 1819 1596 et
1846 1558 1898 1596 sic
1927 1566 2098 1596 remanet
2124 1566 2270 1597 tantum
2298 1571 2419 1596 unum
2447 1566 2611 1608 tempus.

1662 1613 1694 1650 5.
1724 1611 1873 1649 Deinde
1911 1623 1999 1649 cum
2034 1611 2141 1649 dicit:
2184 1611 2369 1654 Quoniam
2406 1617 2530 1649 autem
2567 1612 2669 1661 quod

1605 1670 1776 1702 movetur
1795 1672 1877 1711 etc.,
1906 1663 2104 1712 investigat
2123 1664 2332 1702 secundam
2355 1664 2579 1713 particulam
2596 1676 2666 1714 po-

1605 1717 1714 1754 sitam
1751 1717 1790 1754 in
1827 1716 2046 1754 definitione
2083 1717 2276 1766 temporis.
2321 1717 2525 1766 Supposito
2564 1716 2666 1754 enim

1605 1770 1711 1818 quod
1730 1777 1881 1818 tempus
1897 1769 1943 1806 sit
1957 1769 2097 1819 aliquid
2115 1778 2254 1816 motus,
2273 1781 2508 1818 consequens
2527 1768 2668 1806 scilicet

1604 1822 1742 1871 ipsum,
1772 1829 1884 1859 restat
1903 1822 2206 1870 investigandum
2228 1822 2440 1859 secundum
2460 1821 2552 1872 quid
2570 1830 2665 1860 tem-

1602 1888 1675 1924 pus
1696 1882 1948 1923 consequatur
1965 1883 2128 1923 motum,
2158 1875 2246 1924 quia
2273 1875 2476 1912 secundum
2494 1875 2606 1924 prius
2633 1879 2670 1911 et

1597 1929 1794 1976 posterius.
1825 1927 1934 1965 Circa
1961 1928 2036 1964 hoc
2055 1940 2144 1975 ergo
2165 1927 2235 1964 tria
2254 1927 2360 1964 facit:
2388 1927 2514 1976 primo
2541 1934 2665 1965 osten-

1605 1981 1657 2018 dit
1684 1980 1882 2029 quomodo
1910 1980 1950 2017 in
1977 1988 2086 2017 motu
2112 1979 2326 2018 inveniatur
2351 1980 2456 2028 prius
2485 1987 2521 2016 et
2531 1987 2665 2040 ‘poste-

1603 2033 1703 2080 rius;
1747 2033 1915 2070 secundo
1953 2033 2151 2082 quomodo
2187 2033 2291 2082 prius
2329 2040 2366 2069 et
2400 2032 2587 2081 posterius
2625 2045 2666 2070 se

1603 2087 1768 2128 habeant
1786 2087 1806 2107 *
1827 2087 1875 2123 ad
1903 2093 2064 2134 motum,
2085 2085 2156 2123 ibi:
2185 2087 2254 2122 Est
2274 2090 2398 2123 autem
2412 2085 2522 2134 prius
2549 2090 2586 2122 et
2593 2096 2666 2135 po·

1602 2139 1734 2176 sterius
1755 2139 1775 2160 ²⁸
1794 2146 1876 2185 etc.;
1897 2138 2005 2175 tertio
2035 2138 2139 2187 quod
2157 2145 2310 2187 tempus
2329 2138 2496 2186 sequitur
2515 2143 2665 2177 motum

1603 2191 1814 2229 secundum
1842 2190 1946 2240 prius
1966 2199 2003 2228 et
2020 2191 2220 2240 posterius,
2248 2190 2321 2228 ibi:
2349 2191 2401 2227 At
2417 2202 2507 2228 vero
2526 2196 2561 2227 et
2577 2196 2666 2235 tem-

1597 2257 1671 2293 pus
1691 2246 1710 2266 ²³²
1727 2252 1796 2281 etc.
1819 2243 1928 2280 Circa
1946 2244 2115 2293 primum
2137 2244 2214 2281 duo
2233 2243 2339 2280 facit:
2358 2242 2484 2292 primo
2504 2232 2668 2281 ostendit

1603 2298 1708 2346 quod
1729 2296 1952 2344 continuitas
1982 2304 2037 2334 est
2065 2297 2103 2333 in
2130 2303 2303 2345 tempore
2333 2307 2377 2332 ex
2400 2303 2509 2333 motu
2530 2303 2567 2333 et
2584 2306 2665 2334 ma·

1603 2350 1796 2398 gnitudine
1810 2355 1841 2396 ⁷3
1858 2350 2026 2386 secundo
2042 2349 2147 2398 quod
2162 2349 2275 2386 etiam
2294 2349 2398 2398 prius
2413 2355 2450 2385 et
2466 2348 2665 2398 posterius,

1603 2403 1674 2440 ibi:
1703 2403 1814 2440 Prius
1840 2407 1964 2439 autem
1993 2408 2030 2438 et
2047 2402 2234 2450 posterius
2263 2401 2284 2423 ⁴⁸
2305 2408 2378 2438 etc.

1657 2456 1692 2492 6.
1723 2454 1822 2492 Dicit
1850 2466 1938 2502 ergo
1967 2454 2092 2503 primo
2121 2453 2226 2503 quod
2255 2465 2370 2491 omne
2398 2452 2504 2502 quod
2530 2465 2665 2491 move—

1603 2516 1681 2556 tur,
1711 2515 1888 2544 movetur
1907 2519 1952 2544 ex
1981 2507 2150 2556 quodam
2178 2507 2217 2544 in
2243 2506 2436 2555 quiddam.
2467 2506 2545 2543 Sed
2570 2505 2667 2544 inter

1604 2561 1696 2597 alios
1724 2567 1863 2608 motus,
1891 2560 2038 2609 primus
2067 2567 2122 2597 est
2150 2567 2276 2596 motus
2303 2558 2444 2607 localis,
2473 2558 2538 2607 qui
2567 2566 2623 2596 est
2641 2571 2664 2596 a

1603 2615 1688 2650 loco
1709 2613 1893 2650 inlocum
1918 2613 2129 2650 secundum
2158 2612 2323 2661 aliquam
2352 2610 2663 2660 magnitudinem.

1603 2665 1776 2702 Primum
1805 2673 1932 2702 autem
1961 2672 2110 2702 motum
2149 2664 2390 2714 consequitur
2422 2671 2595 2713 tempus;
2629 2670 2666 2701 et

1604 2719 1690 2756 ideo
1719 2718 1768 2755 ad
1795 2718 2100 2766 investigandum
2126 2718 2172 2755 de
2191 2726 2364 2767 tempore
2393 2724 2543 2766 oportet
2569 2716 2669 2762 acci-1

1603 2783 1694 2820 pere
1717 2779 1867 2815 motum
1896 2772 2107 2808 secundum
2135 2772 2275 2808 locum.
2306 2770 2406 2817 Quia
2427 2780 2516 2818 ergo
2537 2776 2664 2808 motus

1605 2825 1815 2862 secundum
1844 2825 1992 2870 locum,

1606 2890 1650 2914 ex
1679 2877 1847 2925 quodam
1867 2876 1905 2913 in
1933 2876 2114 2926 quiddam
2144 2884 2180 2913 et
2207 2875 2332 2913 omnis
2359 2874 2580 2923 magnitudo
2609 2874 2665 2912 es't

1606 2929 1801 2975 continua;
1837 2937 1986 2978 oportet
2013 2929 2118 2978 quod
2146 2936 2272 2966 motus
2304 2935 2556 2976 consequatur
2582 2938 2663 2965 ma-

1605 2983 1838 3030 gnitudinem
1872 2982 1911 3019 in
1940 2981 2200 3029 continuitate,
2230 2988 2286 3028 ut,
2316 2980 2403 3030 quia
2439 2979 2661 3029 magnitudo

1606 3035 1783 3071 continua
1813 3042 1886 3082 est,
1923 3042 1958 3071 et
1991 3042 2117 3071 motus
2147 3034 2346 3071 continuus
2379 3033 2425 3070 sit
2453 3034 2484 3070 ⁸².
2514 3033 2564 3070 Et
2594 3044 2664 3082 per

1606 3100 1841 3136 consequens
1880 3087 1992 3124 etiam
2026 3095 2176 3136 tempus
2214 3086 2435 3124 continuum
2471 3093 2544 3123 est:
2575 3086 2664 3135 quia

1605 3148 1766 3189 quantus
1796 3147 1851 3177 est
1878 3147 2005 3176 motus
2032 3139 2197 3188 primus,
2226 3147 2372 3176 tantum
2399 3138 2549 3176 videtur
2580 3138 2664 3176 fieri

1604 3202 1766 3242 tempus.
1797 3193 1888 3230 Non
1916 3199 2043 3229 autem
2076 3199 2226 3241 tempus
2259 3199 2498 3229 mensuratur
2529 3202 2662 3229 secun—

1605 3246 1696 3283 dum
1730 3245 1974 3294 quantitatem
2004 3245 2275 3294 cuiuscumque
2303 3251 2445 3294 motus,
2476 3244 2564 3294 quia
2590 3252 2662 3281 tar-

1601 3395 1663 3425 ΗΝ;
1683 3398 1712 3420 ut
1730 3396 1892 3428 accipiamus
1910 3402 1964 3420 om.
1981 3394 2063 3428 pGH;
2083 3401 2134 3426 per
2152 3394 2201 3420 hoc
2219 3394 2290 3427 quod
2308 3394 2385 3419 habet
2408 3395 2484 3419 etiam
2503 3394 2537 3424 E,
2556 3397 2583 3419 et
2595 3399 2663 3426 pm-

1597 3434 1660 3463 pter
1678 3431 1726 3455 hoc
1745 3431 1785 3456 ed.
1799 3438 1831 3460 a,·
1849 3430 1920 3463 quod
1944 3430 2043 3455 videtur
2061 3430 2191 3462 corruptio
2209 3437 2257 3462 pro
2275 3429 2394 3462 quidem,
2418 3429 2490 3462 quod
2513 3433 2603 3462 posset
2620 3434 2661 3454 ιε·

1602 3474 1630 3491 ce
1650 3467 1704 3491 tari.

1632 3474 1680 3535 Ργ)
1702 3504 1740 3526 est
1759 3509 1785 3526 m
1805 3504 1921 3526 temore
1939 3508 1976 3526 ex
1999 3503 2070 3526 motu
2094 3503 2120 3526 et
2146 3499 2370 3533 magnitudine.-
2352 3498 2551 3530 -5PEGHQab
2569 3501 2609 3523 ese
2633 3497 2660 3522 in

1602 3540 1673 3562 motu
1693 3543 1730 3561 ex
1748 3508 1890 3569 magninlwd
1872 3536 1932 3561 dine
1951 3541 2030 3561 cet.-
2043 3535 2135 3565 Quoad
2149 3535 2214 3560 hanc
2233 3535 2309 3560 codd.
2324 3533 2460 3560 lectionem
2477 3533 2511 3559 cf.
2525 3533 2602 3566 paulo
2616 3539 2660 3557 su-

1602 3579 1646 3613 pra
1656 3571 1747 3604 primo
1766 3571 1881 3596 ostendit
1894 3569 2025 3603 quomodo
2038 3575 2085 3595 etc.
2100 3570 2188 3595 Lectio
2202 3575 2288 3595 autem
2303 3568 2324 3594 Ρ
2336 3569 2472 3594 convenire
2486 3567 2587 3593 videtur
2600 3574 2660 3592 cum

1603 3607 1632 3631 iis
1653 3614 1718 3639 quae
1739 3613 1811 3631 num.
1831 3613 1886 3638 seq.
1900 3606 2024 3630 dicuntur.

2691 2099 2703 2111 Ῥ
2717 2099 2805 2122 namt
2816 2099 2868 2122 m.
2913 2084 2917 2085 ⁷

2033 2831 2088 2860 est
2121 2823 2331 2860 secundum
2365 2821 2673 2873 magnitudinem¹

2689 3039 2892 3070 *estmetaj.

2693 731 2704 742 ⁸
2712 732 2824 759 sequatur
2835 729 2915 754 codd-i*

2692 2152 2705 2164 ⁸
2717 2152 2789 2175 Num.
2804 2151 2826 2174 8.

2693 2253 2704 2267 '⁸
2716 2252 2788 2276 Num.
2802 2259 2824 2282 9.
