2898 3996
1188 287 1298 324 CAP.
1328 288 1360 334 1,
1390 286 1541 323 LECT.
1572 287 1620 322 111

0 481 8 611 .,‚-1=-=vv

0 670 7 688 ι*

0 690 10 745 Ξ
13 695 14 698 ,

0 756 6 775 ε·

0 788 6 813 k

0 827 5 851 :

322 852 393 886 ἀλλ’
415 849 479 896 οὐχ
503 850 562 882 ὀτὲ
586 850 645 901 μὲν
671 847 724 890 ἦν,
753 849 812 880 ὀτὲ
835 842 864 879 δ’
886 847 937 879 οὔ·
962 850 1020 880 καὶ
1038 849 1102 894 γάρ
1121 848 1207 880 ἔοικε
1230 848 1270 880 τὸ
1289 848 1377 881 οὕτω

386 894 496 940 λέγειν
522 896 704 937 πλασματι
729 893 870 936 μᾶλλον.

316 941 453 984 Ὁμοίως
479 933 516 969 δέ
538 939 596 968 καὶ
622 936 663 968 ero*
683 935 793 982 λέγειν
814 934 867 967 ὅτι
887 935 1030 979 πέφυκεν
1049 935 1151 977 οὕτω,
1169 938 1227 968 καὶ
1244 936 1378 972 ταύτην

385 978 438 1013 δεῖ
460 981 602 1024 νομίζειν
632 977 717 1012 εἶναι
751 979 879 1024 ἀρχήν,
909 978 987 1024 ὅπερ
1023 980 1125 1012 ἔοικεν
1145 976 1379 1024 Ἐμπεδοκλῆς

388 1023 426 1057 οἲν
453 1025 577 1065 εἰπεῖν,
611 1025 652 1062 ὠς
683 1024 723 1056 τὸ
751 1027 888 1068 κρατεῖν
921 1026 978 1055 καὶ
1010 1028 1109 1055 κινεῖν
1137 1025 1169 1055 ἐν
1194 1024 1283 1068 μέρει
1315 1024 1378 1060 τήν

386 1071 496 1113 φιλίαν
527 1070 586 1100 καὶ
622 1068 663 1101 τό
693 1072 796 1105 νεῖκος
833 1067 978 1112 ὑπάρχει
1015 1072 1085 1105 τοῖς
1116 1067 1309 1113 πράγμασιν
1344 1066 1378 1107 ἐξ

389 1113 558 1159 ἀνάγκης,
585 1112 718 1157 ἠρεμεῖν
743 1108 780 1144 δὲ
804 1113 864 1144 τὸν
890 1111 1022 1156 μεταξύ
1049 1111 1179 1156 χρόνον.
1218 1110 1318 1155 Τοίχα
1342 1106 1380 1142 δέ

385 1159 444 1190 καὶ
471 1159 498 1189 οἱ
523 1159 602 1201 μίαν
631 1156 736 1202 ἀρχὴν
766 1157 962 1197 ποιοῦντες,
996 1155 1105 1200 ὥσπερ
1132 1154 1377 1201 Ἀναξαγόρας,

387 1201 494 1238 οὕτως
523 1200 561 1233 ἂν
586 1203 723 1233 εἴποιεν.

313 1246 422 1279 Ἀλλοὶ
445 1244 510 1289 μὴν
538 1240 633 1277 οὐδέν
650 1257 688 1290 γε
713 1244 866 1277 ἄτακτον
888 1244 954 1277 τῶν
972 1243 1065 1287 φύσει
1084 1246 1142 1276 καὶ
1159 1243 1255 1275 κατα
1270 1242 1378 1288 φύσιν·

387 1291 408 1327 ἣ
433 1289 498 1335 γοίρ
523 1289 616 1334 φύσις
644 1290 743 1321 αἰτία
761 1289 845 1320 πᾶσι
864 1287 1004 1328 τάξεως.
1032 1289 1078 1320 Te
1094 1283 1122 1320 δ’
1146 1288 1282 1330 ἄπειρον
1301 1286 1379 1332 πρὸς

388 1333 429 1367 τὸ
456 1333 590 1376 ἄπειρον
623 1329 744 1383 οὐδένα
767 1331 869 1378 λόγον
904 1332 986 1376 ἐ’χει·
1013 1332 1110 1373 τάξις
1139 1327 1176 1364 δέ
1206 1332 1302 1363 πᾶσα
1325 1331 1383 1362 λό-

386 1389 456 1424 γος.
491 1378 536 1409 Τὸ
561 1375 588 1409 δ’
621 1378 756 1419 ἄπειρον
782 1376 900 1422 χρόνον
926 1377 947 1414 ἠ
970 1381 1076 1420 εμεῖν,
1103 1373 1180 1408 εἶτα
1203 1374 1380 1413 κινηθῆναί

388 1433 494 1461 ποτε,
521 1421 647 1455 τούτου
672 1416 710 1453 δὲ
734 1422 901 1466 μηδεμίαν
927 1388 1012 1452 silitum
1040 1417 1216 1465 διαφοράν,
1245 1419 1299 1451 ὅτι
1323 1421 1378 1450 νῦν

387 1467 516 1511 μᾶλλον
542 1465 563 1502 ἦ
589 1465 772 1511 πρότερον,
799 1461 874 1511 μηδ’
897 1464 941 1497 αὖ
965 1465 1046 1497 τινα
1069 1464 1166 1506 τάξιν
1193 1464 1299 1508 ἔχειν,
1328 1462 1382 1495 οὐ-

385 1510 460 1542 κέτι
478 1509 603 1553 φύσεως
624 1510 731 1555 ἔργον.
749 1510 796 1542 ’Ἡ
812 1510 876 1556 γοίρ
905 1510 1019 1547 οἱπλῶς
1044 1509 1114 1554 ἔχει
1139 1509 1180 1541 τό
1198 1508 1305 1552 φύσει,
1323 1509 1381 1539 καὶ

389 1555 453 1600 οὐχ
477 1553 537 1586 ὁτὲ
561 1554 620 1597 μὲν
647 1553 766 1596 οὕτως,
794 1554 852 1587 ὁτὲ
877 1549 904 1584 δ’
927 1553 1047 1593 ἄλλως,
1076 1553 1142 1585 οἷον
1169 1554 1209 1585 τὸ
1228 1553 1291 1594 πῦρ
1315 1551 1380 1583 ἄνω

411 1598 480 1630 ύσει
505 1597 656 1642 φέρεται,
678 1600 735 1629 καὶ
762 1599 826 1643 οὐχ
851 1598 910 1630 ὁτὲ
934 1597 992 1641 μὲν
1020 1597 1078 1629 dre*
1103 1592 1131 1628 δ’
1155 1596 1205 1628 οὔ·
1234 1597 1254 1633 ἦ
1277 1595 1379 1641 λόγον

389 1654 458 1696 εχει
477 1641 518 1673 τὸ
543 1642 589 1686 μή
617 1643 758 1674 διπλοῦν.
787 1641 906 1686 Διόπερ
924 1641 1058 1681 βέλτιον
1076 1637 1379 1684 ὠςἘμπεδοκλῆς,

387 1689 450 1719 κάν
476 1687 505 1717 εἴ
529 1698 579 1724 τις
606 1686 716 1729 ἕτερος
746 1688 873 1729 εἴρηκεν
900 1685 1007 1722 οὕτως
1034 1685 1139 1729 ἔχειν,
1167 1686 1199 1717 ἐν
1225 1685 1315 1729 μέρει
1340 1685 1382 1718 τό

388 1732 456 1763 πᾶν
479 1730 611 1774 ἠρεμεῖν
635 1732 694 1762 καὶ
717 1729 881 1762 κινεῖσθαι
898 1729 1014 1762 πάλιν·
1035 1729 1132 1770 τάξιν
1149 1729 1213 1775 γαρ
1232 1725 1296 1766 ἤδη
1315 1730 1376 1762 τιν’

388 1775 458 1819 ἔχει
483 1774 524 1807 τὸ
549 1776 719 1807 τοιοῦτον.

313 1899 423 1932 Ἀλλὰ
445 1900 503 1930 καὶ
529 1898 635 1930 τοῦτο
660 1892 712 1928 δεῖ
730 1897 789 1930 τὸν
806 1897 956 1942 λέγοντα
974 1897 1021 1941 μή
1039 1896 1141 1941 φάναι
1158 1896 1272 1940 μόνον,
1293 1897 1382 1929 ἀλλα

385 1945 443 1975 καὶ
468 1942 532 1979 τήν
560 1942 675 1974 αἰτίαν
703 1942 811 1974 αὐτοῦ
834 1941 965 1998 λέγειν,
990 1943 1048 1972 καὶ
1073 1941 1120 1985 μή
1146 1940 1297 1973 τίθεσθαι
1321 1953 1381 1985 μη-

387 1984 443 2019 δὲν
469 1982 544 2030 μηδ’
576 1985 688 2026 ἀξιοῦν
723 1985 839 2030 ἀξίωμ’
870 1986 1012 2031 αλογον,
1047 1985 1118 2017 ἀλλ’
1147 1984 1168 2022 ἦ
1195 1983 1379 2032 ἐπαγωγὴν

387 2030 408 2067 ἦ
443 2026 615 2070 ἀπόδειξιν
646 2028 765 2074 φέρειν·
800 2030 895 2062 αὐτοὶ
925 2029 984 2073 μὲν
1015 2029 1080 2076 γοίρ
1112 2029 1171 2061 οὐκ
1206 2032 1302 2062 αἴτια
1335 2029 1382 2062 τοὶ

389 2074 623 2115 ύποτεθέντα,
657 2070 734 2106 οὐδὲ
764 2075 860 2106 τοῦτ’
889 2072 928 2111 ἦν
966 2072 1006 2104 τὸ
1039 2072 1197 2117 φιλότητι
1232 2073 1252 2111 ἦ
1283 2076 1381 2105 νείκει

387 2116 474 2151 εἶναι
500 2116 590 2151 ἀλλα
614 2118 677 2155 τῆς
702 2117 761 2160 μὲν
787 2118 828 2149 τό
853 2117 1021 2162 συνάγειν,
1042 2119 1103 2149 τοῦ
1127 2113 1165 2150 δὲ
1190 2118 1231 2151 τό
1255 2113 1380 2162 διακρί-

386 2174 465 2195 νειν.
487 2163 525 2194 Εἰ
548 2158 587 2193 δὲ
612 2165 841 2205 προσοριεϊται
867 2162 907 2194 τό
933 2163 965 2194 ἐν
991 2160 1244 2204 μέρει,λεκτεόν
1270 2162 1316 2204 ἐφ’
1338 2162 1380 2193 ὦν

389 2205 630 2250 οὕτως,ὠ’σπερ
657 2204 710 2238 ὅτι
736 2206 808 2238 ἔστι
834 2217 867 2237 τι
887 2206 903 2237 ὃ
920 2204 1056 2250 συνοίγει
1077 2206 1156 2243 τους
1177 2205 1379 2249 ἀνθρώπους,

389 2252 410 2287 ἡ
435 2252 546 2295 φιλία,
575 2252 633 2282 καὶ
657 2249 833 2296 φεύγουσιν
868 2252 896 2281 οἱ
922 2248 1034 2294 ἐχθροὶ
1068 2249 1247 2287 ἀλλήλους·
1275 2251 1381 2282 τοῦτο

387 2295 451 2340 γοὶρ
478 2293 680 2327 ὑποτίθεται
704 2295 762 2326 καὶ
789 2295 821 2326 ἐν
847 2295 894 2335 τῷ
921 2294 984 2334 ὅλῳ
1010 2290 1106 2325 εἶναι·
1134 2297 1291 2337 φαίνεται
1316 2293 1380 2339 γοὶρ

390 2341 444 2371 ἐπί
476 2351 574 2371 τινων
605 2337 709 2369 οὕτω·
737 2337 777 2371 τὸ
802 2333 840 2370 δὲ
863 2340 921 2370 καὶ
945 2333 982 2369 δι’
1009 2339 1087 2369 ἰ’σων
1112 2337 1243 2383 ’χρόνων
1268 2338 1380 2370 δεῖται

387 2382 490 2429 λόγου
515 2381 618 2419 τινός.

312 2427 420 2465 ’Ὀλως
446 2423 483 2459 δὲ
507 2426 548 2459 τὸ
573 2426 716 2470 νομίζειν
749 2426 854 2470 ἀρχήν
887 2422 972 2457 εἶναι
997 2424 1130 2462 ταύτην
1164 2425 1300 2467 ἱκανήν,
1328 2425 1381 2458 ὅτι

391 2470 442 2504 ἀεὶ
468 2471 488 2507 ἦ
514 2471 605 2503 ἔστιν
631 2469 737 2507 οὕτως
763 2468 784 2506 ἦ
809 2473 978 2516 γίγνεται,
998 2469 1056 2501 οὐκ
1083 2469 1183 2512 ὀρθῶς
1208 2470 1277 2515 ἔχει
1301 2471 1383 2502 ὑπο-

387 2515 525 2556 λαβεῖν,
552 2513 598 2557 ὲφ’
630 2515 645 2546 ὃ
670 2513 874 2558 Δημόκριτος
906 2513 1025 2560 ἀνοίγει
1057 2514 1121 2551 τοὶς
1152 2515 1224 2558 περὶ
1256 2513 1379 2558 φύσεως

389 2560 526 2600 αἰτίας,
552 2560 595 2601 ὠς
627 2558 715 2591 οὕτω
747 2561 803 2590 καὶ
830 2558 870 2590 τὸ
895 2558 1057 2602 πρότερον
1086 2558 1229 2604 ἐγίνετο·
1258 2559 1320 2590 τοῦ
1345 2554 1382 2590 δὲ

392 2605 442 2636 ἀεὶ
468 2604 527 2635 οὐκ
554 2603 643 2644 ἀξιοῖ·
668 2603 774 2647 ἀρχὴν
798 2603 925 2644 ζητεῖν,
943 2602 1049 2648 λέγων
1076 2603 1131 2635 ἐπί
1150 2614 1248 2634 τινων
1267 2602 1379 2647 ὀρθῶς,

391 2647 445 2679 ὅτι
469 2643 497 2678 δ’
521 2645 576 2678 ἐπὶ
601 2646 752 2687 πάντων,
773 2647 832 2678 οὐκ
858 2646 969 2690 ὀρθῶς.
996 2649 1060 2678 Καὶ
1078 2647 1142 2693 γαρ
1162 2647 1202 2679 τό
1222 2650 1380 2693 τρίγωνον

390 2692 460 2735 ἔχει
483 2686 575 2722 δυσὶν
602 2688 711 2734 ὀρθαῖς
746 2690 797 2722 ἀεὶ
829 2690 891 2728 τοὶς
916 2693 1039 2736 γωνίας
1067 2693 1162 2731 ἴσας,
1192 2689 1264 2723 ἀλλ’
1295 2690 1380 2735 ὅμως

391 2736 464 2767 ἐστί
490 2746 524 2766 τι
549 2735 611 2772 τῆς
639 2730 834 2772 ἀϊδιότητος
869 2735 1000 2773 ταύτης
1026 2734 1138 2779 ἕτερον
1165 2737 1288 2767 αἴτιον·
1315 2736 1380 2768 τῶν

390 2779 507 2834 μέντοι
534 2779 572 2821 ἀρ
600 2779 643 2810 ὥν
661 2779 721 2810 οὐκ.
742 2778 833 2810 ἔστιν
853 2777 963 2822 ἕτερον
986 2781 1109 2819 αἴτιον,
1131 2773 1243 2810 ἀϊδίων
1262 2779 1379 2811 οὐσῶν.

383 2824 460 2854 Ὀτι
485 2822 543 2865 μὲν
569 2833 624 2854 ουν
651 2817 757 2859 οὐδεὶς
783 2819 823 2859 ἦν
847 2822 964 2867 χρόνος
988 2817 1056 2854 οὐδ’
1079 2823 1191 2863 ἔσται,
1212 2822 1269 2855 ὅτε
1293 2825 1383 2860 κίνη-

391 2878 439 2904 σις
465 2867 525 2898 οὐκ
550 2864 590 2903 ἦν
616 2865 636 2902 ἦ
664 2865 722 2898 οὐκ
748 2866 859 2906 ἔσται,
886 2865 1026 2911 εἰρήσθω
1051 2867 1221 2899 τοσαῦτα.

378 2964 527 2991 SYNOPSIS.
545 2979 579 2984 —
600 2972 623 2990 1.
638 2963 848 2998 Argumentum
869 2968 897 2990 et
911 2961 1011 2990 divisio
1032 2968 1132 2990 textus.
1147 2979 1166 2983 -
1181 2962 1280 2990 Dicere
1302 2964 1382 3000 quod

323 3009 422 3031 motus
443 3002 598 3039 aliquando
619 3002 663 3036 sit,
679 3001 834 3038 aliquando
855 3011 915 3030 non
937 3002 980 3037 sit,
1005 3002 1077 3030 sicut
1097 3009 1255 3038 posuerunt
1275 3003 1381 3038 Empe-

325 3042 422 3070 docles
443 3048 471 3069 et
490 3042 684 3078 Anaxagoras,
702 3040 873 3069 assimilatur
893 3041 1044 3078 figment03
1060 3041 1128 3078 quia
1148 3041 1253 3070 scilicet
1273 3043 1382 3079 absque

324 3082 435 3109 ratione
449 3080 601 3117 ponitur.—
612 3081 770 3115 Quomodo
791 3080 944 3109 auctoritas
966 3081 1062 3109 divina
1081 3082 1241 3117 praevaleat
1255 3081 1383 3109 cuicum-

325 3129 382 3157 que
403 3119 507 3148 rationi
527 3120 706 3148 humanae.—
717 3127 742 3147 2.
760 3121 867 3148 Textus
886 3120 1207 3148 subdivisio.-Videtur
1221 3121 1306 3148 etiam
1321 3130 1382 3149 esse

325 3159 433 3196 aliquid
454 3158 593 3194 fictitium,
608 3159 701 3187 dicere
716 3160 795 3196 quod
816 3159 888 3187 ratio
903 3168 991 3196 quare
1012 3169 1072 3188 non
1086 3169 1199 3196 semper
1220 3160 1255 3187 sit
1275 3166 1380 3195 motus,

326 3199 361 3227 sit
375 3198 443 3235 quia
456 3199 509 3226 hoc
525 3204 620 3226 natum
636 3204 679 3226 est
691 3198 732 3226 sic
748 3207 810 3227 esse
825 3198 853 3234 (i.
862 3208 887 3226 e.
902 3199 1062 3227 secundum
1074 3199 1114 3227 rei
1125 3205 1256 3227 naturam
1269 3199 1308 3228 sic
1319 3202 1380 3235 est),

323 3245 353 3267 et
367 3239 423 3266 hoc
444 3244 558 3274 oportet
577 3237 704 3274 accipere
725 3244 861 3274 tanquam
883 3238 1064 3274 principium.
1076 3255 1095 3259 —
1112 3239 1136 3266 3.
1152 3239 1213 3266 Hac
1227 3245 1323 3266 autem
1337 3248 1381 3267 ra-

325 3278 404 3305 tione
428 3277 673 3305 inconvenientius
700 3278 832 3304 utebatur
859 3278 1043 3314 Anaxagoras
1071 3286 1159 3313 quam
1180 3278 1380 3313 Empedocles.

325 3317 455 3345 Ponebat
469 3316 546 3343 enim
563 3317 747 3352 Anaxagoras
768 3325 812 3343 res
830 3316 974 3352 quiescere
994 3322 1124 3352 tempore
1145 3316 1266 3351 infinito,
1282 3323 1309 3345 et
1329 3326 1382 3353 po-

325 3363 387 3387 stea
407 3355 515 3383 moveri
537 3364 587 3391 per
608 3361 720 3391 tempus
741 3354 898 3389 infinitum3
920 3355 970 3382 sed
991 3364 1056 3382 curn
1078 3355 1215 3391 temporis
1230 3355 1331 3383 infiniti
1346 3357 1382 3384 ad

326 3395 469 3423 infinitum
497 3404 557 3422 non
579 3394 614 3422 sit
635 3395 708 3422 ordo
736 3394 780 3421 vel
801 3394 958 3430 proportio,
981 3403 1034 3422 nec
1054 3394 1089 3422 sit
1109 3394 1204 3430 aliqua
1226 3395 1383 3422 differentia

325 3434 399 3462 inter
413 3443 455 3469 ea,
476 3443 536 3462 non
553 3440 664 3470 poterat
685 3433 828 3470 assignare
849 3433 974 3469 aliquam
996 3433 1136 3461 rationem
1158 3443 1246 3470 quare
1261 3443 1306 3462 res
1320 3434 1384 3462 infi-

324 3474 387 3501 nito
401 3479 531 3509 tempore
546 3472 712 3510 quieverint,
732 3479 759 3501 et
773 3478 874 3509 postea
888 3472 996 3500 moveri
1010 3472 1179 3508 inceperint;
1195 3479 1222 3500 et
1242 3473 1308 3501 ideo
1324 3483 1383 3501 non

326 3513 437 3541 videtur
458 3514 514 3540 hoc
535 3518 631 3540 natum
653 3521 714 3540 esse
736 3512 776 3540 sic
798 3521 868 3545 esse,
885 3520 935 3539 seu
949 3521 1009 3540 non
1023 3511 1134 3539 videtur
1154 3513 1312 3540 secundum
1333 3521 1383 3540 na-

326 3558 420 3580 turam
444 3552 608 3588 procedere.
624 3568 643 3572 —
658 3552 815 3586 Quomodo
837 3551 976 3579 sententia
1004 3550 1069 3578 fidei
1096 3558 1209 3579 nostrae
1237 3551 1347 3579 differat
1367 3561 1384 3579 a

325 3591 469 3628 positione
491 3593 686 3628 Anaxagorae.
701 3607 720 3611 —
741 3600 769 3626 4.
792 3591 847 3618 Sed
875 3599 927 3619 nec
948 3590 1116 3627 Empedocli
1144 3590 1276 3619 convenit
1302 3600 1385 3627 prae-

2411 283 2484 332 373

1081 499 1380 555 LECTIO
1418 499 1735 558 TERTIA

549 651 764 683 RATIONES
788 650 967 682 CONTRA
989 649 1292 680 ANAXAGORAM
1315 649 1372 679 ET
1395 649 1710 688 EMPEDOCLEM,
1742 650 1816 686 QUI
1839 649 2069 680 PONEBANT
2093 649 2254 680 MOTUM

1198 709 1290 740 NON
1314 710 1480 741 SEMPER
1504 710 1603 741 ESSE

1431 848 1446 865 *
1465 850 1526 881 Sed
1550 861 1615 882 non
1638 852 1808 892 aliquando
1832 852 1961 893 quidem
1984 859 2063 890 erat,
2087 852 2256 892 aliquando
2280 859 2386 882 autem
2405 859 2486 882 non:
2515 851 2594 900 {egeas
2609 857 2682 879 (τερ-ι
2703 855 2725 874 et

1499 901 1529 925 et
1551 905 1689 936 namque
1712 896 1900 927 assimilatur
1923 897 1965 927 sic
1989 897 2090 927 dicere
2112 895 2263 935 figmento
2283 896 2392 936 magis.
2565 893 2570 899 '
2591 884 2612 906 3·

1432 935 1447 952 *
1463 938 1609 969 Similiter
1633 946 1738 970 autem
1762 947 1792 970 et
1815 940 1915 971 dicere
1938 941 2013 980 quia
2035 947 2146 980 aptum
2169 947 2280 970 natum
2303 940 2346 970 sic
2370 946 2433 971 est:
2459 946 2490 970 et

1497 982 1560 1012 hoc
1592 990 1717 1023 oportet
1744 984 1866 1023 opinari
1896 994 1962 1014 esse
1985 983 2184 1024 principium.
2216 983 2257 1013 Et
2283 983 2344 1013 hoc
2367 983 2489 1014 videtur

1499 1026 1608 1066 utique
1632 1027 1840 1066 Empedocles
1865 1028 1983 1065 dicere,
2015 1027 2103 1068 quod
2122 1033 2225 1057 tenere
2253 1034 2283 1057 et
2306 1037 2432 1057 movere
2455 1026 2488 1056 in

1498 1076 1585 1108 parte
1609 1070 1778 1100 amicitiam
1802 1077 1832 1101 et
1855 1071 2053 1109 discordiam,
2080 1071 2160 1101 inest
2183 1071 2274 1101 rebus
2299 1081 2335 1100 ex
2358 1070 2488 1100 necessi-

1499 1119 1580 1150 tate,
1605 1113 1764 1153 quiescere
1787 1121 1894 1144 autem
1916 1125 1972 1154 per
1990 1114 2133 1144 medium
2147 1121 2282 1154 tempus.
2303 1112 2318 1129 *
2334 1114 2487 1145 Fortassis

1499 1162 1606 1186 autem
1629 1163 1659 1187 et
1675 1167 1777 1187 unum
1795 1158 1986 1198 principium
2002 1158 2158 1196 facientes,
2183 1158 2263 1189 sicut
2277 1161 2488 1198 Anaxagoras,

1499 1200 1543 1230 sic
1562 1200 1671 1241 utique
1694 1201 1839 1231 dicerent.

1433 1245 1476 1274 At
1490 1254 1564 1274 vero
1582 1244 1660 1275 nihil
1678 1245 1893 1275 inordinatum
1913 1255 2024 1275 eorum
2043 1255 2124 1285 quae
2143 1252 2253 1276 natura
2269 1252 2298 1276 et
2314 1245 2490 1276 secundum

1500 1294 1645 1318 naturam
1668 1295 1754 1319 sunt:
1775 1293 1886 1329 natura
1905 1289 1989 1319 enim
2006 1289 2154 1319 omnibus
2179 1299 2271 1319 causa
2285 1288 2489 1319 ordinationis

1501 1332 1745 1375 estalnfinitum
1761 1339 1868 1363 autem
1887 1333 1926 1362 ad
1944 1332 2103 1362 infinitum
2127 1333 2247 1362 nullam
2264 1333 2418 1362 rationem
2433 1333 2489 1362 ha-

1500 1376 1568 1407 bet:
1593 1377 1749 1407 ordinatio
1779 1383 1886 1407 autem
1913 1377 2016 1407 omnis
2049 1377 2128 1406 ratio
2154 1383 2209 1406 est.
2235 1376 2359 1406 Infinito
2384 1383 2491 1406 autem

1500 1426 1643 1460 tempore
1658 1421 1828 1461 quiescere,
1845 1427 1955 1461 postea
1969 1427 2096 1451 motum
2111 1430 2177 1450 esse
2191 1420 2380 1460 aliquando;
2397 1420 2491 1450 huius

1496 1471 1603 1494 autem
1619 1474 1721 1505 neque
1744 1474 1842 1495 unam
1863 1464 2068 1495 differentiam
2091 1474 2158 1494 esse
2174 1474 2270 1504 quare
2290 1474 2373 1494 nunc
2392 1463 2491 1504 magis

1501 1518 1598 1548 quam
1610 1508 1707 1548 prius,
1720 1518 1823 1548 neque
1834 1508 1949 1539 iterum
1963 1509 2102 1549 aliquam
2118 1507 2352 1538 ordinationem
2362 1508 2491 1546 habere;

1501 1562 1567 1582 non
1590 1552 1654 1582 iam
1671 1559 1800 1582 naturae
1820 1559 1866 1582 est
1881 1562 1972 1592 opus.
1997 1554 2063 1582 Aut
2087 1551 2170 1582 enim
2194 1552 2375 1592 simpliciter
2390 1562 2422 1581 se
2438 1551 2492 1581 ha-

1501 1597 1554 1626 bet
1576 1596 1664 1636 quod
1687 1603 1733 1626 est
1755 1602 1901 1634 naturae,
1926 1603 1956 1626 et
1979 1605 2044 1626 non
2077 1596 2246 1636 aliquando
2270 1595 2399 1636 quidem
2428 1595 2491 1634 sic,

1502 1640 1672 1680 aliquando
1695 1650 1770 1670 vero
1795 1640 1901 1678 aliter,
1925 1646 1960 1670 ut
1978 1640 2058 1679 ignis
2089 1646 2199 1670 natura
2227 1649 2354 1669 sursum
2377 1638 2490 1677 fertur,

1502 1690 1533 1714 et
1563 1694 1630 1714 non
1660 1684 1830 1724 aliquando
1860 1684 1991 1724 quidem
2014 1684 2077 1722 sic,
2108 1684 2279 1724 aliquando
2307 1693 2382 1713 vero
2405 1690 2491 1721 n0n;

1501 1734 1556 1758 aut
1585 1727 1739 1758 rationem
1767 1728 1860 1758 habet
1882 1728 1971 1768 quod
1997 1737 2063 1757 non
2093 1734 2139 1758 est
2162 1726 2352 1767 simpliciter.
2387 1727 2492 1764 Quare

1498 1771 1621 1810 dignius
1646 1778 1708 1810 est,
1732 1771 1812 1802 sicut
1834 1771 2043 1811 Empedocles
2061 1778 2091 1802 et
2113 1771 2138 1801 si
2154 1771 2224 1812 quis
2248 1771 2326 1802 alter
2350 1771 2426 1801 dixit
2448 1770 2492 1801 sic

1501 1815 1624 1853 habere,
1648 1815 1681 1845 in
1704 1822 1790 1854 parte
1806 1815 1965 1855 quiescere
1989 1825 2084 1845 omne
2100 1823 2130 1845 et
2149 1814 2269 1845 moveri
2291 1814 2420 1845 iterum:
2446 1824 2493 1844 or—

1502 1858 1696 1889 dinationem
1719 1858 1804 1888 enim
1823 1859 1888 1888 iam'
1910 1859 2002 1889 habet
2026 1859 2186 1899 quandam
2209 1858 2403 1889 huiusmodi.

1434 1902 1496 1932 Sed
1515 1909 1545 1932 et
1560 1909 1685 1942 oportet
1700 1903 1762 1933 hoc
1781 1902 1937 1933 dicentem
1951 1913 2017 1932 non
2033 1902 2186 1933 affirmare
2205 1903 2322 1940 solum,
2347 1903 2401 1932 sed
2421 1912 2492 1932 cau-

1501 1956 1569 1976 sam
1591 1946 1690 1986 ipsius
1715 1946 1825 1985 dicere,
1850 1953 1880 1977 et
1903 1957 1969 1977 non
1992 1957 2151 1987 apponere
2174 1947 2262 1984 nihil,
2287 1956 2390 1987 neque
2412 1946 2492 1976 velle

1499 1990 1683 2030 dignitatem
1698 1990 1956 2028 irrationabilem3
1976 1991 2030 2021 sed
2053 1998 2107 2021 aut
2125 1991 2341 2021 inductionem
2364 1997 2419 2021 aut
2441 1991 2493 2020 de-

1499 2035 1763 2065 monstrationem
1787 2034 1901 2064 afferre.
1927 2035 2014 2065 Haec
2037 2035 2123 2064 enim
2146 2045 2211 2065 non
2242 2045 2353 2065 causae
2372 2035 2492 2074 positae

1500 2085 1590 2116 sunt3
1615 2089 1718 2119 neque
1741 2078 1775 2108 in
1797 2078 1858 2109 hoc
1878 2085 1941 2108 erat
1965 2078 2117 2109 amicitiae
2140 2079 2190 2109 vel
2209 2078 2388 2109 inimicitiae
2407 2087 2491 2109 esse:

1501 2123 1555 2153 sed
1578 2122 1672 2153 huius
1696 2122 1826 2163 quidem
1857 2132 2064 2163 congregare,
2097 2123 2180 2153 illius
2209 2133 2283 2152 vero
2308 2123 2491 2162 disgregare.

2515 944 2525 953 '²
2540 942 2607 965 Text.
2623 949 2655 969 ¹4-

2516 1118 2525 1127 ·
2540 1117 2608 1140 Text.
2622 1123 2652 1144 15·

1501 2166 1533 2197 Si
1551 2176 1626 2196 vero
1647 2166 1869 2196 determinetur
1887 2167 1975 2207 quod
1999 2173 2045 2197 est
2072 2167 2104 2196 in
2123 2173 2228 2207 parte,
2256 2167 2425 2197 dicendum
2448 2173 2494 2197 est

1500 2210 1534 2240 in
1557 2210 1672 2250 quibus
1696 2210 1738 2240 sic
1762 2217 1853 2241 sunt:
1882 2211 1963 2241 sicut
1985 2211 2060 2251 quia
2086 2218 2132 2241 est
2154 2211 2272 2251 aliquid
2300 2211 2388 2251 quod
2416 2221 2491 2241 con·

1500 2260 1606 2293 gregat
1623 2254 1781 2292 homine&
1795 2254 1940 2292 amicitia,
1961 2261 1991 2284 et
2006 2254 2132 2294 fugiunt
2150 2254 2268 2285 inimici
2288 2255 2326 2285 ab
2345 2254 2488 2285 invicem.

1501 2298 1573 2327 Hoc
1596 2297 1680 2327 enim
1704 2298 1895 2337 supponitur
1918 2305 1948 2328 et
1966 2298 1998 2328 in
2022 2305 2090 2328 toto
2110 2306 2195 2329 esse:
2214 2299 2337 2329 videtur
2360 2298 2445 2329 enim
2459 2299 2493 2328 in

1501 2341 1691 2381 quibusdam
1715 2351 1781 2371 esse
1805 2341 1857 2371 sic.
1882 2342 1979 2379 Quod
2003 2348 2109 2372 autem
2133 2349 2163 2372 et
2186 2342 2360 2372 secundum
2379 2352 2492 2383 aequa-

1501 2385 1542 2415 lia
1560 2392 1715 2425 tempora,
1739 2385 1856 2424 indiget
1879 2385 1983 2426 aliqua
2006 2386 2135 2416 ratione.

1435 2429 1577 2460 Omnino
1590 2429 1676 2459 enim
1687 2429 1860 2459 existimare
1872 2429 2063 2469 principium
2073 2429 2135 2460 hoc
2147 2436 2213 2460 esse
2226 2429 2392 2469 sufficiens,
2404 2431 2493 2471 quod

1501 2483 1624 2512 semper
1648 2479 1702 2503 aut
1725 2480 1770 2503 est
1793 2473 1836 2505 sic
1859 2480 1913 2503 aut
1935 2473 1983 2511 fit,
2008 2483 2074 2503 non
2097 2481 2177 2504 recte
2196 2484 2227 2504 se
2244 2475 2338 2505 habet
2360 2474 2492 2514 opinari.

1503 2518 1538 2547 In
1561 2527 1626 2557 quo
1649 2517 1849 2548 Democritus
1872 2517 1992 2548 reducit
2012 2518 2049 2547 de
2065 2524 2176 2548 natura
2200 2527 2318 2556 causas,
2342 2519 2430 2558 quod
2449 2518 2493 2549 sic

1502 2561 1632 2601 quidem
1656 2561 1742 2600 prius
1766 2561 1884 2591 factum
1908 2568 1973 2599 est;
1997 2561 2095 2600 ipsius
2115 2569 2221 2592 autem
2245 2572 2368 2602 semper
2390 2561 2494 2592 noluit

1502 2605 1693 2645 principium
1717 2612 1878 2645 quaerere:
1896 2604 1926 2635 in
1944 2605 2134 2645 quibusdam
2157 2605 2262 2636 dicens
2285 2613 2384 2644 recte;
2404 2606 2492 2646 quod

1502 2655 1608 2679 autem
1627 2649 1659 2678 in
1675 2649 1834 2687 omnibus,
1850 2659 1916 2679 non
1932 2655 2021 2679 recte.
2039 2649 2165 2679 Etenim
2181 2650 2354 2689 triangulus
2370 2659 2494 2689 semper

1502 2693 1596 2723 habet
1619 2693 1744 2722 duobus
1773 2693 1861 2723 rectis
1892 2693 2036 2733 aequales
2060 2693 2212 2732 angulos;
2242 2694 2295 2723 sed
2319 2700 2424 2723 tamen
2448 2700 2494 2725 est

1502 2736 1717 2776 perpetuitatis
1731 2736 1825 2767 huius
1841 2737 1934 2767 altera
1949 2747 2051 2768 causa.
2068 2737 2299 2777 Principiorum
2312 2737 2405 2776 igitur
2427 2747 2492 2767 non

1503 2787 1548 2811 est
1563 2781 1658 2810 altera
1674 2788 1784 2819 causa3
1808 2782 1862 2810 sed
1876 2788 2026 2821 perpetua
2042 2788 2124 2812 sunt.
2142 2781 2239 2818 Quod
2254 2781 2382 2821 quidem
2401 2781 2494 2821 igitur

1502 2824 1628 2854 nullum
1652 2831 1777 2865 tempus
1810 2825 1866 2855 erit
1895 2835 1998 2865 neque
2028 2832 2110 2863 erat,
2143 2825 2279 2866 quando·
2298 2832 2405 2856 motus
2429 2835 2494 2856 non

1502 2867 1573 2907 erit,
1597 2868 1662 2898 sive
1684 2879 1750 2899 non
1775 2875 1854 2907 erat,
1879 2875 1962 2899 tanta
1987 2869 2067 2899 dicta
2090 2876 2171 2900 sunt.

1436 2963 1511 2991 dicta
1525 2963 1607 2991 ratio.
1631 2964 1774 3000 Supponit
1788 2964 1865 2992 enim
1880 2965 1915 2992 de
1929 2971 2030 2992 natura
2050 2964 2189 2992 amicitiae
2211 2971 2238 2992 et
2258 2965 2313 2993 litis
2328 2974 2398 3000 esse,
2415 2966 2495 3002 quod

1435 3009 1529 3031 totum
1551 3003 1716 3031 un1versum
1737 3003 1766 3031 in
1787 3004 1911 3040 quadam
1934 3010 2013 3040 parte
2033 3004 2171 3040 temporis
2190 3004 2316 3041 quiescat
2337 3011 2364 3032 et
2384 3004 2414 3032 in
2440 3005 2495 3033 alia

1436 3049 1516 3079 parte
1537 3042 1674 3079 temporis
1696 3050 1859 3078 moveatur;
1888 3044 1938 3071 sed
1961 3043 2004 3071 sui
2025 3044 2124 3071 asserti
2145 3053 2198 3072 nec
2218 3044 2342 3081 assignat
2363 3054 2492 3080 causam,

1436 3091 1489 3110 nec
1510 3082 1618 3119 aliquid
1638 3082 1716 3110 aliud
1737 3082 1851 3110 adducit
1872 3083 1910 3110 ad
1931 3082 2189 3111 manifestationem
2204 3083 2263 3111 eius
2279 3085 2358 3120 quod
2372 3083 2433 3120 ipse
2447 3093 2493 3111 ac-

1437 3120 1504 3157 cipit
1518 3128 1549 3149 ut
1570 3121 1750 3158 principium.
1767 3139 1784 3143 -
1807 3123 1832 3150 5,
1855 3122 2019 3150 Excluditur
2037 3123 2106 3150 falsa
2128 3122 2314 3157 existimatio,
2336 3124 2493 3151 secundum

1437 3169 1525 3197 quarn
1548 3161 1649 3197 aliquis
1676 3167 1774 3198 posset
1801 3162 1915 3189 credere
1942 3162 2022 3198 quod
2043 3161 2183 3198 quidquid
2211 3171 2323 3197 semper
2350 3168 2404 3196 est,
2433 3171 2493 3189 non

1437 3200 1522 3228 habet
1536 3209 1666 3236 causam;
1681 3210 1715 3228 ex
1729 3211 1787 3237 quo
1803 3207 1968 3237 sequeretur
1982 3202 2061 3237 quod
2074 3210 2135 3228 non
2149 3207 2222 3228 esset
2243 3201 2406 3237 quaerenda
2420 3200 2492 3228 ratio

1437 3248 1525 3276 quare
1539 3239 1663 3268 amicitia
1683 3247 1710 3268 et
1730 3240 1763 3268 lis
1785 3249 1898 3276 semper
1918 3240 2074 3267 secundum
2096 3239 2225 3276 aequalia
2243 3246 2374 3275 tempora
2395 3248 2492 3267 move-

1437 3284 1511 3306 runt.
1536 3279 1593 3306 Sed
1621 3288 1681 3307 non
1709 3279 1738 3307 in
1767 3279 1901 3307 omnibus
1929 3279 1998 3306 illud
2019 3278 2189 3314 principium
2218 3279 2303 3306 habet
2329 3278 2490 3306 veritatem:

1437 3324 1503 3345 sunt
1517 3318 1594 3346 enim
1608 3318 1704 3355 aliqua
1717 3325 1854 3354 perpetua
1870 3327 1943 3354 quae
1965 3318 2070 3345 habent
2091 3326 2220 3351 causam3
2242 3317 2306 3345 licet
2319 3317 2415 3354 aliqua
2428 3327 2493 3354 per-

1437 3363 1523 3393 petua
1544 3357 1607 3392 sint,
1627 3358 1698 3385 sicut
1719 3357 1866 3393 principia,
1884 3366 2007 3393 quorum
2028 3366 2087 3384 non
2109 3362 2151 3384 est
2171 3356 2227 3384 alia
2247 3366 2340 3384 causa.
2356 3374 2375 3378 —
2396 3358 2423 3385 6.
2443 3359 2494 3385 Est

1437 3402 1532 3423 autem
1554 3398 1655 3424 eadem
1677 3396 1824 3432 dispositio
1852 3405 1947 3423 rerum
1976 3395 2006 3422 in
2027 3405 2087 3423 esse
2109 3402 2136 3423 et
2156 3395 2287 3423 veritate:
2317 3395 2388 3423 sicut
2410 3396 2494 3433 igitur

1438 3435 1534 3472 aliqua
1548 3442 1613 3463 sunt
1627 3445 1739 3471 semper
1759 3444 1833 3469 vera,
1853 3441 1880 3462 et
1900 3441 1996 3462 tamen
2018 3435 2122 3462 habent
2143 3443 2258 3462 causam
2278 3444 2345 3463 suae
2359 3435 2492 3471 veritatis,

1438 3474 1477 3502 ita
1497 3476 1655 3502 secundum
1682 3481 1808 3502 mentem
1833 3473 1992 3501 Aristotelis
2014 3480 2079 3501 sunt
2099 3474 2195 3510 aliqua
2216 3483 2328 3511 semper
2348 3475 2439 3510 entia,
2466 3482 2494 3503 et

1438 3519 1534 3541 tamen
1555 3514 1660 3542 habent
1675 3522 1789 3542 causam
1805 3513 1847 3541 sui
1869 3522 1938 3540 esse.
1955 3514 1996 3540 Ex
2014 3522 2072 3549 quo
2087 3519 2165 3549 patet
2185 3514 2264 3550 quod
2285 3514 2415 3550 quamvis
2429 3514 2494 3542 Ari-

1438 3553 1552 3581 stoteles
1573 3559 1693 3589 poneret
1720 3553 1860 3580 mundum
1882 3559 2046 3587 aeternum,
2076 3561 2135 3580 non
2156 3559 2253 3581 tamen
2274 3553 2393 3582 credidit
2414 3554 2494 3590 quod

1439 3593 1517 3619 Deus
1538 3601 1598 3620 non
1619 3592 1654 3619 sit
1676 3596 1760 3620 causa
1781 3591 1893 3619 essendi
1914 3591 1967 3627 ipsi
1989 3592 2109 3620 mundo.
