2950 4004
243 2914 253 2923 ⁸
268 2913 329 2934 Lect.
346 2918 369 2934 η.

243 3073 253 3083 ⁴
261 3071 424 3099 praetermisit
435 3077 455 3091 P.

247 3178 255 3187 ‘
270 3178 332 3199 Lect.
349 3183 372 3203 ιι,
388 3183 409 3199 n.
424 3184 447 3203 4.

247 3230 257 3241 ⁶
271 3230 329 3251 lbid.
346 3235 367 3251 n.
383 3236 401 3257 5.

250 3439 260 3450 ⁶
275 3438 333 3460 thid.
349 3444 371 3460 n.
386 3444 406 3465 7.

483 279 553 316 170

1104 268 1451 306 PHYSICORUM
1477 270 1826 307 ARISTOTELIS
1856 271 1950 308 LlB.
1982 272 2032 309 IV

1228 492 1529 549 LECTIO
1569 494 1905 551 OCTAVA

689 643 746 674 EX
769 643 965 674 TRADITA
987 642 1267 674 DEFINITIONE
1291 643 1392 675 LOCI
1417 644 1681 677 SOLVUNTUR
1703 646 2024 679 DUBITATIONES
2048 648 2172 680 LECT.
2198 649 2225 679 11
2248 648 2447 689 POSITAE,

1065 703 1124 734 ET
1147 703 1419 736 ASSIGNATUR
1441 705 1577 736 RATIO
1600 706 1941 739 PROPRIETATUM
1964 708 2066 740 LOCI

474 837 623 881 Φανερόν
643 832 672 869 δ’
696 837 731 869 ἐκ.
755 836 889 870 τούτων
916 836 969 870 ὅτι
990 838 1048 868 καὶ
1067 839 1101 869 αἱ
1122 837 1262 881 ἀπορίαι
1280 839 1390 870 πᾶσαι
1407 838 1535 871 λύοιντ’

544 881 582 914 ἂν
609 880 698 914 οὕτω
722 880 906 928 λεγομένου
932 882 994 914 τοῦ
1020 880 1142 913 τόπου.
1178 881 1266 914 Οὔτε
1291 883 1355 928 γάρ
1380 882 1542 924 συναύξε-

542 926 619 958 σθαι
647 924 778 972 ἀνάγκη
805 926 864 958 τὸν
890 925 1012 967 τόπον,
1033 925 1112 958 οὗτε
1136 926 1283 972 στιγμῆς
1308 923 1394 958 εἶναι
1416 925 1538 968 τόπον,

543 971 623 1003 οὔτε
647 966 708 1002 δύο
733 969 880 1013 σώματα
903 971 935 1002 ὲν
954 971 1002 1011 τῷ
1024 970 1118 1011 αὐτῷ’
1137 969 1245 1012 τόπῳ,
1266 969 1345 1003 οὔτε
1362 965 1542 1014 διάστημά

543 1026 576 1047 τι
602 1012 687 1047 εἶναι
711 1013 919 1059 σωματικόν.
955 1015 1056 1058 Σῶμα
1081 1013 1145 1060 γὰρ
1171 1013 1212 1046 τὸ
1236 1014 1369 1057 μεταξύ
1394 1016 1457 1047 τοῦ
1483 1014 1542 1048 τό-

542 1071 606 1091 που
632 1059 673 1091 τό
691 1058 811 1104 τυχόν,
832 1059 904 1091 ἀλλ’
926 1059 964 1090 οὗ
982 1054 1162 1101 διάστημα
1178 1057 1350 1103 σώματος·
1368 1060 1427 1091 καὶ
1448 1059 1539 1091 ἐ’στιν

544 1105 559 1135 ὀ
585 1102 691 1140 τόπος
716 1104 774 1134 καὶ
800 1104 884 1144 ποῦ,
911 1103 975 1148 οὐχ
999 1104 1041 1141 ὠς
1067 1103 1099 1134 ἑν
1125 1102 1221 1144 τόπῳ
1245 1097 1303 1144 δέ,
1332 1103 1403 1136 ἀλλ’
1432 1104 1473 1141 ὡς
1500 1103 1540 1136 τό

542 1146 646 1191 πέρας
679 1148 710 1179 ὲν
738 1148 785 1188 τῷ
817 1146 1071 1202 πεπερασμένῳ.
1108 1147 1154 1178 Οὐ
1178 1147 1243 1194 γοὶρ
1274 1148 1341 1179 πᾶν
1374 1147 1415 1179 τὸ
1446 1146 1480 1179 ὃν
1507 1149 1540 1180 ἑν

543 1191 658 1233 τόπῳ,
687 1191 776 1224 ἀλλά.
801 1191 842 1224 τὸ
866 1202 1003 1229 κινητον
1029 1191 1136 1235 σῶμα.

474 1237 540 1268 Καὶ
565 1235 704 1280 φέρεται
726 1231 769 1272 δή
788 1237 831 1273 εἰς
851 1236 910 1268 τόν
938 1237 1048 1268 αὐτοῦ
1074 1234 1182 1267 τόπον
1208 1235 1352 1267 ἕκαστον
1379 1234 1539 1282 εὐλόγως·

543 1280 559 1312 ὃ
584 1280 648 1326 γάρ
674 1279 791 1325 ἐφεξῆς
815 1282 874 1312 καὶ
903 1279 1095 1324 ἀπτόμενον
1121 1279 1166 1323 μή
1193 1279 1265 1320 βίᾳ,
1291 1278 1462 1325 συγγενές·
1483 1280 1541 1311 καὶ

542 1324 786 1370 συμπεφυκότα
818 1324 878 1368 μὲν
906 1323 1046 1364 ἀπαθῆ,
1082 1322 1262 1367 ἁπτόμενα
1294 1318 1332 1355 δὲ
1364 1321 1543 1360 παθητικοὶ

541 1370 598 1400 καὶ
625 1369 791 1406 ποιητικαὶ
817 1368 986 1405 ἀλλήλων.

475 1459 542 1490 Καὶ
566 1456 657 1500 μένει
684 1452 726 1493 δή
757 1456 852 1500 φύσει
883 1457 950 1488 πᾶν
982 1455 1016 1487 ἐν
1050 1456 1098 1495 τῷ
1130 1455 1235 1495 οἰκείῳ
1267 1453 1362 1494 τόπῳ
1395 1453 1541 1486 ἕκαστον

544 1501 602 1533 οὐκ
629 1500 774 1547 ἀλόγως·
799 1502 857 1533 καὶ
881 1501 945 1546 γαῖρ
965 1500 1006 1532 τό
1028 1498 1125 1542 μέρος
1144 1493 1223 1530 τόδε
1244 1496 1276 1529 ἑν
1297 1497 1359 1539 ὅλῳ
1378 1498 1426 1538 τῷ
1445 1496 1541 1538 τόπῳ

543 1546 583 1582 ὠς
609 1541 778 1589 διαιρετὸν
804 1545 899 1589 μέρος
926 1543 1005 1588 πρὸς
1025 1544 1099 1574 ὅλον
1122 1541 1226 1582 ἐστίν,
1248 1543 1328 1582 οἷον,
1353 1540 1438 1573 ὅταν
1461 1536 1544 1573 ὕδα-

543 1600 601 1627 τος
626 1589 746 1630 κινήσῃ
780 1601 830 1626 τις
862 1587 974 1632 μόριον
1001 1586 1021 1622 ἦ
1049 1586 1158 1628 ἀέρος.
1195 1585 1293 1618 Οὕτω
1326 1582 1445 1617 δὲκαὶ
1479 1585 1543 1631 ἀήρ

545 1633 613 1677 ἔχει
639 1623 844 1676 πρόςιῦὃωρ·
873 1633 940 1664 οἷον
967 1630 1028 1668 ὕλη
1054 1630 1138 1676 γάρ,
1166 1629 1207 1662 τό
1233 1625 1270 1662 δὲ
1295 1625 1396 1671 εἶδος,
1423 1629 1464 1662 τό
1483 1630 1541 1672 μὲν

544 1676 630 1722 ὕδωρ
658 1677 717 1714 ὕλη
746 1676 854 1718 ἀέρος,
875 1677 891 1709 ὁ
913 1671 940 1707 δ’
966 1675 1030 1718 ἀνὶρ
1058 1675 1124 1706 οἷον
1151 1674 1302 1719 ἐνέργειά
1326 1685 1376 1712 τις
1402 1674 1542 1706 ἐκείνου·

543 1722 584 1754 τὸ
608 1721 672 1768 γάρ
699 1716 784 1765 ὕδωρ
810 1716 950 1765 δυνάμει
979 1719 1043 1763 ἀήρ
1069 1719 1182 1760 ἐστιν,
1211 1721 1227 1750 ὁ
1253 1715 1281 1750 δ’
1313 1719 1376 1762 ἀτὶρ
1401 1714 1542 1762 ὃυνοίμει

544 1762 628 1798 &Sum
649 1767 750 1798 ἄλλον
769 1779 790 1798 τ
813 1765 908 1797 όπον.
936 1763 1126 1808 Διοριστέον
1143 1759 1180 1795 δὲ
1198 1764 1272 1806 περὶ
1290 1762 1423 1795 τούτων
1446 1762 1543 1794 ὔστε-

562 1798 722 1852 ον,“ἀλλοί
745 1806 804 1842 δια
821 1809 880 1842 τὸν
900 1809 1016 1850 καιρὸν
1039 1807 1170 1853 ἀνάγκη
1189 1807 1248 1851 μέν
1268 1807 1388 1848 εἰπεῖν,
1408 1807 1543 1848 ἀσαφῶς

541 1822 580 1888 ἑὲ
596 1856 652 1886 νῦν
677 1854 772 1899 ῥηθὲν
791 1853 866 1886 τότ’
889 1853 986 1885 ἔσται
1013 1851 1233 1896 σαφέστερον.
1261 1851 1298 1882 Εἰ
1319 1849 1374 1883 οὖν
1393 1851 1435 1882 τὰ
1454 1850 1543 1883 αὐτό

544 1902 564 1937 ἡ
592 1898 652 1936 ὕλη
677 1900 736 1930 καὶ
762 1899 782 1935 ἡ
808 1897 1005 1942 ἐντελέχεια
1029 1892 1137 1940 (ὕδωρ
1161 1895 1225 1941 γάρ
1253 1895 1364 1947 ἄμφω,
1386 1895 1477 1927 ἀλλά
1502 1894 1544 1927 τὰ

544 1943 602 1988 μὲν
628 1939 788 1987 δυνάμει,
816 1942 857 1974 τό
882 1936 920 1973 δὲ
946 1940 1173 1985 ἐντελεχείᾳ),
1202 1940 1273 1984 ἔχοι
1300 1942 1338 1972 ἀν
1363 1940 1403 1977 ὠς
1429 1938 1543 1982 μόριόν

545 2000 612 2024 πως
639 1987 718 2032 πρὸς
746 1985 835 2018 ὅλον.
864 1985 920 2017 Διὸ
944 1986 1003 2016 καὶ
1028 1984 1165 2021 τούτοις
1192 1985 1260 2026 ἁφή
1279 1983 1366 2016 ἐστι·
1385 1983 1545 2028 σύμφυσις

544 2028 594 2073 δέ,
622 2031 706 2064 ὅταν
734 2031 830 2074 α”μφω
857 2030 1005 2076 ἐνεργείᾳ
1032 2030 1063 2061 ἓν
1089 2031 1267 2075 γένωνται.
1295 2029 1360 2059 Καὶ
1386 2030 1459 2071 περὶ
1485 2028 1544 2073 μέν

545 2076 668 2117 τόπου,
693 2077 751 2107 καὶ
778 2075 831 2107 ὅτι
858 2074 930 2107 ἔστι
954 2076 1011 2105 καὶ
1038 2075 1071 2105 τί
1098 2074 1202 2114 ἐστιν,
1229 2074 1374 2116 εἴρηται.

537 2184 677 2211 SYNOPSIS
693 2198 727 2203 ——
749 2191 772 2209 1.
787 2181 1007 2218 Argumentum.
1023 2196 1042 2200 —
1056 2187 1083 2207 2.
1099 2180 1165 2207 Non
1181 2184 1295 2215 oportet
1317 2179 1476 2206 secundum
1492 2178 1541 2205 de-

477 2223 639 2252 finitionem
653 2221 709 2249 loci
720 2220 853 2249 traditam
868 2219 990 2248 lectione
1000 2228 1030 2247 VI
1040 2221 1131 2254 (num.
1151 2219 1207 2254 16),
1218 2219 1298 2255 quod
1309 2218 1390 2246 locus
1404 2226 1542 2254 augmen-

477 2270 560 2298 tetur,
583 2271 704 2298 corpore
725 2266 927 2297 augmentat03
949 2260 1000 2287 sed
1021 2260 1077 2286 hoe
1091 2258 1228 2295 sequitur,
1250 2257 1273 2285 si
1294 2264 1474 2294 supponatur
1499 2257 1542 2284 lo-

478 2313 528 2331 cus
556 2311 617 2330 esse
641 2301 765 2337 spatium
789 2306 974 2328 coextensum
999 2298 1228 2326 dimensionibus
1250 2297 1388 2333 corporis.
1409 2313 1428 2317 —
1450 2297 1475 2324 3.
1500 2297 1542 2324 Ex

477 2343 580 2371 eadem
595 2340 799 2377 imaginatione
810 2339 890 2376 quod
900 2339 980 2366 locus
995 2344 1069 2366 esset
1083 2337 1206 2374 spatium
1222 2343 1414 2373 coaequatum
1430 2337 1542 2364 dlmen-

478 2381 608 2410 sionibus
629 2379 766 2416 corporis,
782 2379 960 2415 respondens
975 2377 1090 2406 cuilibet
1105 2376 1279 2405 dimensioni
1293 2383 1321 2404 et
1335 2375 1450 2404 cuilibet
1467 2385 1541 2412 pun-

478 2428 544 2456 cto,
569 2421 743 2457 procedebat
769 2424 970 2456 argumentum
1002 2418 1083 2454 quod
1107 2417 1187 2445 locus
1210 2416 1310 2453 puncti
1331 2422 1405 2444 esset
1426 2415 1503 2443 aliud
1525 2424 1542 2443 a

477 2467 595 2499 puncto,
612 2460 635 2488 si
655 2460 736 2487 locus
757 2458 886 2494 corporis
908 2464 950 2486 est
971 2457 1049 2485 aliud
1063 2466 1080 2484 a
1101 2465 1232 2493 corpore.
1248 2473 1267 2477 -
1280 2465 1308 2491 4.
1325 2455 1460 2484 Similiter
1481 2464 1541 2483 non

478 2500 621 2537 sequitur,
644 2499 666 2527 si
687 2500 768 2527 locus
789 2504 914 2534 ponatur
934 2506 996 2525 esse
1013 2496 1153 2524 terminus
1174 2495 1358 2530 continentis,
1379 2495 1460 2532 quod
1481 2495 1540 2539 duo

479 2549 602 2577 corpora
623 2539 679 2567 sint
701 2538 730 2566 in
752 2539 854 2566 eodem
876 2538 958 2572 loco,
974 2546 1027 2564 nec
1048 2537 1127 2573 quod
1149 2536 1223 2564 inter
1244 2535 1434 2563 extremitates
1448 2541 1541 2562 conti-

478 2580 572 2608 nentis
602 2579 637 2607 sit
658 2578 776 2615 aliquod
798 2578 921 2614 spatium
943 2586 1116 2613 corporeum
1149 2575 1277 2603 medium
1302 2581 1415 2611 praeter
1435 2583 1540 2610 corpus

479 2625 656 2648 contentum.
671 2634 690 2638 -
708 2619 732 2646 5.
755 2619 814 2646 Nec
835 2617 963 2654 sequitur
977 2617 1057 2653 quod
1079 2615 1165 2644 etiam
1186 2615 1267 2643 locus
1282 2615 1318 2642 sit
1332 2615 1362 2642 in
1383 2615 1458 2642 loco.
1474 2615 1540 2641 Non

480 2660 557 2688 enim
579 2667 666 2687 omne
694 2658 773 2694 quod
795 2664 850 2692 est,
873 2663 914 2684 est
935 2656 965 2684 in
986 2656 1083 2692 aliquo
1108 2655 1180 2683 sicut
1201 2655 1231 2682 in
1251 2655 1334 2690 loco,
1357 2655 1407 2682 sed
1427 2659 1540 2698 tantum

481 2708 584 2736 corpus
613 2698 728 2726 mobile.
757 2698 852 2725 Locus
880 2703 976 2724 autem
1000 2702 1042 2724 est
1069 2695 1099 2723 in
1126 2703 1248 2731 corpore
1276 2693 1441 2723 continente
1468 2699 1541 2721 s1cut

616 2804 924 2847 ,.-A,·ostquam
961 2797 1218 2845 Philosophus
1255 2794 1419 2832 ostendit
1455 2794 1546 2843 quid

616 2846 663 2876 Τ
703 2850 734 2899 <7²
748 2852 793 2888 sit
811 2850 1002 2898 locus,hic
1027 2863 1071 2886 ex
1092 2848 1311 2886 definitione
1332 2848 1418 2885 data
1436 2847 1547 2885 solvit

722 2904 1002 2951 dubitationes
1023 2915 1137 2952 supra
1157 2903 1176 2923 ²⁸
1204 2901 1346 2951 positas
1376 2902 1424 2938 de
1447 2902 1544 2937 loco.

564 2988 572 2992 „
637 2985 643 2998 x
694 2947 731 2984 ’ΛΨ
751 2959 918 2994 Fuerunt
946 2964 1074 2994 autem
1094 2967 1208 3004 supra
1235 2954 1381 3004 positae
1405 2966 1470 2991 sex
1489 2966 1546 2990 ra-

484 3011 605 3048 tiones
634 3011 682 3047 ad
703 3010 983 3047 ostendendum
1002 3010 1131 3046 locum
1152 3021 1230 3045 non
1250 3020 1353 3053 esse;
1385 3019 1546 3056 quarum

486 3065 579 3101 duas
598 3063 856 3113 praetermittit
875 3066 906 3110 ³⁹,
928 3063 1029 3099 illam
1058 3062 1197 3098 scilicet
1222 3061 1260 3098 in
1281 3073 1356 3110 qua
1384 3060 1546 3109 inquire—

485 3118 595 3154 batur
621 3124 749 3153 utrum
778 3117 882 3153 locus
918 3123 1014 3152 esset
1048 3116 1279 3151 elementum
1307 3114 1370 3150 vel
1400 3126 1444 3150 ex
1473 3114 1546 3150 ele-

486 3169 622 3207 mentis
637 3171 668 3216 ⁴⁵,
687 3176 722 3206 et
742 3169 876 3206 iterum
892 3168 993 3205 illam
1013 3168 1051 3204 in
1066 3181 1140 3217 qua
1156 3167 1424 3204 ostendebatur
1443 3166 1547 3215 quod

486 3223 534 3260 ad
562 3223 706 3259 nullum
734 3234 852 3269 genus
882 3233 1015 3258 causae
1044 3221 1150 3258 locus
1178 3220 1378 3257 reducatur
1408 3221 1447 3256 *τ
1469 3232 1547 3256 non

487 3276 588 3312 enirn
617 3288 639 3312 a
657 3275 886 3324 ponentibus
915 3275 1055 3321 locum,
1085 3274 1138 3310 sic
1164 3273 1318 3322 ponitur
1345 3273 1452 3322 quasi
1473 3273 1546 3309 ele-

487 3337 658 3365 mentum
677 3329 739 3365 vel
760 3340 873 3365 causa
900 3339 1038 3364 rerum.
1068 3327 1180 3364 Unde
1206 3325 1291 3363 facit
1311 3325 1546 3362 mentionem

488 3382 612 3417 solum
646 3381 693 3417 de
722 3388 883 3429 quatuor
917 3379 1086 3417 residuis.

543 3445 576 3469 2.
599 3433 770 3479 Quarum
807 3445 882 3470 una
917 3440 995 3469 erat
1029 3434 1059 3479 ²¹²,
1085 3431 1190 3481 quod
1219 3443 1307 3468 cum
1335 3431 1441 3468 locus
1469 3443 1547 3468 non

490 3484 637 3521 deesset
665 3485 814 3533 corpori
837 3498 908 3522 nec
928 3497 1065 3533 corpus
1089 3486 1186 3532 loco,
1214 3484 1414 3521 videbatur
1441 3483 1547 3532 sequi

1593 842 1610 860 ’¹‘
1631 842 1836 874 Manifestum
1852 851 1958 875 autem
1974 855 2011 876 ex
2025 845 2073 876 his
2090 845 2244 888 quoniam
2267 852 2297 877 et
2316 846 2527 878 dubitationes
2543 857 2655 878 omnes
2681 858 2694 870 ¹·
2708 857 2762 886 Seq.
2776 863 2827 887 cup.
2842 864 2866 881 v.
2902 846 2911 859 ’Υ

1661 887 1846 926 solvuntur,
1871 888 1914 920 sic
1938 889 2048 930 utique
2078 890 2162 920 dicto
2193 889 2276 921 loco.
2301 891 2413 932 Neque
2445 891 2531 922 enim
2561 891 2656 922 simul
2681 883 2749 906 Text.
2763 889 2802 912 ⁴⁷·

1660 932 1855 971 augmentari
1869 942 1995 963 necesse
2010 940 2056 964 est
2071 933 2191 972 locum,
2207 943 2311 975 neque
2326 934 2436 975 puncti
2452 945 2519 966 esse
2533 935 2655 975 locum,

1660 985 1764 1016 neque
1787 975 1852 1006 duo
1877 987 2010 1017 corpora
2024 977 2057 1008 in
2074 978 2187 1008 eodem
2209 977 2294 1017 loco,
2318 988 2421 1019 neque
2444 979 2582 1019 spatium
2601 980 2655 1010 ali-

1661 1019 1750 1060 quod
1777 1029 1842 1050 esse
1874 1031 2074 1061 corporeum.
2095 1021 2221 1062 Corpus
2252 1021 2337 1052 enim
2361 1029 2407 1053 est
2429 1023 2572 1054 medium
2594 1023 2658 1054 loci

1661 1063 1807 1104 quodviS‚
1826 1065 1880 1094 sed
1896 1075 1962 1095 non
1978 1065 2116 1104 spatium
2135 1066 2286 1105 eorporis.
2307 1065 2348 1096 Et
2364 1072 2411 1096 est
2424 1066 2515 1097 locus
2531 1067 2656 1107 alicubi,

1661 1117 1727 1138 non
1751 1107 1830 1138 sicut
1848 1108 1881 1138 in
1904 1108 1977 1139 loco
2001 1115 2119 1147 autem,
2139 1109 2194 1141 sed
2217 1108 2297 1139 sicut
2319 1109 2472 1140 terminus
2495 1109 2528 1140 in
2550 1109 2656 1142 finito:

1661 1161 1727 1182 non
1760 1151 1846 1181 enim
1877 1162 1974 1182 omne
2006 1153 2095 1193 quod
2119 1160 2181 1191 est,
2212 1152 2245 1182 in
2268 1152 2341 1183 loco
2365 1159 2429 1192 est,
2453 1154 2508 1184 sed
2539 1154 2659 1185 mobile

1662 1205 1786 1235 corpus.

1594 1239 1612 1258 *
1627 1239 1667 1269 Et
1690 1239 1787 1269 fertur
1802 1238 1896 1278 igitur
1918 1239 1951 1270 in
1970 1239 2019 1269 sui
2035 1239 2134 1280 ipsius
2157 1239 2266 1270 locum
2281 1241 2538 1283 unumquodque
2565 1241 2659 1273 ratio-

1661 1282 1814 1313 nabiliter.
1832 1283 1894 1314 Cui
1923 1283 2009 1313 enim
2032 1290 2270 1324 consequenter,
2287 1290 2318 1315 et
2333 1285 2422 1326 quod
2439 1285 2577 1326 tangitur
2592 1295 2659 1317 non

1661 1326 1703 1363 vi,
1719 1325 1902 1366 proximum
1919 1333 1973 1357 est.
1998 1327 2039 1357 Et
2059 1326 2155 1357 simul
2176 1333 2248 1368 apta
2264 1334 2336 1359 nata
2358 1328 2561 1369 impassibilia
2575 1336 2658 1361 sunt.

1662 1370 1753 1407 Quae
1785 1379 1860 1400 vero
1895 1373 2086 1410 tanguntur,
2111 1377 2142 1402 et
2175 1370 2275 1402 activa
2307 1378 2338 1403 et
2368 1372 2492 1413 passiva
2514 1379 2588 1404 sunt
2619 1373 2661 1404 ad

1662 1423 1808 1444 mvxcem.

1666 1464 1774 1488 manet
1805 1457 1899 1497 igitur
1931 1465 2043 1489 natura
2074 1458 2107 1488 in
2137 1458 2267 1499 proprio
2296 1459 2370 1490 loco
2403 1460 2660 1502 unumquodque

1663 1501 1896 1532 rationabiliter.
1923 1502 1965 1533 Et
1984 1512 2123 1544 namque
2146 1502 2222 1534 haec
2241 1513 2313 1544 pars
2335 1503 2368 1534 in
2391 1510 2460 1535 toto
2487 1504 2561 1535 loco
2580 1504 2661 1536 sicut

1663 1545 1823 1576 divisibilis
1852 1555 1922 1586 pars
1952 1546 1992 1576 ad
2022 1553 2126 1577 toturn
2154 1554 2215 1586 est3
2245 1554 2282 1578 ut
2311 1557 2386 1578 cum
2415 1558 2515 1589 aquae
2547 1547 2661 1590 aliquis

1664 1596 1790 1620 moveat
1805 1596 1908 1630 partes
1931 1596 1986 1621 aut
2008 1589 2095 1621 aeris.
2114 1590 2132 1610 *
2148 1590 2198 1622 Sic
2216 1598 2323 1622 autem
2342 1598 2372 1622 et
2391 1601 2442 1623 aer
2461 1602 2493 1623 se
2512 1592 2606 1624 habet
2620 1593 2662 1623 ad

1664 1641 1790 1674 aquarn:
1807 1640 1842 1664 ut
1853 1633 1982 1664 materia
1998 1634 2094 1673 enim,
2103 1634 2153 1665 hic
2165 1641 2272 1666 autem
2286 1635 2419 1676 species;
2435 1646 2518 1677 aqua
2529 1637 2661 1678 quidem

1663 1677 1793 1708 materia
1809 1677 1898 1715 aeris,
1909 1688 1960 1708 aer
1974 1685 2082 1709 autem
2096 1677 2176 1710 sicut
2190 1685 2277 1710 actus
2293 1679 2424 1720 quidam
2439 1680 2550 1721 ipsius.
2565 1683 2661 1722 Aqua

1665 1721 1750 1751 enirn
1773 1721 1914 1762 potentia
1937 1731 1988 1752 aer
2011 1729 2072 1761 est,
2096 1732 2148 1753 aer
2170 1733 2246 1754 vero
2270 1724 2412 1764 potentia
2434 1731 2481 1755 est
2500 1734 2583 1766 aqua
2597 1725 2660 1757 alio

1663 1766 1772 1796 modo.
1804 1765 2089 1797 Determinandum
2119 1773 2226 1798 autern
2256 1768 2294 1798 de
2323 1767 2372 1798 his
2404 1768 2561 1808 posterius
2593 1775 2658 1808 est,

1665 1809 1718 1839 sed
1738 1815 1866 1850 propter
1889 1815 2015 1849 tempus
2046 1820 2171 1841 necesse
2195 1811 2325 1852 quidem
2343 1818 2390 1843 est
2409 1811 2529 1843 dicere:
2545 1812 2662 1844 incerte

1665 1859 1772 1883 autem
1795 1862 1880 1883 nunc
1907 1853 2045 1892 dictum,
2069 1860 2144 1884 tunc
2168 1854 2225 1885 erit
2250 1855 2373 1886 certius.
2398 1855 2430 1886 Si
2454 1855 2549 1896 igitur
2575 1856 2662 1888 idem

1665 1897 1793 1927 materia
1809 1904 1839 1927 et
1855 1903 1942 1928 actus
1954 1895 2055 1940 (aqua
2065 1897 2150 1928 enim
2160 1905 2207 1929 est
2219 1905 2369 1939 utraque;
2386 1899 2441 1930 sed
2453 1899 2515 1930 hoc
2530 1899 2662 1941 quidem

1665 1941 1817 1981 potentia,
1833 1941 1914 1975 illud
1935 1951 2011 1972 vero
2034 1940 2142 1984 actu),
2166 1952 2199 1973 se
2214 1942 2340 1973 habebit
2358 1943 2470 1983 utique
2491 1943 2572 1975 sicut
2589 1953 2661 1984 pars

1665 1985 1906 2026 quodammodo
1931 1985 1972 2015 ad
1994 1991 2109 2017 totum.
2134 1986 2227 2017 Unde
2251 1993 2281 2017 et
2296 1986 2344 2017 his
2363 1993 2464 2018 tactus
2486 1987 2583 2019 inest:
2607 1997 2661 2019 co·

1666 2029 1787 2069 pulatio
1811 2035 1917 2059 autem
1950 2039 2023 2060 cum
2054 2037 2186 2071 utraque
2210 2037 2281 2061 actu
2310 2040 2414 2062 unum
2442 2030 2527 2062 fiant.
2558 2031 2600 2063 Et
2622 2031 2661 2064 de

1666 2073 1739 2103 loco
1763 2073 1910 2114 quidem,
1927 2080 1958 2104 et
1973 2074 2127 2114 quoniam
2146 2081 2206 2113 est,
2231 2081 2261 2105 et
2283 2074 2361 2115 quid
2385 2081 2440 2114 est,
2461 2075 2581 2115 dictum
2603 2081 2659 2107 est.

1597 1457 1637 1488 Et

1596 2177 1735 2205 terminus
1757 2177 1787 2205 in
1808 2177 1905 2214 aliqua
1926 2186 1956 2205 re
1971 2177 2060 2205 finita.
2076 2194 2096 2199 -
2117 2179 2144 2205 6.
2166 2179 2208 2206 Ex
2228 2178 2374 2214 praedicta
2394 2178 2561 2207 definitione
2581 2179 2662 2208 colli-
2701 2196 2703 2198 -

1596 2217 1671 2253 gitur
1692 2217 1764 2244 ratio
1786 2216 1993 2253 proprietatum
2015 2217 2081 2245 loci.
2102 2218 2176 2245 Nam
2197 2217 2221 2245 si
2242 2218 2323 2246 locus
2345 2224 2387 2246 est
2407 2218 2547 2247 terminus
2568 2218 2662 2248 conti·

1596 2256 1698 2291 nentis,
1714 2256 1919 2284 rationabiliter
1934 2256 2095 2294 assignatur
2108 2266 2192 2285 causa
2214 2267 2303 2294 quare
2322 2259 2542 2296 unumquodque
2556 2267 2663 2297 corpus

1591 2297 1716 2334 seratur
1737 2296 1774 2324 ad
1791 2296 1947 2334 proprium
1964 2297 2068 2324 Iocum.
2085 2296 2256 2325 Proximitas
2270 2297 2348 2325 enim
2369 2304 2488 2326 naturae
2510 2297 2585 2327 inter
2598 2307 2664 2327 cor-

1595 2345 1650 2372 pus
1671 2335 1823 2364 continens
1844 2342 1872 2364 et
1890 2342 2059 2374 contentum
2079 2342 2122 2364 est
2143 2345 2238 2370 causa,
2261 2346 2350 2374 quare
2369 2346 2474 2374 corpus
2495 2338 2663 2367 naturaliter

1595 2381 1728 2403 movetur
1750 2376 1787 2403 ad
1808 2385 1893 2403 suum
1914 2376 2029 2404 locum:
2052 2376 2157 2413 gradus
2175 2376 2253 2404 enim
2273 2376 2447 2405 naturalium
2468 2377 2601 2406 locorum
2616 2386 2662 2407 re-

1595 2416 1718 2451 spondet
1743 2415 1844 2452 gradui
1872 2421 2047 2443 naturarum.
2077 2416 2134 2443 Sed
2162 2416 2233 2444 haec
2267 2425 2329 2444 non
2358 2416 2433 2444 valet
2463 2417 2487 2445 si
2514 2417 2596 2446 locus
2626 2417 2663 2446 sit

1595 2454 1719 2491 spatium
1741 2461 1913 2491 separatum,
1939 2454 2006 2491 quia
2027 2454 2057 2482 in
2078 2454 2307 2484 dimensionibus
2331 2455 2414 2492 spatii
2439 2456 2577 2493 separatis
2597 2457 2662 2486 nul-

1595 2494 1638 2522 lus
1665 2495 1739 2522 ordo
1767 2500 1886 2522 naturae
1914 2494 2089 2522 considerari
2114 2501 2217 2531 potest.
2240 2511 2259 2516 —
2281 2504 2307 2532 7.
2336 2495 2427 2523 Simili
2453 2496 2489 2524 de
2510 2505 2596 2525 causa
2616 2506 2662 2525 ra-

1594 2534 1768 2562 tionabiliter
1792 2533 1894 2562 accidit
1921 2534 2002 2570 quod
2033 2542 2158 2572 corpora
2179 2534 2354 2563 naturaliter
2374 2535 2520 2572 quiescant
2548 2536 2577 2564 in
2602 2535 2663 2566 suis

1595 2574 1682 2602 Iocis.-
1706 2573 1774 2610 quia
1798 2583 1903 2610 corpus
1931 2574 2058 2602 locatum
2086 2582 2116 2601 se
2142 2574 2229 2602 habet
2255 2575 2293 2602 ad
2316 2583 2422 2611 corpus
2450 2575 2602 2604 continens
2629 2583 2662 2604 ut

1595 2614 1737 2650 quaedam
1758 2622 1833 2649 pars,
1856 2612 1946 2641 divisa
1965 2619 2072 2648 tamen,
2087 2613 2124 2641 ad
2146 2620 2250 2652 totum.
2265 2614 2345 2642 Sicut
2358 2614 2443 2651 igitur
2458 2624 2525 2651 pars
2545 2621 2662 2644 natura·

1593 2652 1657 2681 liter
1677 2652 1798 2689 quiescit
1818 2652 1849 2680 in
1869 2659 1943 2687 toto,
1966 2652 2006 2680 ita
2027 2659 2055 2681 et
2084 2653 2250 2682 naturaliter
2273 2663 2378 2691 corpus
2399 2653 2520 2691 quiescit
2550 2654 2581 2683 in
2607 2665 2662 2684 suo

1594 2693 1659 2721 loco
1687 2692 1818 2720 naturali.
1839 2707 1858 2712 —
1879 2692 2026 2729 Epilogus.

1601 2793 1706 2844 quod
1743 2801 1984 2842 augmentato
2026 2806 2206 2843 corpore,
2245 2803 2509 2843 augmentetur
2544 2796 2662 2835 locus.

1602 2847 1679 2885 Sed
1710 2848 1785 2884 hoc
1817 2847 1986 2896 sequitur
2018 2847 2049 2884 si
2077 2855 2312 2896 supponatur
2347 2849 2452 2897 quod
2479 2849 2586 2886 locus
2618 2849 2664 2886 sit

1600 2900 1764 2949 spatium
1784 2900 1982 2948 quoddam
2003 2907 2247 2937 coextensum
2264 2900 2565 2939 dimensionibus
2580 2913 2662 2938 cor-

1599 2953 1714 3002 poris,
1743 2960 1785 2990 ut
1812 2953 2036 3001 intelligatur
2068 2953 2158 2990 illud
2185 2954 2350 3002 spatium
2379 2966 2558 3002 crescere,
2584 2966 2662 2991 cre-

1601 3013 1727 3043 scente
1752 3018 1922 3055 corpore.
1949 3005 2027 3042 Sed
2054 3006 2129 3042 hoc
2157 3019 2235 3043 non
2263 3014 2319 3043 est
2346 3019 2501 3044 necesse
2530 3019 2662 3044 secun-

1601 3059 1694 3097 dum
1729 3058 1990 3096 definitionem
2030 3059 2262 3107 praedictam
2289 3061 2310 3082 *
2337 3058 2384 3096 de
2412 3060 2519 3107 loco,
2557 3059 2663 3109 quod

1600 3112 1646 3150 sit
1677 3112 1860 3149 terminus
1895 3111 2130 3149 continentis.

1655 3166 1689 3203 3.
1710 3165 1794 3202 Alia
1823 3165 1917 3202 ratio
1947 3164 2014 3201 fuit
2033 3165 2065 3211 *,
2086 3164 2191 3214 quod
2219 3165 2253 3202 si
2280 3165 2386 3202 locus
2410 3166 2579 3214 corporis
2608 3173 2664 3204 est

1601 3219 1702 3256 aliud
1721 3230 1743 3255 a
1768 3230 1939 3267 corpore,
1961 3218 2066 3267 quod
2086 3217 2198 3255 etiam
2218 3218 2324 3264 locus
2347 3218 2477 3267 puncti
2497 3218 2543 3256 sit
2562 3218 2663 3257 aliud

1601 3285 1623 3309 a
1650 3278 1810 3321 puncto:
1831 3283 1948 3320 quare
1977 3283 2055 3308 non
2082 3270 2282 3308 videbatur
2309 3271 2488 3320 possibile
2513 3277 2531 3293 ·‘
2559 3273 2663 3322 quod

1601 3326 1707 3362 locus
1735 3324 1781 3361 sit
1808 3324 1909 3361 aliud
1937 3336 1959 3360 a
1987 3336 2158 3373 corpore,
2180 3336 2267 3361 cum
2297 3324 2402 3362 locus
2430 3324 2559 3373 puncti
2584 3336 2663 3362 non

1601 3378 1646 3415 sit
1665 3377 1766 3414 aliud
1791 3390 1814 3414 a
1832 3384 1986 3426 puncto.
2009 3377 2085 3414 Sed
2113 3377 2208 3414 haec
2227 3377 2341 3414 etiarn
2370 3377 2463 3415 ratio
2491 3377 2663 3426 procedit

1602 3431 1814 3468 secundum
1841 3429 2149 3478 imaginationem
2170 3442 2303 3467 eorum
2327 3430 2391 3479 qui
2412 3430 2663 3480 opinabantur

1602 3485 1730 3521 locum
1766 3495 1847 3520 esse
1876 3483 2039 3532 spatium
2075 3491 2327 3532 coaequatum
2363 3482 2662 3521 dimensionibus

545 3605 572 3638 α)
593 3612 675 3638 quare
694 3613 744 3630 non
766 3606 904 3631 videbatur
918 3606 1052 3638 possibile.
1067 3620 1085 3626 -
1100 3607 1150 3631 Pro
1170 3613 1259 3639 quare,
1279 3606 1342 3639 quia
1361 3606 1394 3638 0,
1413 3605 1484 3638 quod
1503 3610 1550 3631 cet.
1570 3611 1595 3630 et
1613 3613 1638 3631 a.
1650 3619 1669 3625 ·-
1681 3606 1738 3631 Lin.
1751 3613 1808 3638 seq.
1827 3613 1886 3631 cum
1935 3612 1952 3630 a
1966 3608 2068 3638 puncto
2086 3612 2139 3630 om.
2154 3605 2228 3630 codd.

2685 1249 2778 1274 ‘Texe
2791 1250 2832 1279 48.

2686 1597 2698 1609 ⁸
2711 1597 2779 1620 Text.
2792 1603 2832 1627 ⁴⁹·
2870 1586 2873 1589 ,

2690 3066 2901 3095 meet-mnae.

2690 3172 2700 3182 ⁸
2714 3172 2777 3195 Leet.
2792 3178 2819 3200 n,
2833 3178 2856 3196 n.
2869 3177 2892 3201 3.
2915 3157 2921 3181 s
