2898 3996
215 2827 223 2835 ·
238 2825 307 2848 Num.
323 2831 341 2854 5.

215 2978 225 2988 ⁸
239 2977 308 2999 Num.
323 2984 345 3005 9.

219 3294 227 3302 ·
240 3293 300 3316 Lect.
311 3300 400 3322 v17n.1.

434 246 511 281 412

501 312 640 348 κίνησιν,
661 307 722 339 ἅτε
748 301 843 338 οὐδὲν
872 303 958 337 αὐτὸ
983 301 1200 347 μεταβάλλον
1223 301 1302 343 πρὸς
1329 299 1369 332 τὸ
1387 299 1497 331 κινού-

503 364 617 397 μενον·
651 351 691 384 τὰ
716 346 753 382 δὲ
784 349 977 382 κινούμενον
1008 346 1072 378 ὑπὸ
1098 346 1160 377 τοῦ
1194 343 1387 387 κινουμένου
1413 342 1494 387 μέν,

504 396 569 428 ὑπὸ
595 396 655 427 τοῦ
683 393 844 430 ἀκινήτου
869 389 906 424 δὲ
930 389 1122 434 κινουμένου
1149 383 1228 428 ἤδη,
1247 387 1306 420 8ιοί
1326 387 1367 420 τὸ
1387 387 1494 423 ἄλλως

502 443 559 471 καὶ
588 439 694 475 ἄλλως
719 437 806 482 ἔχειν
833 437 911 481 πρὸς
937 435 985 467 τοὶ
1009 433 1215 478 πράγματα,
1235 432 1273 464 οὗ
1299 433 1361 469 τῆς
1387 430 1496 467 αὐτῆς

505 485 602 516 ἔσται
634 481 792 518 κινήσεως
824 482 954 519 αἴτιον,
993 477 1082 510 ἀλλα
1112 472 1171 508 διαὶ
1199 475 1240 508 τὸ
1265 475 1298 508 ἐν
1332 474 1495 511 ἐναντίοις

504 525 588 558 εἶναι
614 526 730 563 τόποις
757 524 777 561 ἦ
803 519 921 556 εἴδεσιν
949 523 1107 557 ἐναντίως
1134 519 1321 563 παρέξεται
1344 517 1496 561 κινούμε-

505 582 558 602 νον
585 571 728 602 ἕκαστον
754 569 819 601 τῶν
855 569 984 606 ἄλλων,
1015 566 1072 596 καὶ
1098 564 1158 596 ὁτὲ
1183 563 1242 608 μὲν
1268 561 1410 607 ἠρεμοῦν
1438 561 1498 593 ὁτὲ

504 610 541 646 δὲ
563 613 768 657 κινούμενον.
1401 645 1408 656 ‚

437 658 584 702 Φανερόν
609 653 652 693 δή
670 656 806 702 γέγονεν
825 655 861 686 ἐκ
879 655 944 686 τῶν
962 651 1138 707 εἰρημένων
1163 652 1222 682 καὶ
1248 650 1263 682 ὃ
1287 649 1367 682 κατ’
1391 648 1496 692 αρχοὶς

505 702 709 745 ἠποροῦμεν,
729 702 762 732 τί
784 694 828 735 δή
853 710 939 730 ποτε
964 708 1002 728 ου
1029 694 1147 728 ποίντα
1172 694 1193 731 ἧ
1217 698 1361 726 κινεῖται
1382 692 1402 729 ἢ
1423 693 1499 735 ἠρε-

506 749 579 789 μεῖ,
606 743 627 780 ἦ
653 743 700 776 τοὶ
723 743 781 786 μέν
806 746 949 774 κινεῖται
977 741 1027 772 ἀεὶ
1052 739 1100 771 τοὶ
1122 734 1153 769 δ’
1185 738 1235 770 ἀεὶ
1263 737 1390 782 ἠρεμεῖ,
1419 737 1491 769 ἀλλ’

505 790 578 821 ἔνια,
603 787 736 831 ὁτὲμὲν
759 786 816 819 ὁτὲ
840 781 869 816 δ’
891 785 941 817 οὕ.
968 782 1099 815 Τούτου
1124 782 1188 828 γάρ
1207 781 1246 814 τὸ
1265 783 1373 814 αἴτιον
1391 775 1495 818 δῆλόν

507 831 579 864 ἔστι
603 832 672 872 νῦν,
693 829 746 862 ὅτι
771 830 818 862 ταῖ
841 828 898 873 μέν
925 827 990 860 ὑπὸ
1018 825 1180 862 ἀκινήτου
1204 829 1347 858 κινεῖται
1374 820 1495 865 ἀϊδίου,

459 903 463 906 .
505 872 557 907 διό
586 876 636 908 ἀεὶ
665 873 893 919 μεταβάλλει,
920 872 968 904 τοὶ
991 871 1020 902 δ’
1050 870 1115 902 ὑπὸ
1139 869 1332 911 κινουμένου
1361 871 1418 900 καὶ
1444 881 1498 913 με-

506 919 759 960 ταβάλλοντος·
786 917 871 950 ὥστε
903 918 959 948 καὶ
993 913 1086 947 αὐτοὶ
1111 911 1296 960 ἀναγκαῖον
1323 912 1498 956 μεταβοίλ-

504 965 584 995 λειν.
612 963 657 994 Τὸ
682 958 712 993 δ’
736 962 907 1001 ἀκίνητον,
926 959 1035 1002 ὥσπερ
1061 960 1205 1002 εἴρηται,
1226 957 1288 990 ἅτε
1308 957 1422 994 ἁπλῶς
1439 958 1496 988 καὶ

504 1006 663 1043 ὡσαύτως
687 1007 744 1037 καὶ
770 1003 802 1037 ἐν
827 1005 873 1046 τῷ
897 1004 991 1044 αὐτῷ
1010 998 1182 1046 διαμένον,
1201 1004 1280 1046 μίαν
1304 1003 1361 1032 καὶ
1384 1001 1497 1037 οἱπλῆν

505 1050 632 1087 κινήσει
656 1051 794 1086 κίνησιν.

493 1191 639 1218 smops1s.
658 1205 691 1210 -
713 1198 737 1216 x.
752 1189 962 1225 Argumentum
977 1193 1005 1214 et
1022 1185 1124 1214 divisio
1145 1191 1246 1214 textus.
1261 1201 1280 1206 -
1296 1192 1323 1213 2.
1338 1186 1500 1213 Resumun-

440 1237 486 1258 tur
506 1230 648 1266 quaedam
675 1227 754 1265 prius
775 1227 860 1255 dicta.
883 1228 918 1254 Et
945 1226 1044 1264 primo
1065 1226 1145 1262 quod
1167 1225 1196 1253 in
1217 1225 1301 1253 rebus
1322 1224 1500 1252 naturalibus

439 1269 623 1297 inveniuntur
637 1268 778 1305 quaedam
801 1275 874 1303 quae
889 1266 1044 1303 aliquando
1065 1271 1226 1299 moventur,
1241 1264 1398 1301 aliquando
1420 1263 1500 1300 quie-

440 1315 536 1337 scunt:
559 1317 592 1336 ex
613 1317 672 1344 quo
693 1312 770 1343 patet
791 1305 895 1334 falsitas
914 1306 1016 1333 harum
1037 1305 1122 1333 trium
1145 1303 1337 1340 positionum,
1354 1312 1458 1340 nempe
1473 1309 1501 1331 et

440 1349 520 1385 quod
541 1347 640 1375 omnia
660 1352 830 1374 moveantur
857 1354 982 1381 semper,
1005 1351 1033 1372 et
1053 1345 1133 1380 quod
1154 1343 1253 1371 omnia
1281 1351 1394 1379 semper
1419 1342 1499 1379 quie-

440 1393 528 1422 scant,
544 1393 572 1415 et
586 1387 664 1423 quod
679 1385 778 1414 omnia
792 1394 865 1422 quae
880 1384 1038 1421 quiescunt,
1054 1383 1204 1420 quiescant
1216 1391 1339 1419 semper,
1354 1388 1383 1410 et
1401 1382 1501 1410 omnia

442 1436 516 1464 quae
536 1432 696 1460 moventur,
712 1434 824 1461 semper
845 1430 1022 1452 moveantur.
1038 1440 1057 1444 -
1074 1423 1099 1451 3.
1115 1423 1248 1451 Secundo
1266 1421 1420 1450 resumitur
1432 1431 1500 1458 pro-

442 1475 537 1495 cessus
551 1466 588 1494 ad
602 1464 830 1501 investigandum
851 1463 976 1500 primurn
991 1469 1144 1491 motorem.
1160 1463 1206 1490 Ad
1220 1462 1405 1498 probandum
1419 1462 1500 1498 quod

441 1512 552 1542 praeter
581 1503 747 1532 huiusmodi
777 1512 850 1540 quae
876 1503 1051 1540 quandoque
1082 1508 1234 1530 moventur
1266 1507 1293 1530 et
1324 1501 1500 1538 quandoque

442 1545 600 1582 quiescunt,
615 1550 681 1571 sunt
701 1542 756 1571 alia
777 1552 850 1580 quae
872 1551 984 1578 semper
1011 1548 1078 1570 sunt
1098 1540 1273 1576 immobilia,
1302 1546 1331 1568 et
1351 1540 1406 1568 alia
1427 1549 1500 1577 quae

442 1593 555 1620 semper
575 1589 735 1618 moventur,
750 1582 844 1619 primo
866 1581 992 1618 positum
1013 1581 1066 1609 fuit
1086 1581 1166 1618 quod
1193 1589 1280 1608 omne
1302 1580 1381 1617 quod
1402 1589 1503 1608 move-

441 1630 501 1659 tur,
523 1624 559 1651 ab
581 1622 677 1659 aliquo
699 1628 846 1656 movetur;
868 1627 896 1649 et
916 1630 982 1649 cum
1004 1620 1033 1648 in
1054 1620 1098 1648 his
1120 1629 1193 1657 quae
1215 1626 1368 1648 moventur
1387 1620 1423 1647 ab
1444 1619 1500 1647 alio

442 1672 503 1691 non
523 1662 559 1690 sit
571 1662 725 1698 procedere
740 1661 769 1689 in
784 1660 935 1695 infinitum,
951 1660 1118 1688 conclusum
1134 1666 1176 1687 est
1191 1665 1401 1696 consequenter
1421 1659 1501 1695 quod

443 1708 557 1739 oportet
577 1711 638 1729 esse
659 1701 777 1737 aliquod
795 1700 920 1737 primum
935 1699 1107 1736 principium
1123 1705 1233 1734 motus;
1249 1700 1304 1726 hoc
1321 1707 1407 1726 sensu
1421 1699 1501 1735 quod

443 1741 473 1769 in
493 1750 596 1778 genere
618 1749 718 1768 eorum
740 1749 814 1776 quae
835 1746 996 1773 moventur,
1018 1739 1053 1766 sit
1073 1738 1198 1775 primum
1220 1738 1394 1774 principium
1422 1738 1502 1774 quod

443 1787 541 1809 movet
561 1780 695 1816 seipsum,
710 1779 874 1816 simpliciter
894 1788 962 1807 vero
984 1778 1058 1806 inter
1078 1778 1178 1806 omnia
1195 1777 1230 1805 sit
1250 1777 1376 1813 primurn
1397 1777 1503 1813 princi-

442 1820 523 1857 pium
545 1820 624 1856 quod
646 1826 688 1847 est
708 1818 866 1846 immobile.
887 1835 906 1840 —
926 1827 954 1853 4.
979 1817 1077 1845 Tertio
1098 1817 1252 1845 resumitur
1273 1823 1300 1844 et
1321 1816 1424 1844 iterum
1445 1816 1502 1844 sol-

443 1859 519 1888 vitur
539 1858 662 1887 obiectio
690 1859 843 1894 desumpta
864 1867 897 1885 ex
918 1857 1003 1885 rebus
1031 1856 1183 1891 animatis,
1205 1865 1238 1884 ex
1266 1855 1370 1892 quibus
1390 1855 1502 1883 videtur

444 1908 529 1936 posse
550 1898 692 1933 concludi,
707 1898 787 1934 quod
808 1897 895 1925 etiam
915 1896 946 1924 in
965 1903 1027 1924 toto
1047 1895 1181 1924 universo
1201 1894 1291 1932 possit
1312 1896 1347 1923 de
1368 1904 1445 1923 novo
1460 1895 1503 1922 in-

445 1938 538 1974 cipere
560 1944 655 1966 motus
677 1947 743 1965 curn
764 1936 841 1973 prius
862 1945 923 1964 non
941 1935 1032 1964 fuerit.
1048 1935 1248 1971 Respondetur
1269 1935 1349 1972 quod
1369 1934 1504 1962 animalia

446 1983 563 2005 movent
583 1977 676 2013 seipsa
697 1977 855 2004 secundum
875 1976 972 2003 locum
994 1981 1119 2003 tantum:
1142 1974 1188 2002 hic
1209 1974 1286 2002 enim
1307 1974 1385 2002 solus
1407 1980 1503 2002 motus

446 2023 489 2044 est
509 2016 539 2044 in
553 2015 724 2044 animalibus
744 2014 880 2051 appetitui
895 2014 1048 2042 subiectus.
1071 2015 1171 2050 Neque
1184 2020 1282 2042 tamen
1301 2013 1386 2041 etiam
1401 2022 1506 2041 secun-

446 2056 517 2083 dum
538 2055 702 2083 huiusmodi
724 2061 836 2082 motum
862 2053 996 2082 animalia
1022 2053 1137 2090 proprie
1158 2059 1275 2081 movent
1295 2053 1402 2089 seipsa,
1423 2052 1505 2089 quasi

447 2095 554 2123 scilicet
567 2094 651 2122 huius
673 2100 768 2122 motus
783 2093 838 2122 alia
858 2102 944 2121 causa
963 2102 1024 2120 non
1039 2092 1214 2129 praeexistat.
1230 2093 1407 2120 Praecedunt
1427 2092 1504 2119 enim

447 2134 495 2162 alii
516 2140 612 2162 motus
633 2133 784 2168 naturales,
809 2133 867 2161 sive
888 2134 924 2161 ab
946 2132 1100 2160 intrinseco
1125 2132 1181 2160 sive
1203 2132 1238 2160 ab
1260 2131 1433 2165 extrinseco,
1456 2131 1506 2167 qui

448 2180 515 2201 sunt
528 2173 620 2210 prima
634 2182 720 2201 causa
734 2172 850 2201 animali
874 2172 953 2208 quod
975 2172 1101 2200 localiter
1117 2178 1231 2199 moveat
1245 2171 1380 2207 seipsum.
1395 2186 1414 2191 —
1429 2170 1504 2204 Quia

448 2222 516 2250 ergo
531 2219 661 2249 respectu
682 2212 819 2249 cuiusque
833 2211 964 2239 animalis
986 2210 1127 2238 moventis
1148 2210 1284 2247 seipsum,
1299 2209 1441 2238 invenitur
1454 2210 1505 2237 ali-

449 2253 529 2289 quod
549 2252 628 2289 prius
649 2261 768 2280 movens
783 2257 957 2286 extraneum,
973 2251 1053 2287 quod
1070 2256 1202 2278 movetur
1222 2256 1250 2278 et
1270 2255 1375 2284 movet,
1390 2255 1418 2276 et
1438 2248 1504 2277 ideo

590 2364 602 2377 2
620 2372 631 2380 .,
711 2349 884 2390 ostquam
915 2341 1170 2389 Philosophus
1206 2340 1368 2377 ostendit
1400 2340 1504 2388 quod

573 2387 625 2442 “ff
665 2394 876 2443 &primurn
911 2406 1072 2430 movens
1110 2401 1165 2430 est
1200 2401 1428 2442 perpetuum
1470 2401 1506 2429 et

585 2451 603 2458 “
656 2447 664 2461 ““
683 2447 866 2494 omnino
895 2446 1099 2492 immobile,
1122 2445 1266 2483 ratione
1291 2453 1441 2494 sumpta
1462 2458 1506 2483 ex

581 2495 587 2505 ¹
649 2499 666 2533 11¹1
682 2494 692 2505 ¹
710 2499 956 2548 perpetuitate
976 2499 1225 2547 generationis
1248 2506 1284 2535 et
1300 2498 1506 2548 corruptio-

449 2552 506 2589 nis
526 2551 756 2599 animalium,
783 2564 881 2600 quae
909 2559 1066 2588 movent
1093 2551 1233 2600 seipsa3
1262 2551 1323 2588 hic
1350 2551 1508 2588 intendit

449 2605 550 2642 idem
570 2605 779 2651 ostendere,
809 2605 951 2641 ratione
980 2612 1130 2652 sumpta
1155 2617 1199 2641 ex
1217 2604 1407 2653 principiis
1425 2616 1507 2640 mo-

449 2657 636 2695 ventibus.
666 2658 715 2694 Et
738 2657 835 2694 circa
862 2658 936 2694 hoc
964 2657 1033 2694 tria
1052 2657 1158 2693 facit:
1187 2657 1310 2705 primo
1340 2669 1507 2694 comme-

450 2718 572 2747 morat
600 2722 644 2746 ea
672 2722 768 2759 quae
798 2710 896 2747 dicta
924 2717 1009 2746 sunt
1036 2722 1058 2746 a
1084 2709 1268 2758 principio
1297 2709 1408 2746 huius
1436 2717 1508 2746 tra-

451 2770 585 2809 ctatus;
610 2763 776 2800 secundo
798 2775 842 2799 ex
861 2762 1075 2811 praemissis
1100 2762 1233 2810 accipit
1256 2762 1440 2799 rationem
1460 2764 1507 2800 ad

450 2815 697 2864 propositum,
718 2815 790 2852 ibi:
818 2816 883 2852 Ex
910 2816 1042 2864 quibus
1061 2821 1115 2852 est
1130 2816 1225 2851 scire
1244 2815 1263 2836 ”²
1285 2823 1371 2862 etc.;
1400 2815 1507 2852 tertio

452 2868 640 2905 concludit
659 2868 885 2905 solutionem
914 2868 1109 2905 cuiusdam
1131 2868 1371 2904 dubitationis
1395 2881 1509 2916 supra

451 2928 590 2968 motae,
619 2920 689 2957 ibi:
719 2922 966 2969 Manifestum
995 2921 1111 2971 igitur
1132 2922 1278 2967 factum
1307 2926 1360 2958 est
1385 2933 1434 2957 ex
1457 2921 1508 2957 di-

453 2973 518 3010 ctis
535 2974 555 2994 ³¹²
583 2981 650 3010 etc.

507 3037 541 3062 2.
569 3025 677 3062 Circa
695 3025 862 3074 primum
877 3025 946 3062 tria
962 3025 1130 3062 resumit:
1147 3025 1269 3074 primo
1291 3025 1508 3062 destructio-

454 3090 541 3114 nem
578 3078 815 3126 quarundam
849 3078 1157 3127 improbabilium
1185 3078 1427 3126 positionum.
1462 3079 1510 3115 Et

454 3130 540 3167 dicit
559 3131 662 3180 quod
682 3143 760 3168 non
783 3132 907 3168 solum
927 3143 971 3168 ex
999 3131 1213 3180 praemissis
1237 3138 1360 3179 potest
1379 3131 1510 3180 aliquis

454 3183 546 3219 scire
575 3183 678 3232 quod
707 3192 761 3221 est
789 3183 943 3232 aliquod
970 3183 1136 3232 primum
1172 3195 1333 3220 movens
1374 3183 1509 3221 immo-

454 3235 539 3282 bile,
561 3236 626 3273 sed
646 3235 757 3273 etiam
785 3249 853 3285 per
877 3236 1217 3273 considerationem
1235 3235 1508 3285 principiorum

454 3296 590 3324 motus.
607 3289 654 3325 Et
673 3289 767 3325 sicut
781 3301 894 3338 supra
910 3290 929 3311 ²¹²
950 3289 1091 3326 dictum
1108 3296 1172 3334 est,
1190 3289 1430 3326 manifestum
1456 3297 1510 3326 est

456 3340 503 3376 ad
523 3353 674 3378 sensum
704 3341 807 3390 quod
826 3341 863 3378 in
884 3342 995 3379 rebus
1015 3341 1244 3379 naturalibus
1270 3341 1510 3379 inveniuntur

457 3393 655 3441 quaedam,
677 3406 774 3442 quae
802 3394 1003 3443 aliquando
1032 3402 1234 3431 moventur
1253 3402 1289 3431 et
1308 3394 1509 3443 aliquando

1044 224 1388 263 PHYSICORUM
1414 223 1761 260 ARISTOTELIS
1790 225 1885 261 LIB.
1914 225 2000 262 VIII

1616 302 1714 332 modo
1739 307 1769 332 et
1796 311 1898 332 unum
1921 309 2065 340 motum,
2089 303 2175 334 velut
2198 303 2275 334 nihil
2297 304 2404 344 ipsum
2422 311 2549 336 mutans
2572 305 2612 335 ad

1616 345 1649 375 id
1671 345 1759 385 quod
1782 352 1938 376 movetur.
1970 346 2068 383 Quod
2091 353 2198 377 autem
2225 355 2371 378 movetur
2394 349 2432 378 ab
2456 358 2494 379 eo
2523 349 2612 390 quod

1617 395 1763 419 movetur
1777 389 1918 428 quidem,
1935 396 2026 420 moto
2042 396 2149 420 autem
2167 391 2206 421 ab
2221 391 2388 430 immobili,
2404 391 2469 422 iam
2484 398 2614 432 propter

1617 432 1650 462 id
1673 432 1761 472 quod
1784 432 1872 462 aliter
1895 438 1926 463 et
1943 433 2032 463 aliter
2055 443 2087 463 se
2110 434 2204 465 habet
2227 435 2266 465 ad
2293 444 2357 473 res,
2381 445 2447 465 non
2471 435 2612 466 eiusdem

1617 483 1724 506 motus
1744 475 1801 506 erit
1816 483 1923 506 causa:
1939 476 1993 506 sed
2009 484 2139 517 propter
2154 477 2186 507 id
2202 478 2291 518 quod
2308 478 2342 508 in
2358 478 2519 509 contrariis
2534 479 2613 510 loeis

1617 526 1672 550 aut
1695 519 1872 559 speciebus,
1900 520 2052 551 contrarie
2075 520 2231 552 exhibebit
2261 528 2388 552 motum
2406 523 2613 563 unumquod-

1618 573 1680 604 que
1698 563 1845 602 aliorum,
1865 570 1895 594 et
1913 563 2084 604 aliquando
2105 564 2236 605 quidem
2251 565 2425 606 quiescens,
2442 565 2612 606 aliquando

1618 613 1723 637 autem
1747 614 1883 638 motum.

1552 650 1754 682 Manifestum
1772 651 1866 691 igitur
1881 650 1999 681 factum
2016 658 2062 682 est
2085 661 2121 682 ex
2144 650 2233 682 dictis
2252 658 2283 682 et
2300 652 2389 692 quod
2407 647 2446 682 irs
2456 651 2614 693 principio*

1618 695 1850 725 dubitavimus:
1875 704 1930 725 cur
1953 694 2047 735 igitur
2069 705 2135 726 non
2159 695 2267 726 omnia
2290 702 2344 726 aut
2369 695 2536 736 quiescunt
2558 703 2614 728 aut

1618 745 1803 776 moventur;
1827 745 1881 769 aut
1896 738 1956 769 alia
1979 748 2103 779 semper
2121 739 2251 779 quidem
2267 746 2446 778 moventur,
2463 739 2522 770 alia
2536 749 2612 770 vero

1618 792 1741 822 semper
1764 782 1940 822 quiescunt,
1957 783 2011 813 sed
2035 784 2192 824 quaedam
2207 783 2377 824 aliquando
2401 782 2543 824 quidem,
2557 783 2613 814 ali-

1618 825 1747 866 quando
1774 823 1860 856 non?
1883 825 1988 856 Huius
2011 826 2096 856 enim
2119 837 2212 858 causa
2244 826 2409 858 manifesta
2439 836 2523 858 nunc
2551 833 2610 858 est:

1618 869 1772 910 quoniam
1788 869 1848 900 alia
1870 869 2000 910 quidem
2014 870 2053 900 ab
2076 870 2233 901 immobili
2253 877 2423 902 moventur
2445 877 2613 912 perpetuo,

1618 913 1702 943 unde
1726 923 1850 953 semper
1872 920 2048 952 mutantur3
2072 914 2132 944 alia
2145 924 2220 945 vero
2244 915 2282 945 ab
2299 924 2337 945 eo
2361 914 2451 956 quod
2465 921 2612 946 movetur

1618 964 1648 988 et
1671 963 1821 995 mutatur,
1845 967 1942 998 quare
1965 963 1996 988 et
2012 957 2081 998 ipsa
2103 958 2313 989 necessarium
2333 965 2379 989 est
2401 958 2526 990 mutari.
2550 959 2614 989 Im-

1618 1000 1735 1031 mobile
1751 1007 1867 1039 autem,
1885 1000 1965 1032 sicut
1980 1001 2100 1032 dictum
2116 1007 2172 1039 est,
2189 1002 2269 1032 sicut
2285 1001 2466 1042 simpliciter
2481 1009 2512 1033 et
2526 1002 2613 1033 simi-

1618 1044 1687 1075 liter
1710 1051 1741 1075 et
1762 1044 1795 1075 in
1818 1045 1931 1075 eodem
1954 1055 2157 1086 permanens,
2176 1055 2279 1076 unum
2298 1052 2328 1076 et
2349 1044 2525 1085 simplicem
2543 1055 2612 1077 mo-

1619 1088 1704 1119 vebit
1726 1095 1863 1119 motum.

1553 1192 1615 1211 non
1636 1192 1749 1220 semper
1770 1183 1874 1211 eodem
1896 1183 1987 1211 modo
2008 1180 2153 1218 sehabet,
2168 1182 2235 1212 hinc
2255 1189 2298 1211 est
2318 1184 2398 1221 quod
2419 1193 2481 1212 non
2501 1192 2614 1222 semper

1554 1222 1689 1251 animalia
1710 1228 1862 1250 moventur
1882 1231 1900 1250 a
1921 1221 2034 1259 seipsis,
2056 1231 2107 1251 seu
2127 1231 2188 1251 non
2210 1228 2252 1251 est
2272 1231 2373 1251 eorum
2394 1229 2491 1252 motus
2511 1231 2615 1260 perpe·

1553 1268 1628 1290 tuus.
1644 1261 1779 1290 Similiter
1793 1261 1861 1299 quia
1875 1261 1960 1289 etiam
1975 1261 2005 1290 in
2019 1261 2083 1299 ipso
2098 1261 2216 1290 animali
2227 1262 2256 1290 id
2271 1263 2350 1299 quod
2365 1268 2408 1291 est
2420 1262 2515 1299 prima
2528 1271 2614 1292 causa

1554 1301 1690 1330 movendi
1704 1301 1840 1338 seipsum,
1851 1301 1958 1329 scilicet
1971 1301 2077 1336 anima,
2094 1308 2227 1330 movetur
2239 1310 2291 1338 per
2303 1301 2436 1330 accidens
2449 1303 2487 1330 ad
2500 1308 2615 1331 motum

1554 1341 1693 1378 corporis,
1709 1347 1737 1369 et
1757 1350 1818 1369 non
1839 1349 1952 1377 semper
1979 1347 2022 1369 est
2042 1340 2073 1369 in
2093 1341 2195 1369 eadem
2223 1341 2410 1378 dispositione
2431 1341 2469 1370 ad
2494 1348 2614 1370 moven-

1554 1381 1634 1415 dum,
1649 1389 1703 1409 nec
1724 1380 1809 1408 etiam
1830 1380 1968 1408 animalia
1980 1381 2086 1409 eodem
2106 1381 2196 1409 modo
2218 1389 2331 1417 semper
2345 1387 2463 1409 movent
2483 1380 2616 1418 seipsa.-

1557 1421 1583 1448 5.
1600 1421 1641 1448 Ex
1662 1419 1826 1457 praemissis
1840 1420 1980 1456 probatur
2000 1421 2079 1457 quod
2095 1420 2226 1458 primum
2247 1429 2366 1449 movens
2379 1420 2417 1448 sit
2430 1420 2546 1449 omnino
2560 1420 2615 1449 im-

1554 1460 1669 1488 mobile.
1694 1461 1776 1488 Patet
1796 1459 1874 1488 enim
1895 1460 1976 1496 quod
1997 1459 2020 1488 si
2034 1459 2161 1496 primum
2175 1469 2295 1488 movens
2309 1466 2351 1488 est
2365 1459 2406 1488 ita
2419 1459 2569 1488 immobile
2582 1465 2615 1488 ut

1554 1506 1651 1528 tamen
1666 1505 1815 1527 moveatur
1829 1508 1880 1535 per
1893 1499 2034 1534 accidens,
2049 1508 2111 1528 non
2124 1505 2219 1536 potest
2235 1508 2352 1528 causare
2366 1498 2537 1528 continuum
2550 1508 2615 1528 mo-

1554 1545 1616 1567 tum
1636 1545 1663 1567 et
1684 1538 1903 1575 sempiternum:
1925 1544 2041 1575 oportet
2061 1545 2158 1567 autem
2180 1545 2293 1567 motum
2306 1538 2432 1567 universi
2445 1547 2507 1567 esse
2521 1537 2615 1567 conti-

1554 1588 1645 1606 nuum
1667 1584 1695 1606 et
1715 1578 1931 1614 sempiternum,
1952 1583 1984 1606 ut
2004 1587 2091 1614 supra
2111 1577 2203 1614 (lectt.
2229 1587 2239 1606 x
2258 1585 2286 1607 et
2307 1580 2335 1614 2)
2355 1579 2512 1615 probatum
2531 1583 2582 1607 est.
2596 1593 2616 1600 —

1556 1619 1583 1646 6.
1599 1617 1766 1646 Excluditur
1786 1617 1920 1646 obiectio.
1936 1617 2045 1646 Moveri
2059 1626 2111 1654 per
2127 1617 2259 1646 accidens
2279 1624 2374 1654 potest
2394 1617 2511 1646 attribui
2531 1617 2617 1646 alicui

1556 1657 1719 1694 dupliciter:
1743 1657 1788 1685 vel
1810 1657 1968 1685 secundum
1983 1656 2108 1693 seipsum
2119 1679 2126 1692 ,
2151 1657 2191 1685 ita
2211 1658 2291 1694 quod
2304 1656 2459 1693 ipsummet
2473 1665 2525 1693 per
2541 1656 2616 1686 acci-

1556 1698 1627 1725 dens
1642 1703 1732 1725 mutet
1746 1705 1829 1724 suam
1844 1695 2080 1732 dispositionem3
2098 1697 2143 1724 vel
2157 1697 2317 1725 secundum
2337 1697 2469 1732 alterum,
2483 1696 2522 1725 ita
2536 1696 2618 1734 quod

1556 1736 1650 1772 ipsum
1665 1745 1726 1764 non
1736 1742 1827 1763 mutet
1841 1744 1923 1763 suam
1938 1735 2166 1772 dispositionem.
2182 1735 2312 1764 Primum
2326 1735 2446 1772 impedit
2459 1735 2617 1773 quominus

1557 1784 1676 1803 movens
1691 1781 1807 1803 moveat
1820 1781 1901 1803 motu
1916 1774 2101 1811 sempiterno,
2113 1785 2174 1803 non
2188 1782 2285 1803 autem
2299 1775 2496 1804 secundum.-
2506 1785 2533 1812 7⁸.
2544 1776 2616 1804 Pro-

1557 1816 1640 1843 batur
1668 1815 1780 1842 duabus
1804 1814 1963 1842 rationibus
1991 1815 2071 1850 quod
2094 1815 2211 1851 primus
2231 1820 2324 1843 motus
2345 1820 2388 1843 ese
2414 1815 2616 1853 sempiternus.

1557 1856 1585 1890 a)
1607 1854 1735 1882 Primum
1764 1862 1884 1882 movens
1911 1859 1953 1882 est
1973 1853 2013 1881 ita
2032 1853 2182 1881 immobile
2202 1859 2230 1882 et
2259 1860 2440 1890 perpetuum,
2461 1854 2543 1891 quod
2562 1863 2618 1883 nec

1557 1903 1608 1930 per
1622 1902 1652 1921 se
1667 1902 1719 1921 nec
1733 1902 1784 1930 per
1798 1893 1930 1921 accidens
1945 1899 2091 1921 movetur:
2113 1901 2182 1930 ergo
2203 1902 2318 1921 necesse
2333 1899 2375 1921 est
2389 1893 2471 1930 quod
2490 1893 2616 1930 primum

1558 1932 1680 1968 mobile,
1703 1933 1783 1969 quod
1804 1933 1839 1960 ab
1865 1932 1922 1960 hoc
1949 1939 2062 1960 motore
2084 1938 2230 1967 movetur,
2258 1939 2398 1969 perpetuo
2421 1939 2579 1961 moveatur.
2597 1949 2617 1955 -

1558 1971 1683 2001 Solvitur
1696 1969 1848 2000 difficultas
1863 1971 1937 2000 circa
1953 1981 2119 2008 processum
2141 1971 2400 2008 argumentativum
2414 1971 2583 2000 Aristotelis.
2597 1988 2618 1994 -

1559 2013 1586 2040 8.
1602 2012 1629 2047 b)
1644 2013 1686 2039 Ex
1701 2011 1762 2047 ipsa
1775 2011 1963 2047 perpetuitate
1977 2010 2168 2048 generationis
2188 2011 2348 2039 ostenditur
2361 2011 2488 2047 primurn
2502 2017 2616 2040 motum

1559 2060 1619 2079 esse
1641 2057 1820 2087 perpetuum,
1836 2057 1864 2078 et
1885 2050 1995 2078 causari
2016 2059 2033 2078 a
2054 2056 2169 2078 motore
2190 2049 2342 2078 immobili.
2359 2067 2379 2072 -
2393 2050 2552 2085 Quomodo
2566 2059 2618 2079 au-

1559 2097 1616 2119 tem
1631 2091 1685 2118 hae
1699 2090 1824 2118 rationes
1838 2099 1899 2118 non
1914 2099 1947 2117 ex
1961 2089 2128 2118 necessitate
2142 2090 2324 2125 concludant,
2335 2089 2400 2118 vide
2414 2099 2502 2126 supra
2515 2090 2618 2126 lectu,

1558 2139 1587 2158 n.
1607 2131 1640 2157 16
1656 2139 1718 2166 sqq.
1730 2146 1749 2150 -
1763 2138 1790 2165 9.
1803 2129 1952 2157 Manifesta
1966 2135 2008 2157 est
2022 2138 2091 2166 ergo
2106 2138 2192 2157 causa
2206 2138 2294 2166 quare
2309 2129 2452 2166 quaedam
2467 2136 2620 2158 moventur

1558 2178 1680 2205 semper,
1695 2175 1723 2196 et
1744 2169 1888 2205 quaedam
1909 2178 1970 2196 non
1995 2177 2116 2205 semper.
2140 2169 2222 2203 Quae
2243 2168 2320 2196 enim
2341 2174 2494 2198 moventur
2514 2177 2535 2198 a
2554 2178 2619 2198 mo-

1558 2215 1620 2237 tore
1642 2208 1783 2236 immobili
1804 2214 1832 2236 et
1852 2214 2002 2244 perpetuo,
2018 2214 2170 2236 moventur
2190 2217 2319 2245 semper;
2341 2217 2416 2244 quae
2436 2214 2532 2237 autem
2553 2218 2618 2238 mo-

1558 2254 1660 2276 ventur
1680 2257 1697 2276 a
1717 2254 1831 2276 motore
1852 2254 1979 2283 mutato,
2001 2257 2062 2276 non
2082 2256 2196 2284 semper
2216 2254 2378 2276 moventur.

1558 2339 1756 2387 quiescunt
1779 2345 1807 2376 α.
1839 2340 1888 2376 Et
1913 2351 1957 2376 ex
1985 2340 2060 2376 hoc
2083 2339 2362 2376 manifestatum
2391 2347 2446 2377 est
2473 2340 2620 2389 supra*

1559 2392 1663 2441 quod
1683 2392 1784 2429 nulla
1803 2392 1914 2437 trium
1940 2392 2174 2440 positionum
2202 2399 2257 2428 est
2274 2404 2386 2429 vera:
2416 2404 2541 2442 neque
2559 2392 2620 2430 illa

1560 2457 1656 2493 quae
1686 2444 1773 2482 dicit
1802 2445 1906 2493 quod
1926 2444 2054 2481 omnia
2081 2451 2286 2482 moventur
2305 2456 2473 2494 semper;
2493 2457 2619 2494 neque

1558 2497 1620 2534 illa
1641 2509 1738 2546 quae
1759 2497 1846 2534 dicit
1873 2497 1978 2546 quod
1997 2497 2125 2534 omnia
2148 2497 2346 2546 quiescunt
2369 2509 2535 2546 semper;
2555 2510 2620 2535 ne-

1560 2563 1635 2599 que
1654 2550 1714 2587 illa
1733 2562 1831 2598 quae
1861 2549 1948 2587 dicit
1966 2550 2071 2598 quod
2091 2550 2222 2587 omnia
2241 2552 2260 2570 ⁴*
2282 2562 2380 2599 quae
2409 2549 2617 2599 quiescunt,

1560 2603 1758 2652 quiescunt
1794 2615 1965 2651 semper,
1996 2610 2032 2639 et
2060 2603 2190 2639 omnia
2218 2604 2238 2624 ‘¹‘
2266 2615 2363 2652 quae
2396 2610 2620 2651 moventur,

1559 2663 1764 2693 moventur
1791 2667 1954 2704 semper.
1985 2655 2108 2692 Huius
2136 2655 2237 2692 enim
2260 2655 2312 2692 rei
2329 2655 2529 2693 veritatem
2557 2654 2622 2693 de-

1561 2716 1772 2745 monstrant
1790 2708 1851 2745 illa
1870 2721 1966 2757 quae
1995 2709 2065 2745 sub
2089 2716 2251 2758 utroque
2279 2708 2532 2756 inveniuntur,
2553 2708 2622 2746 sci-

1561 2762 1646 2798 licet
1672 2769 1780 2798 motu
1808 2768 1844 2798 et
1872 2761 2016 2810 quiete,
2056 2761 2148 2798 dum
2176 2762 2318 2809 habent
2344 2761 2554 2810 potentiam
2580 2769 2623 2799 ut

1562 2814 1792 2863 quandoque
1811 2822 2039 2851 moveantur
2066 2822 2102 2851 et
2121 2814 2351 2863 quandoque
2374 2814 2579 2863 quiescant.

1617 2869 1650 2904 3.
1682 2867 1859 2904 Secundo
1875 2867 1942 2904 ibi:
1968 2867 2154 2909 Quoniam
2171 2873 2295 2904 autem
2313 2867 2527 2904 huiusmodi
2539 2874 2621 2912 etc„

1562 2927 1839 2956 commemorat
1857 2931 2079 2968 processum
2094 2932 2208 2968 supra
2222 2920 2242 2941 *¹
2257 2919 2427 2956 habitum
2448 2918 2496 2956 ad
2515 2919 2622 2957 inve-

1562 2973 1776 3021 stigandum
1795 2972 1960 3021 primum
1979 2979 2169 3009 motorem
2191 2971 2436 3009 immobilem.
2466 2972 2515 3009 Et
2534 2971 2622 3009 dicit

1562 3025 1666 3075 quod
1681 3025 1769 3074 quia
1784 3025 1852 3062 ista
1867 3037 1964 3073 quae
1985 3025 2216 3073 quandoque
2235 3032 2440 3074 moventur
2454 3031 2491 3061 et
2503 3036 2622 3073 quan·

1563 3079 1691 3127 doque
1711 3078 1918 3126 quiescunt,
1948 3085 2034 3114 sunt
2053 3077 2231 3115 omnibus
2249 3077 2462 3114 manifesta:
2491 3089 2538 3114 ne
2558 3077 2623 3115 ite-

1563 3143 1647 3168 rum
1677 3130 1809 3179 aliquis
1828 3138 2047 3179 sequeretur
2065 3138 2238 3178 quartam
2256 3130 2484 3179 positionem
2500 3131 2532 3176 *,
2553 3143 2622 3179 po·
2648 3136 2659 3148 ’

1563 3196 1656 3220 nens
1672 3185 1691 3203 ⁴⁹
1711 3183 1841 3220 omnia
1865 3183 1962 3220 entia
1983 3195 2065 3220 esse
2093 3183 2310 3220 huiusmodi
2333 3191 2375 3220 ut
2394 3183 2622 3232 quandoque
2649 3189 2659 3199 ·

1564 3243 1793 3274 moveantur
1812 3243 1848 3272 et
1867 3236 2100 3286 quandoque
2128 3236 2338 3284 quiescant3
2358 3237 2537 3273 volumus
2556 3236 2621 3274 de·

1563 3296 1773 3326 monstrare
1801 3289 1989 3338 duplicem
2009 3296 2182 3326 naturam
2201 3288 2401 3336 diversam,
2423 3289 2622 3326 ostenden-

1563 3349 1618 3379 tes
1638 3341 1898 3391 scilicetvquod
1918 3341 2106 3391 quaedam
2136 3349 2222 3379 sunt
2249 3354 2347 3391 quae
2367 3349 2453 3379 sunt
2471 3353 2623 3390 semper

1565 3394 1790 3441 immobilia,
1829 3402 1864 3431 et
1892 3394 2026 3431 iterum
2054 3395 2158 3443 quod
2190 3394 2379 3444 quaedam
2410 3402 2497 3432 sunt
2524 3406 2621 3444 quae

511 3506 537 3537 α)
557 3509 581 3530 et
600 3507 741 3539 aliquando
761 3507 902 3539 quiescunt.
914 3520 933 3527 -
946 3507 993 3532 sed
1011 3507 1146 3540 quiescunt
1165 3507 1224 3538 1305
1250 3510 1276 3532 et
1293 3515 1346 3532 om.
1364 3514 1382 3532 a
1401 3513 1425 3532 et
1443 3513 1490 3533 cet.
1509 3516 1563 3550 exc.
1582 3508 1656 3533 FLN.
1671 3522 1690 3528 -
1710 3508 1801 3533 Statim
1824 3514 1872 3540 pro
1893 3507 2104 3541 manifestatum,
2122 3509 2296 3558 *manifestum
2316 3505 2620 3538 CDFLMNOQRSTVX

459 3539 499 3571 pu
520 3546 543 3565 et
561 3547 586 3565 a.

2646 2372 2859 2428 {atgagg-offla.-

2647 2557 2781 2580 'alamb-

2647 2609 2782 2633 'illatam
