2898 3996
15 2395 41 2454 ξ

16 2789 50 2957 waima
13 2633 48 2674 4„

42 390 48 397 ·
80 385 91 396 ·
105 383 167 406 Lect.
176 389 192 410 1,
207 389 271 411 seqq.

42 431 57 467 fs
79 437 90 448 ’
99 442 151 458 esse
164 441 211 457 om.
222 435 290 457 ruah.

77 745 90 756 ⁸
103 744 166 767 Lect.
186 744 289 773 praeced.

79 777 104 793 n.
118 777 150 793 10.

79 1165 90 1176 ·
98 1162 177 1212 Ἐς
187 1162 237 1189 rab,
248 1168 288 1184 ca—

76 1189 144 1244 1150.
187 1195 288 1211 Αιιυιεν

47 2103 49 2105 ’
70 2106 82 2116 ”
104 2105 204 2127 aucuia-¹·
230 2105 284 2127 add.

44 2164 45 2167 Ἴ
70 2137 223 2154 nmmosz.

44 2252 46 2259 ⁸
72 2263 83 2273 '
97 2262 197 2290 seipsam
207 2269 230 2284 z.

72 2365 284 2395 nea...pone12a-

73 2393 111 2414 na·
124 2399 284 2421 om.0m³p1r.

20 2456 43 2482 '‘³³'’
71 2471 187 2493 'movent
199 2472 251 2493 rab.

1184 240 1294 276 CAP.
1323 240 1374 286 v,

317 318 480 365 moveri3
511 330 598 366 ergo
627 330 696 366 per
724 330 962 365 consequens
990 330 1113 365 neque
1137 330 1307 364 movere,
1338 324 1374 353 et

318 372 371 409 sic
390 383 468 408 non
488 371 556 407 erit
574 378 712 407 motus.
731 370 807 407 Sed
827 378 976 407 motum
997 383 1110 419 supra
1124 371 1143 391 ⁸³
1159 370 1374 406 ostenderat

319 436 399 461 esse
412 425 431 444 *²
448 423 740 472 sempiternum:
757 435 845 470 ergo
861 435 940 459 non
955 435 1108 459 necesse
1130 430 1185 458 est
1199 434 1371 468 movenS‚

319 489 406 513 cum
424 483 566 522 movet,
589 483 718 513 contra
736 475 894 512 moveri.
916 476 964 512 Et
982 476 1032 511 ita
1053 487 1132 511 non
1152 481 1207 511 est
1225 486 1372 520 verum,

318 529 423 577 quod
450 536 609 576 utraque
636 540 724 577 pars
752 527 941 565 moventis
977 527 1142 575 seipsum
1173 533 1375 563 moveatur

319 582 366 618 ab
396 582 520 618 altera.

372 646 408 682 9.
437 633 584 670 Deinde
614 645 703 669 cum
732 631 838 669 dicit:
866 630 1049 678 Amplius,
1077 630 1112 666 si
1135 635 1260 666 movet
1295 642 1373 666 mo-

318 692 395 723 tum
416 693 502 732 etc.,
530 685 638 734 ponit
665 691 837 733 quartam
866 682 1064 740 rationem,
1095 694 1192 729 quae
1217 682 1375 719 sumitur

319 751 364 775 ex
384 738 525 775 ratione
545 744 660 784 quarn
690 747 802 784 supra
822 734 992 782 *posuit
1019 734 1067 770 ad
1095 734 1374 771 ostendendum

319 792 423 849 quod
450 802 528 826 non
546 789 641 825 inest
666 800 735 836 per
757 799 797 823 se
826 786 995 822 moventi
1024 787 1128 845 quod
1157 795 1376 823 moveatur:

318 843 407 890 quia
425 848 645 890 sequeretur
672 838 778 886 quod
799 846 896 875 esset
915 838 1121 875 devenire
1114 852 1151 876 1n
1167 840 1252 886 hoc,
1269 840 1373 887 quod

315 905 476 930 movens
504 891 642 928 eodem
670 898 777 927 motu
804 899 1023 927 moveretur
1050 903 1127 939 quo
1157 899 1308 938 movet,
1334 899 1375 928 ut

316 956 430 993 supra
445 943 656 992 expositum
671 950 736 979 est.
753 943 802 979 Et
820 942 907 979 ideo
923 943 984 979 hic
1000 944 1260 980 abbreviando
1276 945 1374 980 hanc

316 997 511 1044 rationem,
533 995 620 1033 dicit
635 995 738 1044 quod
758 996 788 1031 si
807 1003 965 1043 utraque
984 1008 1072 1044 pars
1092 997 1139 1032 ab
1160 997 1274 1032 altera
1293 1009 1375 1032 mo-

314 1051 459 1096 veatur,
479 1055 656 1096 sequetur
683 1049 788 1096 quod
807 1048 1017 1085 secundum
1039 1048 1205 1084 eundem
1225 1056 1374 1085 motum

314 1109 446 1138 movet
482 1109 519 1137 et
546 1108 743 1138 movetur:
772 1100 874 1137 unde
903 1100 1070 1149 sequitur
1107 1100 1212 1148 quod
1241 1101 1374 1137 calefa-

317 1154 418 1190 ciens
439 1154 586 1190 calefiat
606 1154 625 1174 ’¹‘
638 1183 646 1199 ‚
668 1153 773 1201 quod
793 1160 848 1189 est
867 1153 1110 1201 impossibile.
1133 1153 1224 1190 Ideo
1243 1161 1373 1190 autem

316 1206 501 1254 sequitur,
532 1205 562 1243 si
591 1205 780 1242 moventis
818 1205 983 1254 seipsum
1018 1213 1177 1253 utraque
1209 1218 1297 1254 pars
1326 1207 1373 1242 ab

315 1258 387 1295 alia
415 1266 632 1304 moveatur,
662 1258 767 1306 quod
795 1258 1005 1295 secundum
1034 1257 1198 1294 eundern
1226 1265 1374 1295 motum

315 1310 456 1360 aliquid
470 1318 602 1348 movet
621 1317 657 1347 et
675 1317 868 1356 movetur3
885 1311 972 1359 quia
991 1311 1182 1347 moventis
1206 1310 1373 1359 seipsum

316 1371 371 1400 est
388 1376 487 1400 unus
505 1370 644 1410 motus,
661 1370 697 1399 et
715 1363 926 1399 secundum
946 1363 1051 1399 illum
1067 1363 1255 1412 oportebit
1269 1365 1373 1411 quod

313 1428 401 1464 pars
429 1428 525 1464 quae
554 1423 686 1452 movet
713 1423 924 1452 moveatur.

373 1467 588 1505 10.Deinde
610 1480 697 1504 curn
718 1467 821 1504 dicit:
841 1468 894 1504 At
908 1479 998 1504 vero
1018 1479 1136 1515 neque
1156 1475 1236 1515 etc„
1250 1469 1373 1504 exclu-

314 1520 367 1557 dit
385 1520 501 1557 alium
521 1519 694 1567 modum,
715 1520 853 1556 scilieet
872 1520 976 1568 quod
996 1520 1185 1557 moventis
1205 1521 1372 1569 seipsum

311 1584 400 1621 pars
415 1572 578 1621 seipsam
593 1585 672 1609 non
684 1575 853 1609 ”movet
874 1573 923 1609 Et
935 1572 1061 1621 primo
1075 1573 1254 1622 proponit
1269 1574 1373 1621 quod

311 1625 486 1671 intendit;
515 1626 683 1662 secundo
711 1625 848 1673 probat
866 1625 1116 1673 propositum,
1137 1626 1204 1662 ibi:
1238 1627 1371 1662 Totum

312 1678 410 1714 enim
438 1678 472 1714 si
496 1683 667 1714 movetur
686 1677 706 1698 ²¹²
727 1685 794 1714 ete.
816 1677 915 1714 Dicit
934 1689 1022 1725 ergo
1050 1678 1188 1725 primo,
1210 1678 1314 1726 quod
1342 1678 1372 1714 si

311 1730 515 1778 accipiatur
529 1729 669 1777 aliquid
685 1730 788 1778 quod
804 1737 859 1766 est
871 1729 996 1778 primo
1013 1742 1176 1766 movens
1191 1730 1369 1779 seipsum,

311 1795 389 1819 non
424 1789 549 1831 potest
577 1782 648 1819 dici
687 1794 811 1831 neque
840 1782 945 1830 quod
975 1794 1052 1818 una
1079 1794 1167 1831 pars
1207 1782 1286 1819 eius
1314 1795 1370 1818 se-

309 1834 433 1883 ipsam
456 1841 622 1881 moveat,
638 1846 763 1882 neque
783 1834 888 1883 quod
905 1834 1048 1882 plures,
1069 1834 1119 1871 ita
1134 1835 1238 1884 quod
1258 1847 1371 1884 quae-

308 1887 399 1924 libet
426 1899 557 1924 earum
585 1886 749 1935 seipsam
778 1894 944 1924 moveat.

369 1952 382 1976 1
396 1952 426 1977 1.
446 1939 595 1976 Deinde
615 1951 702 1976 cum
730 1939 832 1976 dicit:
857 1940 991 1976 Totum
1015 1940 1114 1976 enim
1141 1940 1175 1976 si
1200 1946 1372 1976 movetur

310 1992 430 2040 ipsum
459 1999 540 2039 etc„
560 1993 697 2040 probat
714 1992 953 2040 propositum
975 1992 1122 2029 duabus
1142 1992 1368 2029 rationibus:

311 2056 472 2092 quarum
500 2044 624 2093 prima
641 2044 723 2080 talis
751 2051 817 2080 est.
840 2044 880 2081 Si
897 2051 1020 2081 totum
1048 2052 1226 2081 movetur
1244 2045 1370 2094 ipsum

311 2109 334 2133 a
361 2097 498 2145 seipso,
519 2104 583 2133 aut
601 2097 676 2133 hoc
695 2097 896 2144 conveniet
916 2097 949 2133 ei
975 2097 1119 2133 ratione
1138 2098 1157 2117 ’¹‘
1177 2110 1267 2134 suae
1285 2111 1370 2146 par-

310 2149 356 2185 tis
384 2161 482 2198 quae
510 2156 688 2186 movetur
715 2161 738 2185 a
765 2148 899 2197 seipsa,
925 2156 989 2194 aut
1016 2149 1159 2186 ratione
1183 2150 1308 2187 totius.
1331 2150 1370 2186 Si

312 2201 514 2239 conveniat
551 2201 584 2238 ei
613 2201 756 2237 ratione
793 2214 884 2238 suae
910 2202 1047 2250 partis,
1078 2214 1167 2249 ergo
1196 2202 1256 2238 illa
1283 2210 1370 2251 pars

312 2253 380 2290 erit
397 2254 564 2302 primum
592 2255 760 2302 seipsum
782 2255 801 2275 ’¹⁴
820 2266 994 2300 movens,
1015 2254 1104 2303 quia
1127 2255 1188 2290 illa
1206 2267 1293 2303 pars
1314 2267 1370 2291 se-

309 2314 441 2356 parata
468 2319 491 2343 a
518 2314 597 2343 toto
631 2306 804 2343 movebit
836 2306 1018 2355 seipsam:
1048 2307 1115 2343 sed
1143 2314 1265 2343 totum
1293 2307 1369 2343 iarn

309 2371 390 2397 non
409 2359 477 2395 erit
493 2371 656 2396 movens
676 2358 842 2407 seipsum
857 2359 1036 2407 primum,
1051 2367 1093 2396 ut
1111 2360 1323 2408 ponebatur
1337 2361 1369 2397 ³⁸.

311 2412 351 2448 Si
378 2423 471 2448 vero
500 2411 645 2448 dicatur
666 2411 770 2460 quod
803 2419 925 2448 toturn
955 2419 1086 2448 movet
1118 2412 1285 2460 seipsum
1314 2425 1370 2448 ra-

309 2464 412 2500 tione
440 2464 564 2511 totius,
587 2476 675 2512 ergo
696 2464 800 2512 quod
829 2464 978 2513 aliquae
996 2471 1121 2512 partes
1149 2473 1330 2501 moveant
1350 2467 1369 2486 ²³³

310 2516 463 2565 seipsas,
493 2517 567 2553 hoc
595 2529 672 2553 non
693 2517 760 2553 erit
782 2517 852 2554 nisi
870 2530 940 2566 per
959 2517 1144 2553 accidens.
1171 2518 1286 2564 Quod
1306 2530 1369 2554 au-

309 2576 387 2605 tem
408 2577 463 2605 est
479 2572 548 2617 per
566 2569 751 2617 accidens,
768 2582 846 2606 non
862 2577 917 2606 est
931 2570 1205 2606 necessarium:
1223 2582 1310 2618 ergo
1330 2571 1369 2607 in

308 2621 434 2669 primo
455 2628 635 2658 movente
655 2622 822 2670 seipsum
842 2622 1007 2659 maxime
1029 2630 1179 2671 oportet
1198 2623 1368 2671 accipere

311 2674 415 2722 quod
433 2681 558 2722 partes
577 2686 656 2711 non
671 2682 898 2712 moveantur
917 2687 939 2711 a
958 2675 1100 2723 seipsis.
1123 2675 1259 2712 Totius
1279 2687 1367 2723 ergo

363 2804 391 2838 η)
415 2805 488 2830 Unde
512 2805 561 2830 hoc
585 2804 682 2837 ιι..οά
700 2812 718 2829 α
735 2805 862 2836 seipsa.-
843 2805 1001 2830 -Notamus
1024 2806 1150 2830 variantes
1176 2805 1305 2830 recitando
1331 2806 1367 2830 le-

312 2840 424 2864 ctionem
443 2841 604 2872 adoptatam:
623 2849 635 2864 <x
651 2839 726 2865 Unde
745 2839 794 2864 hoc
813 2840 883 2872 quod
902 2845 985 2864 totum
999 2848 1050 2864 non
1069 2845 1156 2865 movet
1170 2845 1261 2870 totum,
1276 2839 1368 2865 sufficit

1405 240 1555 276 LECT.
1585 240 1620 275 X

1428 317 1540 365 primi
1569 317 1758 354 moventis
1787 317 1965 365 seipsum,
1987 328 2063 353 una
2086 329 2174 364 pars
2202 317 2373 352 movebit
2400 329 2486 352 cum

1429 370 1474 405 sit
1501 369 1718 415 immobilis,
1748 369 1819 406 alia
1840 371 1859 390 ⁵⁸
1879 369 2106 405 movebitur.
2133 369 2213 405 Istis
2234 368 2334 404 enim
2363 369 2487 405 solum

1430 421 1578 458 duobus
1608 422 1732 458 modis
1760 422 1938 470 possibile
1968 429 2064 457 esset
2092 421 2195 469 quod
2219 433 2306 469 pars
2326 433 2488 458 movens

1429 481 1648 510 moveretur
1668 475 1699 520 ²³²,
1721 474 1859 511 scilicet
1879 481 1943 510 aut
1968 474 2073 521 quod
2092 480 2310 510 moveretur
2338 485 2360 509 a
2382 481 2487 521 parte

1429 527 1544 562 altera
1572 539 1687 574 quarn
1716 534 1863 572 movet,
1893 533 1957 562 aut
1984 526 2090 574 quod
2118 533 2292 562 moveret
2311 525 2485 574 seipsam.

1482 579 1592 615 Unde
1613 579 1884 615 attendendum
1910 586 1964 614 est
1992 578 2094 627 quod
2114 578 2344 624 Aristoteles,
2366 579 2488 614 exclu-

1430 631 1554 667 dendo
1575 631 1646 667 hos
1667 631 1763 667 duos
1782 631 1932 677 modos,
1954 630 2110 667 intendit
2138 631 2363 667 concludere
2383 633 2487 678 quod

1427 695 1515 731 pars
1535 695 1696 719 movens
1724 683 1762 719 in
1791 690 1970 719 movente
1991 683 2170 731 seipsum,
2196 683 2241 718 sit
2263 682 2486 729 immobilis;

1429 748 1507 772 non
1536 743 1663 772 autem
1693 735 1797 782 quod
1831 747 1992 771 movens
2031 735 2197 783 seipsum
2236 735 2423 771 dividatur
2450 735 2488 771 in

1430 788 1522 824 duas
1540 796 1677 847 partes,
1694 800 1854 836 quarum
1873 800 1949 824 una
1969 788 2015 824 sit
2033 799 2205 833 movenS,
2224 794 2259 823 et
2278 787 2349 823 alia
2367 794 2487 823 mota:

1427 841 1502 876 hoc
1531 853 1631 877 enim
1660 840 1889 876 sufficienter
1909 841 2129 876 conclusum
2150 847 2204 876 est
2221 852 2290 887 per
2318 839 2354 876 id
2384 840 2488 887 quod

1427 893 1586 940 primo·
1575 892 1786 939 *ostendiss
1808 893 1911 940 quod
1934 899 2055 928 totum
2074 904 2152 928 non
2171 899 2302 928 movet
2321 892 2525 940 seipsum

2410 239 2485 285 403

1428 953 1562 981 toturn.
1593 946 1642 981 Et
1670 945 1723 981 sic
1750 952 1852 993 patet
1884 945 1989 992 quod
2023 957 2101 981 non
2128 944 2195 980 fuit
2232 945 2508 981 necessarium—

1428 997 1618 1033 Aristoteli
1634 997 1811 1034 inducere
1828 999 1846 1018 *
1864 997 2090 1034 divisionem
2111 997 2278 1045 quinque
2294 997 2489 1033 membro-

1430 1061 1527 1095 rum,
1556 1057 1598 1085 ut
1625 1049 1780 1097 quidam
1810 1049 1995 1085 dixerunt:
2026 1061 2191 1096 quorum
2219 1061 2340 1085 unum
2369 1062 2488 1086 mern-

1429 1102 1542 1137 brum
1571 1101 1626 1146 sit,
1648 1101 1753 1148 quod
1782 1109 1903 1138 totum
1937 1109 2091 1138 moveat
2119 1109 2257 1147 totum;
2279 1103 2488 1139 secundum

1430 1154 1531 1202 quod
1560 1161 1682 1189 totum
1707 1161 1863 1190 moveat
1888 1162 2053 1202 partem;
2073 1153 2223 1190 tertium
2261 1155 2365 1202 quod
2401 1167 2488 1203 pars

1429 1213 1585 1243 moveat
1612 1213 1751 1251 totum;
1782 1213 1957 1254 quartum
1978 1206 2082 1254 quod
2111 1207 2208 1242 duae
2235 1214 2360 1254 partes
2379 1207 2488 1243 vicis-

1429 1258 1500 1295 sim
1521 1271 1560 1295 se
1585 1254 1783 1304 moveant3
1804 1259 1978 1306 quintum
1999 1258 2103 1306 quod
2130 1271 2206 1295 una
2224 1271 2312 1306 pars
2342 1259 2387 1295 sit
2405 1271 2489 1295 mo-

1428 1323 1523 1347 vens
1558 1318 1595 1347 et
1627 1311 1698 1347 alia
1726 1318 1841 1347 mota.
1873 1310 1913 1347 Si
1946 1310 2047 1346 enim
2085 1318 2206 1347 totum
2243 1323 2321 1347 non
2358 1320 2490 1349 movet

1428 1371 1562 1410 toturn,
1578 1375 1647 1411 per
1667 1363 1829 1400 eandem
1850 1363 2036 1399 rationem
2056 1363 2223 1411 sequitur
2243 1364 2347 1411 quod
2366 1371 2488 1400 totum

1427 1428 1506 1452 non
1526 1423 1682 1452 moveat
1707 1423 1866 1464 partem,
1887 1428 1958 1452 nec
1979 1428 2066 1464 pars
2094 1422 2232 1452 toturn:
2263 1416 2350 1464 quia
2386 1424 2488 1453 utro-

1428 1468 1541 1516 bique
1567 1475 1787 1517 sequeretur
1821 1468 1926 1517 quod
1955 1468 2080 1516 aliqua
2107 1481 2194 1516 pars
2228 1475 2333 1505 mota
2357 1481 2489 1505 move-

1428 1529 1483 1557 ret
1511 1521 1686 1569 seipsam.
1717 1521 1828 1558 Unde
1855 1521 1930 1557 hoc
1960 1521 2063 1569 quod
2091 1528 2213 1557 totum
2251 1533 2330 1557 non
2358 1529 2490 1572 movet

1426 1581 1560 1620 totum,
1582 1573 1720 1610 sufficit
1747 1574 1795 1610 ad
1825 1573 2131 1610 concludendum
2164 1573 2269 1622 quod
2297 1586 2373 1610 una
2400 1587 2488 1622 pars

1427 1626 1472 1662 sit
1495 1638 1657 1663 movens
1692 1634 1727 1662 et
1760 1626 1831 1662 alia
1857 1633 1977 1662 mota:
2008 1626 2075 1662 sed
2104 1626 2152 1662 ad
2181 1626 2487 1663 concludendum

1427 1679 1531 1726 quod
1558 1691 1645 1726 pars
1682 1691 1843 1715 movens
1877 1691 1955 1715 non
1991 1685 2211 1726 moveatur,
2240 1679 2378 1726 probat
2410 1679 2487 1716 duo

1427 1731 1509 1777 alia,
1531 1731 1669 1767 scilicet
1697 1732 1801 1778 quod
1828 1743 1915 1779 pars
1943 1743 2105 1767 movens
2134 1743 2212 1767 non
2241 1739 2441 1768 moveatur
2467 1744 2489 1768 a

1427 1790 1541 1829 mota,
1570 1790 1606 1819 et
1634 1783 1737 1831 quod
1766 1796 1845 1819 non
1873 1791 2074 1820 moveatur
2101 1796 2123 1819 a
2151 1784 2274 1831 seipsa
2301 1789 2326 1820 η.

1486 1847 1543 1872 12.
1568 1836 1617 1872 Et
1649 1835 1697 1872 ad
1725 1836 1799 1872 hoc
1835 1836 2045 1875 secundum
2076 1836 2320 1884 probandum
2347 1835 2490 1873 inducit

1427 1888 1635 1924 secundam
1655 1888 1842 1924 rationem
1861 1888 1929 1924 ibi:
1950 1889 2122 1936 Amplius
2140 1889 2174 1925 si
2191 1894 2265 1925 tota
2286 1897 2368 1925 etc.:
2390 1901 2487 1937 quae

1426 1940 1508 1976 talis
1537 1948 1601 1977 est.
1633 1941 1672 1976 Si
1703 1941 1809 1977 detur
1846 1941 1948 1988 quod
1976 1953 2062 1989 pars
2100 1953 2262 1978 movens
2299 1942 2488 1978 moventis

2517 379 2525 387 '¹
2540 380 2616 399 autem
2632 379 2683 400 add.
2700 385 2730 400 nz

2515 410 2644 430 Γοι-ιικοεῑς
2659 411 2672 425 Β
2686 405 2728 426 lac.

2515 484 2525 493 '¹
2539 484 2659 504 moveatur
2679 490 2701 504 P.

2540 904 2610 926 Num.
2625 910 2644 932 3,
2656 911 2680 931 4.

2517 1006 2526 1013 ·
2542 1005 2565 1025 in
2582 1004 2633 1025 add.
2644 1010 2730 1026 Aeixffl

2517 1036 2628 1052 οετνχγα.

1427 1993 1606 2041 seipsum,
1628 1993 1709 2041 ipsa
1735 2000 1812 2029 tota
1841 1993 2004 2041 seipsam
2034 2001 2199 2040 moveat,
2227 1994 2394 2042 sequitur
2420 2006 2489 2042 per
2538 1993 2540 1995 ’

1426 2058 1540 2094 supra
1559 2046 1730 2094 probata,
1752 2046 1857 2093 quod
1877 2045 1992 2094 ipsius
2011 2046 2126 2094 partis
2146 2046 2282 2083 iterum
2306 2059 2382 2083 una
2400 2058 2487 2094 pars

1427 2106 1581 2135 moveat
1618 2106 1653 2135 et
1690 2098 1761 2134 alia
1792 2105 2012 2135 moveatur:
2042 2099 2117 2135 iam
2155 2099 2257 2135 enim
2293 2106 2487 2136 ostensum

1428 2158 1483 2186 est
1501 2163 1616 2198 supra
1633 2152 1652 2172 *
1667 2151 1772 2198 quod
1792 2158 1914 2187 totum
1935 2163 2014 2187 non
2033 2159 2165 2188 movet
2184 2152 2351 2200 seipsum
2372 2152 2486 2198 aliter,

1426 2202 1496 2238 nisi
1525 2215 1594 2250 per
1630 2204 1704 2239 hoc
1732 2203 1836 2251 quod
1868 2216 1945 2240 una
1971 2215 2059 2251 pars
2089 2204 2167 2240 eius
2195 2212 2326 2240 movet
2354 2212 2390 2240 et
2417 2205 2488 2241 alia

1426 2262 1614 2292 movetur.
1637 2255 1692 2292 Sit
1711 2267 1800 2304 ergo
1819 2267 1907 2303 pars
1924 2268 2085 2293 movens
2104 2257 2292 2293 moventis
2308 2257 2486 2305 seipsum,

1426 2308 1510 2343 AB:
1531 2320 1600 2356 per
1618 2308 1803 2344 rationem
1823 2320 1911 2355 ergo
1931 2309 2177 2356 praemissam
2197 2309 2364 2357 sequitur
2383 2310 2487 2358 quod

1425 2373 1502 2396 una
1521 2372 1607 2408 pars
1628 2360 1707 2396 eius
1727 2360 1772 2396 sit
1796 2372 1970 2407 movens,
1992 2361 2130 2397 scilicet
2148 2363 2194 2408 Α,
2216 2369 2252 2398 et
2280 2362 2351 2398 alia
2370 2369 2484 2409 mota,

1426 2412 1562 2448 scilicet
1590 2414 1632 2449 B.
1656 2413 1695 2449 Si
1726 2425 1814 2460 ergo
1842 2414 1909 2449 AB
1938 2421 2094 2450 moveat
2120 2421 2197 2450 tota
2226 2427 2266 2450 se
2294 2422 2425 2461 totam,
2445 2422 2487 2451 ut

1425 2472 1465 2501 tu
1492 2465 1614 2513 ponis,
1636 2465 1804 2513 sequitur
1831 2466 1936 2513 quod
1964 2466 2065 2502 idem
2090 2474 2292 2503 moveatur
2311 2479 2333 2502 a
2351 2468 2371 2487 ’¹‘
2392 2467 2485 2503 duo-

1426 2518 1496 2554 bus
1523 2518 1744 2564 motoribus‚
1767 2518 1904 2554 scilicet
1931 2531 1953 2554 a
1980 2526 2071 2565 toto,
2093 2519 2198 2567 quod
2227 2526 2282 2557 est
2309 2521 2387 2565 AB,
2410 2527 2446 2556 et
2464 2533 2486 2556 a

1424 2577 1547 2618 parte,
1578 2583 1674 2619 quae
1704 2578 1758 2607 est
1785 2572 1840 2616 A;
1870 2571 1974 2619 quod
2004 2578 2058 2607 est
2086 2571 2328 2619 impossibile.
2359 2572 2485 2609 Relin-

1425 2623 1550 2672 quitur
1578 2635 1666 2670 ergo
1696 2623 1800 2671 quod
1836 2635 1923 2671 pars
1956 2636 2118 2660 movens
2146 2623 2184 2660 in
2219 2631 2398 2661 movente
2428 2637 2484 2661 se-

1423 2675 1559 2724 ipsum,
1582 2683 1637 2712 est
1664 2676 1821 2712 omnino
1850 2675 2067 2713 immobilis.

1422 2806 1485 2830 dum
1504 2807 1574 2838 quod
1593 2814 1652 2838 pars
1673 2814 1780 2831 movens
1801 2806 1917 2839 (movens
1936 2815 1988 2831 om.
2007 2806 2126 2839 FGRpE)
2147 2814 2197 2831 non
2217 2812 2350 2832 moveatur
2370 2805 2378 2840 (
2385 2811 2411 2832 et
2429 2808 2484 2832 alia

1422 2844 1521 2866 mota...
1541 2845 1680 2866 moveatur
1697 2850 1749 2866 om.
1764 2842 1794 2870 N,
1816 2845 1914 2867 mota...
1940 2845 2079 2866 moveatur·
2096 2849 2148 2866 om.
2169 2842 2235 2874 pH),
2248 2843 2346 2877 probat
2365 2843 2416 2866 duo
2435 2844 2484 2867 alia

311 2875 343 2899 ad
363 2875 570 2899 concludendum
599 2874 652 2907 (ad
670 2875 784 2907 quinque
807 2875 1001 2900 excludendum
1027 2875 1068 2908 R)
1089 2876 1158 2908 quod
1182 2883 1233 2900 una
1258 2883 1316 2907 pars
1336 2876 1368 2900 sit
1421 2876 1494 2907 (alia
1506 2884 1560 2900 om.
1578 2877 1640 2908 ab),
1661 2877 1756 2901 scilicet
1769 2878 1839 2909 quod
1858 2885 1918 2909 pars
1933 2885 2040 2901 movens
2061 2885 2112 2901 non
2131 2882 2264 2901 moveatur
2279 2878 2402 2910 (pr-olvat..
2397 2895 2412 2902 ..
2429 2885 2483 2902 mo-

311 2918 421 2934 movens
450 2915 476 2934 et
500 2910 549 2934 alia
571 2916 641 2934 mota
666 2910 719 2941 (sit
745 2913 817 2935 mota
841 2913 867 2934 et
894 2910 948 2934 alia
973 2917 1078 2935 movens
1103 2910 1369 2942 AIKLQSTXYab).·

311 2945 358 2969 sed
377 2943 446 2978 (non
466 2945 524 2970 add.
538 2945 589 2976 sQ,
605 2952 655 2970 non
674 2945 774 2978 sufficit
791 2945 850 2981 add.
863 2945 906 2969 PC
920 2951 945 2970 et
959 2945 1146 2978 Venet.15o4)
1163 2946 1194 2970 ad
1214 2946 1368 2970 concluden-

1422 2915 1516 2936 veatur
1534 2911 1632 2936 homot.
1647 2920 1701 2936 0111.
1715 2912 1744 2942 Ρ,
1759 2913 1850 2937 Venet.
1871 2911 1937 2943 1504
1957 2917 1981 2936 et
2000 2912 2074 2936 codd.
2094 2920 2146 2936 exc.
2166 2912 2363 2946 DEFGOZpH)
2378 2918 2483 2942 amota,

1422 2951 1447 2971 et
1465 2947 1535 2979 quod
1555 2954 1607 2971 non
1627 2952 1760 2971 moveatur
1780 2955 1794 2972 a
1814 2946 1924 2980 (mota...
1943 2955 1960 2972 a
1979 2955 2033 2972 om.
2051 2948 2082 2980 F)
2103 2947 2220 2980 seipsa.»

894 3238 1530 3291 -ῲὴοεο-ΒέχςςῚ--κε-

2517 2164 2526 2172 ”
2540 2163 2611 2184 Num.
2625 2169 2637 2190 3
2652 2170 2719 2192 seqq.

2514 2471 2592 2493 *Ain
