2898 3996
452 265 526 300 208

1079 266 1424 304 PHYSICORUM
1451 268 1799 306 ARISTOTELIS
1829 269 1922 306 LIB.
1953 270 2006 307 IV

1104 524 1405 582 LECTIO
1442 526 1981 591 DECIMANONA

860 710 1230 743 MANIFESTANTUR
1252 703 1466 750 Q'UAEDAM
1490 712 1608 750 QUAE
1627 714 1685 745 DE
1708 714 1915 746 TEMPORE
1938 715 2025 747 D1C1
2049 715 2218 748 SOLENT

443 884 523 920 ’Ότι
547 883 606 928 μὲν
633 886 743 916 τοίνυν
771 884 787 915 ό
812 883 929 928 χρόνος
961 883 1096 928 ἀριθμός
1128 884 1201 917 ἔστι
1229 883 1390 923 κινήσεως
1422 887 1518 920 κατὰ

519 929 560 961 τό
596 928 759 973 πρότερον
791 930 850 960 καὶ
881 927 1041 973 ὕστερον,
1075 931 1134 961 καὶ
1163 927 1305 976 συνεχής
1339 929 1518 976 (συνεχοῦς

517 971 618 1030 γάρ),
636 971 789 1016 φανερόν.
819 971 1024 1017 Ἐλάχιστος
1050 967 1087 1004 δὲ
1114 973 1249 1018 ἀριθμός
1276 973 1292 1005 ὁ
1317 973 1375 1017 μὲν
1403 975 1516 1014 ἁπλῶς

520 1019 635 1093 εστίνὲ
656 1018 677 1054 ἦ
702 1011 797 1052 δυάς.
831 1018 884 1054 Τὶς
910 1015 948 1050 δὲ
979 1015 1113 1060 ἀριθμός
1145 1017 1218 1050 ἐ’στι
1247 1017 1305 1062 μὲν
1338 1018 1380 1056 ὥς
1410 1018 1516 1062 ἔστιν,

519 1061 592 1094 ἔστι
639 1062 646 1073 ’

517 1105 565 1137 θει
591 1105 649 1148 μέν
677 1103 768 1137 ἐστιν
795 1107 830 1135 αἱ
855 1101 916 1138 δύο
941 1104 963 1142 ἦ
987 1106 1010 1142 ἦ
1035 1107 1110 1149 μία,
1129 1105 1261 1152 μεγέθει
1340 1106 1400 1138 οὐκ.
1425 1106 1517 1140 ἔστιν

520 1149 715 1195 ἐλάχιστος·
744 1149 796 1181 ἀεὶ
820 1149 886 1195 γάρ
910 1145 1094 1194 διαιρεῖται
1118 1151 1216 1183 πᾶσα
1239 1149 1392 1198 γραμμή.
1420 1150 1515 1184 ⁰000·

519 1195 637 1238 ὁμοίως
665 1194 724 1224 καὶ
749 1193 766 1224 ὁ
784 1192 922 1248 χρόνος·
949 1192 1131 1239 ἐλάχιστος
1154 1196 1219 1241 γάρ
1242 1195 1339 1229 κατά
1362 1193 1422 1237 μὲν
1450 1197 1518 1240 ἀρι-

518 1237 599 1283 θμόν
621 1239 712 1271 ἐστιν
733 1238 748 1269 ὁ
767 1249 811 1275 εις
838 1236 859 1274 ἦ
885 1241 915 1270 οἰ
933 1234 1007 1280 δυό,
1024 1239 1120 1272 κατά
1139 1238 1277 1286 μέγεθος
1298 1236 1327 1272 δ’
1350 1238 1410 1270 οὐκ
1429 1240 1514 1274 ἔστι.

451 1326 600 1371 Φανερὸν
625 1321 662 1357 δὲ
685 1326 744 1356 καὶ
771 1324 825 1357 ὅτι
850 1326 959 1371 ταχύς
985 1325 1044 1369 μὲν
1068 1328 1125 1358 καὶ
1152 1322 1276 1371 βραδύς
1304 1327 1341 1359 οὗ
1358 1325 1514 1370 λέγεται,

519 1371 623 1407 πολύς
649 1366 685 1401 δέ
709 1369 767 1400 καὶ
794 1367 905 1415 ὀλίγος
929 1371 988 1401 καὶ
1005 1371 1130 1414 μακρός
1155 1373 1212 1402 καὶ
1232 1369 1372 1426 βραχύς.
1392 1371 1436 1414 “ῌ
1457 1373 1516 1416 μὲν

518 1413 581 1460 γάρ
607 1413 763 1459 συνεχής,
790 1414 915 1458 μακρός
940 1415 998 1445 καὶ
1023 1413 1162 1459 βραχύς·
1191 1414 1211 1458 ᾖ
1236 1410 1264 1446 δ’
1288 1413 1438 1459 αριθμός,
1458 1427 1519 1448 πο-

517 1458 577 1496 λὺς
609 1461 667 1490 καὶ
701 1458 826 1502 ὀλίγος·
859 1457 970 1513 ταχύς
1002 1451 1040 1488 δὲ
1072 1460 1129 1489 καὶ
1167 1454 1289 1503 βραδύς
1320 1459 1380 1491 οὐκ
1410 1460 1516 1492 ἔστιν·

520 1498 598 1578 οὐξὲ
617 1502 681 1548 γάρ
708 1503 724 1534 ὀ
751 1501 886 1547 ἀριθμὸς
912 1515 934 1543 ῳ
961 1500 1160 1547 ἀριθμοῦμεν
1183 1503 1293 1548 ταχύς
1317 1505 1377 1534 καὶ
1393 1499 1517 1547 βραδιὶς

521 1547 558 1579 οὐ
584 1549 640 1583 είς.

451 1593 516 1623 Καὶ
543 1591 559 1622 ό
586 1589 691 1627 αὐτός
715 1584 754 1621 δὲ
780 1589 966 1633 πανταχοῦ
992 1586 1076 1632 ἅμα·
1103 1589 1265 1634 πρότερον
1290 1585 1403 1622 δὲκαὶ
1422 1589 1518 1624 ὕστε-

518 1646 571 1679 ρον
600 1635 662 1678 οὐχ
688 1634 702 1664 ὁ
730 1632 855 1674 αὐτός,
884 1631 936 1666 ὅτι
966 1634 1024 1664 καὶ
1057 1635 1076 1670 ἡ
1107 1635 1287 1677 μεταβολή
1313 1635 1334 1671 τ’)
1359 1635 1418 1679 μὲν
1452 1647 1519 1668 πα-

518 1680 622 1721 ροῦσα
647 1680 721 1721 μία,
742 1679 762 1714 η
781 1673 819 1709 δὲ
843 1677 1048 1722 γεγενημένη
1074 1680 1132 1709 καὶ
1159 1679 1179 1715 ἡ
1205 1678 1375 1722 μέλλουσα
1401 1679 1514 1724 ἑτέρα.

515 1724 551 1754 'O
575 1718 612 1754 ’δὲ
637 1721 753 1768 χρόνος
782 1719 919 1766 ἀριθμός
946 1722 1036 1755 ἐστιν
1063 1723 1128 1766 οὐχ
1151 1722 1174 1764 ᾤ
1202 1721 1417 1767 ἀριθμοῦμεν,
1438 1725 1512 1756 ἀλλ’

520 1767 535 1798 ὁ
563 1764 814 1810 ἀριθμούμενος.
852 1767 959 1804 Οὗτος
990 1761 1027 1796 δὲ
1057 1767 1232 1809 συμβαίνει
1264 1765 1427 1810 πρότερον
1458 1770 1515 1800 καὶ

519 1810 657 1853 ὕστερον
692 1810 744 1842 ἀεὶ
776 1808 901 1854 ἕτερος·
929 1810 978 1843 τοὶ
1000 1811 1064 1866 γάρ
1089 1811 1145 1842 νῦν
1172 1810 1284 1854 ἕτερα.
1313 1811 1412 1843 Ἔστι
1436 1807 1473 1843 δὲ
1500 1813 1515 1844 ό

520 1854 655 1899 ἀριθμός
681 1854 725 1891 εἷς
755 1854 814 1896 μὲν
846 1856 904 1886 καὶ
931 1856 946 1886 ὁ
973 1856 1078 1893 αὐτος
1105 1855 1121 1886 ὀ
1147 1856 1214 1886 τῶν
1245 1855 1371 1887 ἑκατόν
1399 1855 1514 1888 ἵππων

516 1901 573 1931 καὶ
600 1899 665 1931 τῶν
693 1898 815 1930 ἑκατὸν
844 1897 1038 1943 ἀνθρώπων,
1065 1899 1107 1931 ὦν
1132 1894 1161 1939 δ’
1185 1898 1334 1942 ἀριθμός,
1355 1898 1467 1944 ἕτερα,
1486 1903 1515 1932 οἰ

515 1943 618 1976 ’ίπποι
643 1943 708 1975 τῶν
737 1941 928 1985 ἀνθρώπων.

444 1986 521 2020 Ἔτι
546 1989 588 2025 ὠς
623 1982 801 2032 ἐνδέχεται
832 1989 958 2024 κίνησιν
988 1985 1074 2019 εἶναι
1108 1987 1171 2023 τήν
1207 1986 1317 2023 αὐτὴν
1349 1988 1407 2018 καὶ
1436 1990 1515 2031 μίαν

518 2031 620 2064 πάλιν
645 2033 703 2062 καὶ
729 2032 851 2071 πάλιν,
881 2030 969 2064 οὕτω
994 2034 1050 2063 καὶ
1081 2031 1220 2076 χρόνον,
1248 2031 1316 2062 οἷον
1342 2031 1513 2072 ἐνιαυτόν,

519 2074 539 2112 ἦ
566 2075 637 2119 ἔαρ,
664 2073 686 2111 ἦ
711 2074 919 2119 μετόπωρον.

523 2119 622 2163 μόνον
647 2114 686 2150 δὲ
702 2118 766 2155 την
790 2121 918 2156 κίνησιν
939 2121 986 2161 τῷ
1005 2118 1111 2164 χρόνῳ
1129 2130 1192 2163 μετ
1215 2119 1327 2162 οῦμεν,
1349 2119 1439 2151 ἀλλά
1454 2122 1514 2151 καὶ

519 2165 564 2206 τῇ
593 2162 721 2199 κινήσει
747 2163 805 2195 τόν
838 2162 956 2208 χρόνον
982 2159 1041 2196 δια
1065 2163 1106 2195 τὸ
1133 2164 1180 2206 όρί
1203 2162 1298 2194 εσθαι
1324 2163 1378 2194 ὑπ’
1410 2164 1516 2200 ἀλλη-

517 2210 597 2239 λων·
625 2208 640 2239 c:
665 2207 725 2251 μὲν
749 2207 813 2252 γάρ
845 2207 962 2253 χρόνος
993 2208 1091 2252 ὁρίζει
1123 2207 1186 2243 την
1218 2209 1344 2244 κίνησιν
1379 2207 1512 2252 ἀριθμὸς

518 2251 560 2283 ὢν
587 2252 715 2291 αὐτῆς,
743 2254 763 2289 ἡ
789 2248 826 2284 δέ
860 2254 984 2290 κίνησις
1016 2252 1076 2284 τὸν
1109 2250 1239 2296 χρόνον.
1273 2252 1337 2283 Καὶ
1370 2252 1512 2297 λέγομεν

519 2296 623 2328 πολύν
649 2295 669 2332 ἦ
696 2297 807 2342 ὀλίγον
832 2295 964 2340 χρόνον,
992 2298 1038 2338 τῇ
1062 2296 1191 2332 κινήσει
1216 2295 1432 2341 μετροῦντες,
1454 2307 1515 2328 κα-

518 2339 624 2383 θάπερ
656 2342 714 2372 καὶ
747 2342 794 2382 τῷ
822 2339 994 2384 ἀριθμητῷ
1025 2340 1083 2372 τὸν
1115 2339 1272 2384 ἀριθμόν,
1300 2341 1367 2372 οἷον
1393 2341 1441 2382 τῷ
1468 2342 1513 2372 ἑνὶ

515 2385 610 2426 ἵππῳ
636 2385 695 2417 τόν
721 2387 786 2416 τῶν
813 2385 928 2416 ἳππων
957 2383 1105 2428 ἀριθμόν·
1133 2386 1180 2426 τῷ
1205 2384 1264 2428 μὲν
1289 2385 1354 2439 γάρ
1389 2383 1512 2429 ἀριθμῷ

519 2429 560 2461 τι)
585 2430 650 2462 τῶν
672 2429 786 2461 ’ίππων
813 2428 940 2466 πλῆθος
965 2429 1177 2474 γνωρίζομεν·
1205 2428 1308 2461 πάλιν
1333 2428 1371 2460 ὸέ
1396 2430 1444 2470 τῷ
1467 2431 1513 2461 ἑνὶ

514 2473 608 2514 ’ίππῳ
634 2473 693 2506 τὸν
719 2474 784 2505 τῶν
807 2474 922 2505 ἳππων
943 2472 1078 2517 ἀριθμὸν
1098 2471 1218 2505 αὐτόν.
1242 2474 1380 2528 Ὁμοίως
1397 2469 1435 2505 δέ
1454 2476 1512 2505 καὶ

518 2519 572 2550 ἐπὶ
598 2518 660 2549 τοῦ
684 2517 804 2562 χρόνου
829 2519 887 2549 καὶ
905 2518 966 2554 τῆς
991 2517 1164 2555 κινήσεως·
1183 2518 1230 2558 τῷ
1248 2529 1306 2562 μεν
1325 2517 1390 2564 γάρ
1406 2517 1511 2563 χρόνῳ

518 2561 581 2598 τήν
606 2564 750 2602 κίνησιν,
786 2563 830 2604 τῇ
856 2557 893 2593 δὲ
916 2561 1046 2598 κινήσει
1072 2562 1130 2594 τόν
1160 2561 1278 2606 χρόνον
1311 2563 1509 2606 μετροῦμεν.

449 2607 515 2638 Καὶ
541 2607 635 2638 τοῦτ’
665 2605 810 2651 εὐλόγως
837 2605 1060 2650 συμβέβηκεν·
1091 2604 1268 2638 ἀκολουθεῖ
1289 2605 1353 2651 γάρ
1379 2606 1427 2646 τῷ
1452 2605 1511 2649 μὲν

517 2649 650 2696 μεγέθει
676 2652 696 2687 ἡ
721 2653 867 2690 κίνησις,
895 2651 941 2692 τῇ
965 2646 1003 2681 δέ
1030 2650 1158 2687 κινήσει
1185 2651 1200 2681 ό
1225 2649 1355 2694 χρόνος,
1382 2649 1430 2690 τῷ
1453 2651 1511 2680 καὶ

518 2695 611 2727 ποσοὶ
637 2697 695 2726 καὶ
720 2696 843 2748 συνεχῇ
876 2695 934 2726 καὶ
963 2689 1121 2738 διαιρεταὶ
1150 2690 1248 2725 εἶναι·
1281 2692 1340 2725 δια
1363 2693 1421 2736 μὲν
1446 2695 1510 2746 γάρ

451 2121 496 2152 Οὐ

517 2739 557 2772 τὸ
583 2739 624 2771 τὸ
649 2738 787 2784 μέγεθος
814 2750 898 2770 ειναι
929 2749 1087 2770 τοιοῦτον
1114 2738 1134 2774 ’ἡ
1159 2739 1283 2774 κίνησις
1309 2738 1428 2769 ταῦτα
1454 2749 1534 2769 πε-,

518 2782 632 2823 πονθε,
659 2779 718 2815 διά
740 2778 778 2814 δὲ
802 2783 866 2819 τήν
891 2784 1018 2819 κίνησιν
1045 2783 1060 2813 ὀ
1084 2781 1213 2826 χρόνος.
1241 2782 1306 2812 Καὶ
1324 2781 1510 2825 μετροῦμεν

516 2829 574 2859 καὶ
600 2827 640 2860 τὸ
666 2826 804 2872 μέγεθος
831 2826 875 2868 τῇ
901 2825 1041 2866 κινήσει,
1067 2829 1124 2857 καὶ
1150 2824 1213 2861 τήν
1238 2827 1364 2862 κίνησιν
1391 2826 1438 2867 τῷ
1481 2838 1512 2857 ε-

517 2871 620 2917 γέθει·
648 2862 777 2906 πόλλην
808 2870 872 2916 γάρ
901 2867 985 2901 εἷναί
1016 2881 1122 2912 φαμεν
1157 2869 1219 2905 την
1247 2865 1343 2911 ὀδόν,
1380 2868 1417 2902 ἂν
1445 2837 1510 2911 ἵν’)

519 2917 637 2960 πορεία
667 2914 798 2954 πολλή,
831 2916 888 2945 καὶ
922 2913 1054 2951 ταύτην
1087 2913 1238 2954 πολλήν,
1274 2912 1311 2945 ἂν
1342 2914 1362 2950 ἡ
1390 2908 1463 2951 ὁδὸς
1491 2911 1512 2955 ᾗ

519 2958 643 2995 πολλη·
669 2962 725 2991 καὶ
753 2959 811 2991 τὸν
836 2957 976 3003 χρόνον,
1005 2957 1043 2990 ἂν
1070 2959 1090 2994 τ’)
1115 2960 1254 2995 κίνησις·
1280 2959 1338 2989 καὶ
1372 2957 1436 2994 την
1465 2959 1512 2988 κί-

518 3015 629 3044 νησιν,
658 3002 696 3035 ἂν
723 3004 738 3035 ὀ
763 3001 892 3047 χρόνος.

506 3119 654 3146 Smopms.
682 3133 716 3138 -
747 3126 771 3144 1.
801 3117 1010 3153 Argumentum
1040 3122 1067 3144 et
1088 3115 1190 3143 divrsio
1218 3121 1318 3144 textus.
1340 3131 1358 3136 -
1381 3123 1408 3143 2.
1440 3116 1514 3143 Cum

453 3164 567 3194 tempus
587 3157 622 3185 sit
643 3166 780 3185 numerus
802 3162 978 3191 numeratus,
1001 3156 1161 3192 habeatque
1183 3154 1399 3183 continuitatem
1421 3156 1457 3184 ab
1479 3164 1514 3183 eo

453 3197 533 3225 cuius
555 3204 596 3225 est
617 3206 764 3231 numerus,
780 3202 821 3224 est
843 3195 871 3223 in
893 3205 928 3223 eo
951 3195 1076 3223 invenire
1092 3195 1244 3223 minimum
1267 3196 1424 3223 secundum
1441 3195 1514 3222 mul-

452 3237 613 3271 titudinem,
636 3236 741 3264 scilicet
762 3245 852 3263 unum
874 3235 917 3263 vel
940 3235 1009 3269 du0;
1031 3244 1091 3262 non
1113 3241 1209 3262 autem
1231 3235 1388 3262 seeundum
1405 3234 1514 3271 magni-

452 3277 598 3312 tudinem,
628 3276 695 3313 quia
719 3275 868 3304 cuiuslibet
893 3274 1032 3311 temporis
1060 3274 1118 3302 dati
1140 3280 1181 3302 est
1209 3273 1336 3310 accipere
1364 3281 1457 3310 partes
1486 3273 1514 3301 in

453 3326 524 3352 quas
546 3316 689 3344 dividitur.
713 3332 732 3337 -
755 3316 780 3343 3.
802 3316 931 3351 Tempus
952 3314 1054 3342 dicitur
1075 3314 1195 3352 longum
1218 3320 1245 3341 et
1265 3314 1353 3342 breve
1375 3320 1515 3350 quatenus

454 3355 622 3383 continuum
638 3362 693 3390 est3
709 3355 829 3383 multum
850 3361 876 3382 et
893 3363 1019 3392 paucum
1034 3363 1103 3382 vero
1118 3359 1204 3390 prout
1225 3359 1267 3381 est
1288 3362 1433 3381 numerus.
1450 3354 1515 3381 Non

454 3401 551 3422 tamen
573 3395 675 3423 dicitur
698 3395 785 3423 velox
806 3401 833 3422 et
856 3394 988 3422 tardum:
1011 3394 1066 3422 hoc
1088 3393 1164 3421 enirn
1187 3392 1319 3421 convenit
1347 3399 1514 3428 numerato,

455 3443 514 3461 non
536 3441 631 3462 autem
654 3444 793 3469 numero;
814 3434 896 3462 velox
918 3443 1044 3470 namque
1066 3433 1110 3461 vel
1131 3433 1229 3461 tardus
1245 3432 1347 3460 dicitur
1362 3439 1457 3460 motus
1472 3442 1515 3460 se-

455 3474 581 3500 cundum
604 3475 681 3509 quod
704 3483 793 3510 parvo
815 3474 858 3501 vel
881 3483 988 3510 magno
1006 3479 1136 3509 tempore
1151 3478 1340 3500 mensuratur.
1357 3481 1412 3507 -4.
1428 3473 1515 3500 Tem-

455 3521 509 3547 pus
531 3521 589 3539 non
612 3512 815 3540 diversificatur
838 3514 996 3541 secundum
1021 3512 1147 3547 mobilia,
1170 3513 1219 3540 sed
1241 3512 1399 3540 secundum
1421 3518 1515 3548 partes

457 3551 584 3578 ciusdem
601 3558 705 3579 motus.
726 3554 799 3580 Cum
816 3562 883 3589 crgo
899 3552 991 3588 prima
1012 3552 1132 3580 mutatio
1154 3561 1298 3588 praesens,
1320 3551 1400 3579 cuius
1421 3551 1514 3588 primo

455 3597 486 3618 et
508 3590 701 3626 principaliter
722 3601 858 3619 numerus
880 3598 992 3628 tempus
1014 3599 1064 3627 est,
1080 3601 1137 3620 una
1156 3591 1205 3627 sit;
1221 3590 1304 3619 huius
1319 3597 1414 3619 autem
1429 3591 1515 3619 altera

672 1061 712 1098 ὥς
739 1061 799 1092 οὐκ
825 1060 930 1104 ἔστιν,
949 1061 1017 1093 οἷον
1042 1063 1200 1107 γραμμῆς
1226 1062 1406 1140 ἐλάχιστος
1431 1063 1519 1100 πλή-
1550 1063 1552 1066 ’

1569 889 1587 909 *
1601 890 1700 927 Quod
1722 890 1852 931 quidem
1874 890 1970 931 igitur
1996 897 2122 932 tempus
2145 901 2296 924 numerus
2320 899 2428 924 motus
2456 893 2632 924 secundum

1636 934 1723 975 prius
1742 941 1772 966 et
1787 935 1943 975 posterius
1959 935 2013 974 sit,
2033 943 2067 978 et
2079 935 2268 967 continuum
2287 935 2444 979 (continui
2459 936 2631 980 namque),

1636 977 1839 1010 manifestum
1863 985 1918 1010 est.
1938 978 1956 997 '7
1979 979 2132 1010 Minimus
2155 986 2262 1011 autem
2284 990 2454 1020 numerus,
2478 981 2534 1023 qui
2556 981 2630 1012 sim-

1637 1021 1757 1062 pliciter
1772 1021 1902 1063 quidem
1923 1029 1983 1061 est,
2008 1023 2139 1055 dualitas
2156 1030 2215 1054 est:
2240 1023 2370 1064 quidam
2389 1031 2495 1055 autern
2519 1034 2631 1057 nume-

1635 1075 1709 1105 rus,
1729 1073 1775 1097 est
1798 1066 1854 1107 qui
1882 1073 1928 1097 est
1951 1066 2081 1107 quidem
2105 1067 2166 1106 sic,
2191 1074 2236 1098 est
2259 1073 2367 1098 autem
2390 1073 2542 1110 tanquam
2564 1079 2630 1100 non

1637 1109 1697 1148 sic;
1721 1116 1757 1141 ut
1778 1109 1878 1140 lineae
1901 1109 2072 1141 minimum
2102 1110 2305 1141 multitudine
2328 1111 2458 1152 quidem
2481 1119 2528 1142 est
2549 1113 2630 1144 duae

1637 1160 1691 1184 aut
1709 1163 1783 1192 una,
1800 1153 2016 1194 magnitudine
2033 1160 2139 1185 autem
2154 1163 2219 1184 non
2239 1161 2284 1185 est
2299 1154 2487 1194 minimum;
2506 1160 2635 1196 sempor

1638 1197 1723 1228 enim
1746 1197 1894 1228 dividitur
1911 1198 2016 1228 omnis
2031 1197 2124 1229 linea.
2148 1198 2254 1235 Quare
2273 1197 2415 1230 similiter
2437 1205 2468 1230 et
2490 1199 2629 1240 tempus:

1638 1241 1808 1272 minimum
1823 1241 1909 1271 enim
1924 1241 2055 1281 quidem
2073 1248 2120 1272 est
2133 1241 2310 1272 secundum
2331 1248 2513 1282 numerum,
2527 1253 2632 1275 unum

1631 1291 1689 1320 ‚aut
1712 1284 1793 1323 du0;
1817 1284 1994 1315 secundum
2015 1294 2090 1315 vero
2115 1285 2365 1325 magnitudinem
2387 1295 2454 1318 non
2477 1292 2532 1318 est.

1570 1327 1588 1346 ⁴⁹
1604 1327 1808 1358 Manifestum
1832 1334 1878 1358 est
1900 1334 2007 1359 autem
2023 1336 2152 1369 propter
2169 1329 2247 1369 quid
2262 1329 2388 1360 tardum
2406 1337 2436 1361 et
2450 1330 2542 1362 velox
2564 1341 2632 1362 non

1638 1371 1764 1402 dicitur:
1782 1372 1922 1403 multum
1937 1379 2043 1403 autem
2062 1378 2094 1403 et
2108 1382 2265 1412 paucum,
2281 1379 2312 1404 et
2325 1374 2417 1404 breve
2441 1381 2471 1405 et
2484 1374 2630 1415 longum.

1637 1415 1820 1447 Secundum
1844 1415 1929 1446 enim
1944 1417 2031 1457 quod
2056 1416 2245 1447 continuum
2261 1424 2317 1456 est,
2333 1417 2467 1457 longum
2484 1425 2515 1449 et
2537 1419 2630 1451 breve

1638 1459 1766 1498 dicitur;
1794 1460 1971 1491 secundum
1997 1467 2104 1491 autem
2127 1461 2216 1502 quod
2240 1470 2409 1500 numerus,
2437 1462 2578 1494 multum
2601 1468 2632 1495 et

1637 1513 1786 1544 paucum.
1803 1502 1904 1534 Velox
1927 1510 2034 1535 autem
2053 1511 2084 1535 et
2104 1504 2231 1535 tardum
2254 1514 2319 1536 non
2343 1511 2405 1536 est:
2422 1515 2526 1547 neque
2546 1506 2635 1539 enim*

1637 1557 1788 1578 numerus
1811 1557 1877 1588 quo
1901 1557 2117 1587 numeramus,
2133 1548 2225 1579 velox
2248 1555 2278 1580 et
2299 1549 2406 1580 tardus
2428 1549 2513 1581 ullus
2536 1557 2592 1582 est.

1569 1590 1589 1609 θ’
1600 1590 1641 1622 Et
1656 1591 1740 1622 idem
1756 1597 1863 1622 autem
1879 1591 1996 1632 ubique
2009 1590 2114 1623 simul.
2129 1591 2220 1624 Prius
2231 1599 2338 1624 autem
2353 1599 2384 1624 et
2397 1590 2555 1634 posterius
2564 1603 2632 1627 non

1637 1635 1737 1666 idem:
1761 1635 1836 1676 quia
1859 1642 1890 1667 et
1912 1635 2047 1667 mutatio
2062 1646 2208 1676 praesens
2226 1636 2359 1677 quidem
2380 1647 2445 1669 una
2466 1643 2538 1677 esr,>
2551 1638 2632 1670 fecta

1637 1686 1744 1710 autem
1759 1687 1789 1710 et
1804 1679 1910 1710 futura
1932 1680 2027 1710 altera
2043 1687 2098 1711 est.
2114 1680 2258 1721 Tempus
2278 1687 2384 1712 autem
2405 1691 2556 1713 numerus
2573 1689 2630 1722 est,

1637 1733 1702 1754 non
1720 1733 1786 1764 quo
1802 1733 2018 1762 numeramus,
2038 1724 2093 1754 sed
2108 1725 2196 1765 quod
2210 1731 2401 1756 numeratur.
2420 1724 2504 1756 Huic
2522 1733 2630 1757 autem

1637 1767 1748 1798 accidit
1761 1767 1847 1807 prius
1864 1774 1895 1798 et
1910 1767 2066 1808 posterius
2081 1778 2204 1808 semper
2216 1778 2282 1799 esse
2298 1769 2445 1800 alterum:
2462 1769 2532 1810 ipsa
2545 1769 2631 1801 enim
2678 1783 2679 1786 ¹

1636 1821 1722 1841 nunc
1745 1820 1869 1851 semper
1892 1811 1996 1842 altera.
2021 1812 2078 1842 Est
2095 1819 2202 1842 autem
2225 1822 2377 1844 numerus
2400 1823 2483 1844 unus
2499 1813 2630 1855 quidem

1637 1862 1667 1885 et
1689 1855 1774 1885 idem
1797 1854 1852 1896 qui
1877 1862 1922 1886 est
1945 1862 2073 1886 centum
2096 1865 2271 1896 equorum,
2296 1863 2326 1887 et
2349 1856 2404 1898 qui
2428 1864 2475 1888 est
2501 1863 2630 1888 centum

1637 1899 1820 1929 hominum:
1841 1909 1980 1940 quorum
1999 1906 2105 1930 autern
2129 1909 2280 1931 numerus
2301 1907 2357 1939 est,
2377 1901 2472 1931 altera
2487 1908 2575 1940 sunt;
2594 1907 2630 1933 ut

1637 1942 1711 1983 equi
1734 1943 1772 1973 ab
1796 1943 1989 1974 hominibus.

1569 1986 1586 2005 *
1603 1986 1765 2027 Amplius,
1789 1986 1869 2018 sicut
1899 1987 2052 2027 contingit
2074 1993 2200 2018 motum
2224 1997 2290 2018 esse
2313 1988 2451 2019 eundem
2473 1995 2504 2020 et
2526 1998 2630 2020 unum

1635 2031 1750 2061 iterum
1774 2037 1804 2061 et
1823 2031 1952 2069 iterum,
1977 2031 2020 2061 sic
2043 2037 2073 2062 et
2091 2037 2217 2071 tempus
2241 2031 2409 2072 contingit,
2433 2039 2469 2063 ut
2491 2032 2629 2064 hiemem

1636 2081 1690 2105 aut
1712 2084 1766 2105 ver
1789 2081 1842 2105 aut
1861 2081 2063 2106 autumnum.

1569 2118 1675 2148 *Non
1699 2118 1805 2149 solum
1828 2125 1934 2148 autem
1957 2125 2083 2149 motum
2105 2125 2248 2158 tempore
2271 2119 2435 2158 metimur,
2461 2120 2516 2150 sed
2537 2127 2629 2152 motu

1635 2169 1773 2202 tempus,
1798 2169 1963 2202 propterea
1986 2163 2075 2202 quod
2098 2162 2290 2194 definiuntur
2308 2163 2348 2193 ad
2363 2163 2508 2195 invicem.
2531 2164 2630 2196 Tem—

1637 2216 1698 2246 pus
1714 2206 1844 2247 quidem
1859 2206 1943 2236 enim
1960 2206 2144 2237 determinat
2167 2213 2308 2245 motum,
2324 2217 2398 2238 cum
2421 2207 2460 2238 sit
2478 2217 2630 2240 numerus

1637 2250 1750 2290 ipsius:
1767 2257 1874 2281 motus
1898 2257 2004 2281 autem
2028 2257 2163 2292 tempus.
2188 2251 2229 2281 Et
2252 2251 2385 2282 dicimus
2413 2252 2554 2283 multum
2575 2258 2631 2284 aut

1637 2304 1776 2334 paucum
1793 2304 1858 2324 esse
1881 2300 2023 2334 tempus,
2047 2301 2139 2326 motu
2163 2301 2395 2334 mensurantes;
2415 2295 2496 2326 sicut
2518 2302 2548 2327 et
2570 2305 2629 2328 nu-

1637 2338 1838 2368 merabilibus
1854 2347 2034 2376 numerum.
2055 2339 2198 2369 Numero
2215 2338 2345 2379 quidem
2366 2348 2524 2380 equorum
2547 2339 2632 2371 mul-

1636 2382 1806 2412 titudinem
1825 2382 2065 2421 cognoscimus;
2083 2382 2197 2413 iterum
2214 2389 2321 2413 autem
2341 2393 2407 2413 uno
2422 2393 2506 2424 equo
2530 2393 2630 2424 equo-

1635 2435 1708 2456 rum
1731 2435 1901 2456 numerum
1923 2425 2038 2465 ipsum.
2064 2426 2221 2456 Similiter·
2243 2433 2350 2456 autem
2374 2433 2404 2457 et
2425 2426 2459 2457 in
2486 2434 2629 2468 tempore

1635 2476 1667 2500 et
1681 2476 1773 2500 motu
1789 2476 1846 2500 est.
1862 2469 2022 2510 Tempore
2045 2469 2176 2510 quidem
2195 2469 2282 2500 enim
2299 2477 2438 2509 motum,
2461 2477 2553 2502 motu
2574 2481 2631 2502 nu-

1636 2519 1702 2544 tem
1724 2519 1850 2553 tempus
1869 2523 2099 2544 mensuramus.

1567 2607 1585 2627 *
1599 2607 1642 2638 Et
1663 2607 1724 2638 hoc
1740 2607 1962 2638 rationabiliter
1977 2607 2096 2638 accidit.
2114 2608 2256 2639 Imitatur
2279 2608 2364 2638 enim
2380 2609 2630 2648 magnitudinem

1634 2652 1766 2692 quidem
1788 2657 1910 2689 motus,
1933 2651 2018 2682 hunc
2041 2658 2148 2682 autem
2171 2651 2314 2692 tempus,
2339 2662 2377 2683 eo
2401 2653 2490 2694 quod
2513 2659 2631 2694 quanta

1635 2702 1664 2726 et
1694 2695 1843 2726 continua
1871 2695 1933 2725 sint
1955 2702 1985 2726 et
2008 2695 2189 2726 divisibilia:
2219 2703 2348 2736 propter
2379 2696 2631 2736 magnitudinem

1635 2739 1719 2770 enim
1743 2749 1808 2769 esse
1827 2739 2022 2777 huiusmodi,
2042 2747 2149 2770 motus
2172 2740 2248 2770 haec
2264 2740 2410 2778 sustinet,
2430 2747 2560 2782 propter
2574 2750 2629 2772 au-

1634 2790 1699 2814 tem
1715 2790 1841 2814 motum
1853 2790 1988 2823 tempus.
2006 2784 2047 2814 Et
2062 2793 2281 2814 mensuramus
2295 2784 2546 2824 magnitudinem
2560 2794 2631 2816 mo·

1634 2834 1680 2865 tu,
1705 2834 1734 2858 et
1757 2834 1884 2858 motum
1903 2827 2134 2867 magnitudine:
2155 2828 2290 2858 multam
2313 2828 2398 2858 enim
2414 2828 2547 2859 dicimus
2563 2838 2630 2861 esse

1633 2871 1728 2909 viam,
1753 2871 1778 2901 si
1795 2881 1959 2911 processus
1975 2871 2109 2908 multus;
2127 2878 2157 2902 et
2172 2871 2257 2902 hunc
2273 2871 2422 2910 multum,
2440 2872 2465 2903 si
2483 2872 2534 2903 via
2548 2872 2632 2904 mul-

1634 2921 1675 2946 ta.
1700 2915 1750 2946 Sic
1766 2915 1860 2955 igitur
1876 2922 1906 2946 et
1921 2922 2047 2956 tempus
2071 2915 2096 2945 si
2112 2922 2237 2954 motus,
2261 2922 2292 2946 et
2306 2922 2432 2946 motum
2451 2915 2476 2946 si
2493 2922 2630 2957 ternpus.

1566 3125 1631 3152 pars
1646 3115 1681 3143 sit
1701 3115 1861 3152 praeterita,
1877 3115 1965 3144 altera
1981 3115 2092 3151 futura3
2114 3115 2180 3144 ideo
2195 3122 2308 3153 tempus
2330 3116 2419 3144 simu!
2438 3117 2568 3145 existens
2587 3123 2631 3146 est

1565 3155 1641 3185 idem
1656 3155 1772 3192 ubique,
1787 3162 1902 3191 tempus
1916 3162 2013 3183 autem
2027 3155 2116 3193 prius
2129 3161 2157 3183 et
2167 3156 2315 3193 posterius
2324 3156 2445 3184 alterum
2460 3165 2522 3185 esse
2536 3165 2628 3193 opor—

1565 3201 1620 3223 tet:
1649 3201 1690 3223 est
1711 3194 1788 3223 enim
1809 3201 1922 3231 tempus
1951 3204 2087 3223 numerus
2117 3202 2292 3223 numeratus.
2315 3212 2334 3217 -
2357 3195 2382 3224 5.
2405 3195 2483 3224 Sicut
2503 3194 2630 3224 reiterari

1566 3234 1704 3271 contingit
1724 3244 1815 3262 unum
1837 3240 1865 3262 et
1885 3234 2010 3262 eundem
2038 3240 2166 3270 motum,
2195 3243 2255 3263 non
2277 3234 2394 3272 quidem
2417 3244 2556 3270 numero,
2578 3235 2629 3264 sed

1565 3273 1667 3310 specie,
1683 3273 1721 3302 ita
1742 3280 1770 3302 et
1790 3273 1866 3302 idem
1881 3281 2004 3310 tempus.
2021 3291 2040 3295 -
2055 3275 2082 3302 6.
2098 3274 2173 3302 Curn
2187 3281 2301 3311 tempus
2319 3274 2354 3302 sit
2369 3283 2507 3303 numerus
2522 3280 2627 3310 motus,

1565 3323 1616 3350 per
1636 3313 1730 3350 ipsum
1752 3313 1953 3350 cognoscimus
1976 3320 2098 3349 motum,
2120 3314 2236 3351 quando
2258 3313 2364 3342 scilicet
2384 3314 2522 3351 temporis
2537 3323 2629 3351 quan·

1566 3353 1630 3381 titas
1651 3360 1693 3381 est
1714 3359 1805 3388 certa,
1825 3360 1921 3382 motus
1936 3359 2033 3382 autem
2054 3353 2168 3390 ignota:
2184 3360 2211 3382 et
2233 3363 2247 3382 e
2269 3362 2408 3382 converso
2430 3353 2497 3391 quia
2510 3362 2562 3390 per
2574 3362 2628 3382 nu-

1567 3393 1714 3421 merabilia
1728 3393 1821 3430 ipsum
1837 3402 1991 3421 numerum
2007 3392 2078 3421 scire
2097 3392 2245 3430 contingit,
2259 3399 2291 3421 ut
2305 3402 2365 3421 uno
2380 3402 2455 3430 equo
2471 3391 2627 3421 multitudi-

1567 3442 1633 3460 nem
1644 3442 1795 3469 equorum,
1808 3442 1858 3469 per
1870 3439 1981 3460 motum
1994 3432 2078 3461 nobis
2090 3439 2191 3461 notum
2204 3433 2404 3470 cognoscimus
2415 3439 2535 3469 tempus,
2547 3431 2627 3476 quod

1567 3472 1602 3500 sit
1623 3472 1745 3500 multum
1766 3472 1810 3500 vel
1833 3481 1967 3508 paucum.
1984 3489 2002 3493 -
2026 3481 2052 3509 7.
2071 3473 2150 3501 ldem
2178 3472 2337 3500 ostenditur
2358 3481 2390 3500 ex
2412 3477 2627 3508 comparatione

1570 3518 1664 3539 motus
1682 3513 1718 3540 ad
1741 3511 1982 3548 magnitudinem:
2006 3511 2078 3540 sicut
2099 3510 2177 3540 enim
2195 3511 2421 3548 magnitudinem
2443 3519 2493 3548 per
2514 3516 2626 3538 motum

1570 3558 1596 3579 et
1618 3558 1728 3579 motum
1751 3560 1802 3588 per
1823 3550 2050 3588 magnitudinem
2072 3559 2282 3586 mensuramus,
2304 3550 2342 3579 ita
2362 3555 2390 3578 et
2410 3549 2563 3578 dicendum
2584 3555 2627 3577 est

1570 3591 1604 3619 de
1626 3597 1756 3628 tempore
1777 3597 1804 3619 et
1825 3596 1916 3619 motu.

2654 2124 2799 2148 'Text-112.

2658 901 2804 950 ’τὲἑῖἈὲἓὲ
2818 906 2852 925 ¹¹·
2867 907 2874 914 ”

2657 989 2668 1001 ⁴*
2683 989 2740 1018 Cap.
2754 994 2794 1012 m.

2658 1337 2813 1369 '‘rextiw.

2657 1599 2670 1611 ⁸
2682 1598 2751 1623 Text.
2765 1605 2808 1622 no.

2656 1994 2668 2005 ⁸
2681 1993 2751 2016 Text.
2765 1999 2802 2016 m.

2655 2617 2668 2629 ·
2681 2617 2748 2640 Text.
2762 2622 2802 2646 ¹¹³-
2858 2630 2863 2638 ,η
