2950 4004
260 491 269 499 ¹
283 489 306 510 in
321 494 370 510 om.
385 494 406 509 P.

257 1014 269 1021 ’“
278 1014 355 1040 seipso
364 1018 470 1037 Ai-KQnsr

258 1045 343 1087 yrgfflss
353 1043 378 1086 et2
389 1045 412 1060 a.

257 1119 267 1130 ⁸
274 1125 366 1139 sursum
373 1122 393 1139 et
402 1118 470 1139 deor-

257 1151 307 1166 sum
328 1151 375 1166 om.
401 1144 470 1165 codd.

257 1175 279 1192 ct
293 1170 336 1192 ab.
355 1170 389 1192 Cf.
414 1174 468 1191 text.

258 1225 266 1233 ·
280 1224 357 1250 seipso
377 1229 468 1248 amos-r

256 1255 323 1277 vvzpt
337 1253 358 1270 ct
372 1255 396 1270 α.

256 1702 265 1709 “’
280 1700 386 1721 deorsum
404 1699 467 1720 scili-

255 1729 292 1747 cet
311 1726 362 1747 add.
389 1732 408 1746 Ρ.
430 1725 464 1746 Cf.

254 1912 263 1919 ·
280 1910 366 1937 infiniti
384 1916 465 1931 Αῐ-Ἰκτν

252 2116 263 2126 ⁸
280 2121 336 2142 ergo
350 2121 388 2136 εο.

255 2173 264 2180 ·
280 2173 304 2192 et
321 2171 372 2192 add.
395 2177 467 2196 ixovx

256 2226 264 2233 ·
285 2213 308 2244 iti
329 2230 376 2245 om.
399 2224 466 2245 codd.

254 2256 303 2271 cxc.
318 2256 401 2271 noscat.

504 296 575 331 130

498 380 637 409 taretur
664 372 735 409 nisi
762 372 799 409 in
828 372 972 419 medio,
1007 371 1074 408 sed
1103 371 1191 420 quia
1218 384 1297 408 non
1324 370 1439 408 habet
1466 371 1559 420 apti-

497 425 667 462 tudinem
686 426 895 461 naturalem
914 432 955 461 ut
974 437 996 461 a
1016 424 1144 461 medio
1165 432 1376 462 moveatur.
1407 424 1448 461 Si
1468 436 1556 472 ergo

498 478 547 514 ita
563 485 618 514 est
632 478 816 523 in*terra‚
829 477 933 526 quod
952 489 1030 514 non
1051 484 1106 513 est
1121 489 1234 513 causa
1254 489 1369 526 quare
1390 477 1558 526 quiescat

498 531 536 567 in
555 530 702 577 medio,
732 529 820 578 quia
849 538 904 566 est
930 530 1091 576 infinita,
1122 529 1189 566 sed
1217 529 1306 579 quia
1334 530 1556 577 gravitatem

496 583 610 619 habet
643 586 687 618 ex
711 594 786 630 qua
813 589 900 619 nata
929 589 984 619 est
1011 594 1166 618 manere
1200 582 1238 618 in
1270 582 1417 629 medio;
1456 581 1557 619 simi-

498 635 579 671 liter
606 634 652 671 de
687 646 930 683 quocumque
963 635 1036 672 alio
1070 634 1216 672 infinito
1250 634 1475 682 assignanda
1503 642 1558 672 est

499 699 611 724 causa
639 698 755 734 quare
775 687 958 735 quiescat;
989 695 1026 724 et
1052 699 1131 724 non
1159 686 1248 736 quia
1264 692 1327 724 'est
1353 687 1555 735 infinitum,

497 741 558 776 vel
586 738 675 788 quia
702 740 804 776 fulcit
831 740 1009 788 seipsum.

550 804 586 839 9.
615 792 736 829 Aliam
778 800 905 830 autem
933 792 1119 829 rationem
1146 791 1254 840 ponit
1280 791 1352 829 ibi:
1382 792 1558 830 Similiter

497 850 620 881 autem
653 845 890 892 manifestum
922 852 990 882 etc.
1020 845 1069 881 Et
1096 844 1184 881 dicit
1214 845 1319 893 quod
1338 850 1348 865 ⁸
1368 845 1398 882 si
1434 852 1556 882 totum

497 896 685 934 infinitum
714 897 870 946 quiescit
897 898 985 946 quia
1013 904 1142 934 manet
1161 897 1200 934 in
1219 897 1359 945 seiPSO,
1390 898 1557 946 sequitur

498 949 603 998 quod
627 950 815 998 quaelibet
841 963 928 1000 pars
957 962 1002 987 ex
1030 949 1250 986 necessitate
1279 949 1447 998 quiescat
1467 950 1556 999 quia

497 1010 627 1039 manet
646 1003 684 1039 in
703 1003 825 1052 seipsa
844 1005 874 1040 ³¹².
906 1003 1011 1040 Idem
1041 1001 1142 1039 enim
1171 1010 1227 1039 est
1254 1003 1360 1040 loeus
1389 1003 1501 1040 totius
1521 1011 1557 1040 et

498 1054 631 1103 partis,
658 1063 698 1091 ut
726 1055 867 1092 dictum
894 1064 949 1092 est
978 1057 1009 1103 ἢ,
1029 1063 1071 1092 ut
1095 1054 1188 1102 ignis
1209 1062 1244 1092 et
1267 1054 1461 1092 scintillae‘
1477 1068 1556 1093 sur-

497 1120 594 1154 sum,
616 1115 652 1143 et
671 1115 790 1145 terrae
811 1116 847 1145 et
865 1109 998 1156 glebae
1017 1109 1196 1146 deorsum
1219 1107 1252 1144 ²⁸.
1275 1108 1314 1145 Si
1334 1120 1422 1156 ergo
1442 1109 1555 1145 totius

496 1159 629 1196 infiniti
656 1161 762 1198 locus
794 1169 850 1198 est
877 1161 1093 1210 ipsummet,
1115 1160 1282 1209 sequitur
1310 1161 1414 1209 quod
1443 1174 1555 1210 quae-

496 1213 584 1249 libet
610 1224 698 1261 pars
724 1214 856 1251 infiniti
884 1221 1038 1251 maneat
1055 1213 1094 1250 in
1114 1213 1238 1262 seipsa
1255 1213 1274 1234 *
1290 1213 1384 1250 sicut
1411 1213 1449 1250 in
1467 1227 1555 1262 pro-

495 1265 578 1314 prio
606 1266 703 1302 loco.

554 1330 611 1355 10.
643 1317 860 1354 Secundam
881 1316 1065 1354 rationem
1085 1318 1192 1366 ponit
1211 1318 1277 1354 ibi:
1309 1318 1470 1355 Omnino
1489 1331 1555 1355 au-

495 1376 566 1406 tem
604 1371 841 1419 manifestum
870 1375 923 1406 est
950 1377 1017 1407 etc.
1056 1371 1105 1407 Et
1138 1371 1224 1407 dicit
1257 1370 1363 1419 quod
1397 1371 1554 1408 omnino

495 1422 736 1460 manifestum
767 1430 822 1459 est
850 1422 952 1470 quod
981 1422 1212 1471 impossibile
1241 1430 1296 1459 est
1324 1422 1448 1459 dicere
1473 1436 1553 1460 esse

495 1475 683 1515 infinitum
713 1488 850 1524 corpus
869 1475 907 1511 in
927 1483 1023 1521 actu,
1054 1483 1090 1512 et
1118 1475 1223 1523 quod
1252 1475 1448 1511 cuiuslibet
1474 1487 1554 1511 cor-

494 1528 597 1576 poris
625 1536 680 1565 est
708 1527 840 1576 aliquis
869 1528 984 1573 locus,
1015 1527 1045 1563 si
1073 1524 1189 1564 omne
1218 1539 1355 1575 corpus
1381 1527 1553 1564 sensibile

495 1588 559 1617 aut
579 1581 693 1617 habet
721 1581 941 1627 gravitatem
970 1587 1034 1615 aut
1061 1579 1264 1626 levitatem,
1294 1579 1389 1616 sicut
1412 1579 1554 1628 antiqui

495 1633 666 1669 dixerunt
697 1640 883 1680 ponentes
915 1632 1115 1668 infinitum.
1150 1631 1250 1678 Quia
1284 1631 1315 1668 si
1343 1632 1388 1668 sit
1417 1645 1554 1681 corpus

493 1697 619 1732 grave,
649 1692 797 1733 oportet
825 1683 927 1733 quod
956 1684 1171 1721 naturaliter
1199 1685 1336 1721 feratur
1357 1686 1376 1706 '¹‘
1396 1685 1444 1722 ad
1472 1698 1556 1722 me-

494 1737 619 1774 dium:
654 1737 685 1774 si
717 1745 843 1774 autern
877 1736 922 1773 sit
953 1737 1058 1784 leve,
1093 1749 1247 1774 necesse
1285 1744 1340 1774 est
1372 1738 1475 1786 quod
1503 1739 1554 1775 fe-

494 1797 593 1826 ratur
611 1802 772 1826 sursum.
796 1789 835 1826 Si
856 1801 943 1837 ergo
964 1790 1010 1826 sit
1033 1789 1188 1839 aliquod
1206 1790 1395 1827 infinitum
1416 1803 1554 1839 corpus

493 1843 677 1890 sensibile,
707 1855 861 1879 necesse
882 1849 937 1879 est
965 1843 1069 1891 quod
1094 1843 1206 1879 etiam
1235 1843 1272 1879 in
1294 1855 1453 1892 corpore
1472 1844 1554 1880 infi-

493 1895 570 1932 nito
593 1897 612 1917 ’³‘
632 1895 677 1932 sit
705 1908 854 1932 sursum
875 1903 911 1932 et
929 1895 1123 1932 medium:
1153 1895 1220 1932 sed
1249 1895 1479 1944 impossibile
1500 1904 1556 1933 est

494 1948 597 1997 quod
626 1956 746 1985 toturn
775 1947 964 1985 infinitum
992 1948 1172 1985 sustineat
1203 1948 1242 1985 in
1270 1961 1310 1985 se
1338 1949 1556 1986 utrumlibet

493 2002 652 2048 horum,
686 2001 825 2038 scilicet
855 2001 917 2038 vel
951 2012 1101 2038 sursum
1133 2001 1195 2038 vel
1228 2001 1400 2038 medium
1429 2001 1459 2048 ζ;
1493 2003 1554 2039 vel

495 2054 605 2090 etiam
644 2054 748 2103 quod
785 2054 965 2091 sustineat
1005 2061 1209 2102 utrumque
1251 2054 1462 2091 secundum
1500 2055 1554 2092 di-

493 2119 623 2143 versas
642 2106 873 2144 medietates.
896 2107 1107 2154 Quomodo
1124 2106 1225 2143 enirn
1243 2108 1262 2128 '³
1277 2106 1465 2144 infinitum
1484 2119 1553 2155 po-

493 2159 576 2196 terit
596 2159 728 2207 dividi,
749 2167 790 2196 ut
806 2160 917 2196 *una
942 2171 1029 2208 pars
1059 2159 1138 2196 eius
1166 2159 1212 2196 sit
1238 2171 1388 2196 sursum
1418 2167 1454 2196 et
1481 2160 1553 2197 alia

495 2213 694 2258 deorsum,
723 2213 784 2249 vel
813 2212 918 2261 quod
946 2213 984 2249 in
1004 2212 1024 2232 ²⁸
1045 2212 1191 2254 infinito
1219 2213 1265 2249 sit
1291 2212 1467 2249 ultimum
1490 2221 1555 2249 aut

493 2264 694 2303 medium?
731 2266 823 2302 Non
861 2273 916 2302 est
953 2265 1062 2313 igitur
1094 2277 1231 2313 corpus
1264 2265 1439 2302 sensibile
1471 2265 1554 2302 infi-

494 2319 625 2355 nitum.

552 2384 563 2407 1
579 2384 608 2408 1.
638 2371 808 2408 Tertiam
828 2370 1014 2408 rationem
1032 2370 1140 2418 ponit
1158 2370 1225 2407 ibi:
1252 2371 1424 2419 Amplius
1443 2382 1555 2407 omne

493 2436 627 2472 corpus
659 2423 828 2460 sensibile
864 2424 901 2460 in
939 2424 1020 2460 loco
1053 2429 1105 2460 est
1138 2430 1206 2459 etc.
1246 2424 1295 2460 Et
1328 2423 1416 2460 dicit
1449 2423 1554 2471 quod

494 2490 608 2514 omne
642 2489 779 2525 corpus
812 2476 987 2513 sensibile
1017 2483 1072 2512 est
1105 2476 1143 2512 in
1175 2476 1272 2513 loco.
1309 2476 1552 2513 Differentiae

493 2538 619 2567 autern
647 2530 719 2566 loci
752 2537 838 2566 sunt
865 2542 949 2566 sex:
981 2541 1143 2576 sursum,
1175 2529 1374 2576 deorsum,
1405 2536 1490 2565 ante
1518 2536 1555 2565 et

544 2697 566 2731 ε)
588 2698 623 2722 Et
642 2697 706 2722 dicit
729 2697 839 2729 quod.-
856 2697 927 2720 Loco
951 2694 1045 2719 horum
1064 2694 1205 2718 verborum
1224 2694 1282 2718 edd.
1300 2693 1340 2718 ab
1359 2698 1383 2718 et
1402 2693 1476 2717 codd.
1496 2700 1548 2717 exc.

492 2733 514 2757 D
533 2732 626 2757 habent
644 2732 810 2756 solummodo
828 2731 906 2763 quia‚·
918 2731 979 2755 item
999 2730 1077 2754 altera
1096 2729 1163 2753 linea
1181 2736 1228 2761 pro
1247 2728 1356 2761 quiescit
1367 2735 1459 2752 omnes
1474 2728 1548 2752 codd.

492 2773 516 2792 et
534 2775 551 2791 a
562 2768 591 2793 b:
610 2767 718 2800 quiescit
732 2770 846 2798 propter
864 2766 920 2791 hoc.

543 2802 567 2836 ζ)
587 2803 685 2828 scilicet
703 2803 743 2827 vel
761 2809 865 2827 sursum
885 2801 925 2826 vel
949 2799 1104 2825 mediumae
1117 2798 1160 2823 Sic
1182 2799 1269 2831 legunt
1288 2798 1355 2822 iuxta
1378 2802 1475 2822 textum
1493 2798 1550 2822 Ari-

1122 293 1467 331 PHYSICORUM
1493 294 1841 330 ARISTOTELIS
1871 295 1965 332 LlB.
1997 297 2045 332 111

1614 379 1725 419 retro,
1755 372 1993 410 dextrorsum
2021 381 2058 410 et
2085 373 2360 422 sinistrorsum3
2388 389 2486 425 quae
2516 377 2670 426 quidem

1614 432 1700 462 sunt
1715 401 1964 462 ⁷determinata
1983 438 2062 463 non
2080 427 2205 464 solum
2224 428 2352 476 quoad
2370 441 2453 475 neS,
2471 431 2538 467 sed
2558 430 2671 468 etiam

1613 477 1651 514 in
1678 477 1761 526 ipso
1795 485 1874 515 toto
1910 478 2102 516 universo.
2140 479 2448 518 Determinantur
2481 481 2581 520 enim
2615 495 2671 520 se-

1613 530 1782 567 cundum
1810 542 1850 567 se
1878 531 2099 568 huiusmodi
2125 531 2344 580 positiones,
2364 533 2403 570 in
2423 533 2561 582 quibus
2583 543 2672 572 sunt

1613 583 1860 620 determinata
1885 583 2067 632 principia
2092 591 2127 620 et
2149 584 2298 621 termini
2326 592 2464 622 motus.
2493 586 2604 624 Unde
2631 587 2671 625 in
2713 617 2715 619 -

1613 634 1786 672 animatis
1806 637 1826 657 '¹‘
1847 635 2142 674 determinantur
2169 648 2320 674 sursum
2349 645 2385 674 et
2408 638 2589 676 deorsum
2612 651 2671 676 se—

1613 687 1781 725 cundum
1801 695 1951 726 motum
1969 689 2152 735 alimenti;
2178 697 2263 726 ante
2285 697 2322 726 et
2341 696 2439 726 retro
2459 691 2670 728 secundum

1611 747 1762 777 motum
1781 753 1930 788 sensus;
1952 741 2189 778 dextrorsum
2210 749 2246 778 et
2264 741 2519 780 sinistrorsum
2538 755 2671 782 secun—

1613 792 1706 829 dum
1734 801 1883 830 motum
1910 794 2194 842 processivum‚
2226 794 2331 831 cuius
2359 794 2587 843 principium
2616 803 2671 833 est

1612 857 1634 881 a
1661 852 1766 894 parte
1787 845 1926 883 dextra.
1947 847 1990 883 In
2009 847 2121 884 rebus
2141 854 2268 884 autem
2287 847 2512 895 inanimatis,
2533 847 2571 885 in
2590 848 2671 896 qui-

1612 898 1683 934 bus
1710 910 1789 935 non
1816 905 1902 935 sunt
1932 899 2115 948 principia
2143 899 2389 936 determinata
2415 900 2555 937 horum
2588 913 2671 938 mo-

1611 957 1740 998 tuum,
1771 950 1903 988 dicitur
1936 952 2173 989 dextrorsum
2202 959 2239 988 et
2271 952 2526 990 sinistrorsum
2554 954 2574 973 '⁹
2602 965 2672 1002 per

1613 1003 1947 1052 comparationem
1976 1004 2024 1041 ad
2056 1016 2147 1041 nos:
2182 1003 2316 1041 dicitur
2354 1004 2454 1042 enim
2492 1005 2670 1043 columna

1612 1055 1761 1102 dextra,
1791 1068 1887 1104 quae
1916 1063 1972 1093 est
1999 1056 2048 1094 ad
2085 1056 2255 1094 dextram
2287 1057 2473 1104 hominis,
2511 1065 2549 1094 et
2583 1057 2670 1095 sini-

1612 1115 1686 1145 stra
1710 1120 1808 1156 quae
1836 1116 1891 1145 est
1909 1109 1958 1145 ad
1977 1109 2164 1146 sinistram
2185 1110 2216 1144 ¹⁵.
2239 1109 2316 1145 Sed
2334 1109 2372 1145 in
2391 1115 2471 1145 toto
2489 1109 2669 1148 universo

1612 1160 1880 1197 determinatur
1899 1173 2049 1198 sursum
2079 1168 2114 1197 et
2142 1161 2323 1197 deorsum
2351 1161 2563 1198 secundum
2586 1173 2670 1199 mo-

1610 1220 1692 1249 tum
1720 1213 1892 1260 gravium
1923 1221 1958 1250 et
1985 1213 2148 1250 levium:
2179 1212 2389 1249 secundum
2423 1220 2551 1250 autem
2588 1225 2670 1251 mo-

1610 1273 1692 1302 tum
1713 1265 1804 1302 caeli
1832 1265 2103 1302 determinatur
2122 1265 2295 1301 dextrum
2315 1265 2452 1313 oriens,
2477 1265 2670 1304 sinistrum
2710 1296 2714 1303 ,

1611 1317 1804 1362 occidens;
1835 1325 1919 1354 ante
1944 1329 2038 1354 vero
2062 1316 2386 1365 hemisphaerium
2414 1317 2596 1367 superius,
2613 1331 2670 1356 re-

1610 1377 1668 1406 tro
1696 1381 1789 1405 vero
1827 1369 2150 1418 hemisphaerium
2187 1369 2357 1416 inferius;
2386 1383 2538 1408 sursum
2573 1383 2668 1410 vero

1609 1421 1797 1468 meridies,
1828 1421 2008 1458 deorsum
2035 1434 2130 1459 vero
2158 1422 2372 1471 septentrio.
2403 1423 2510 1460 Haec
2541 1430 2668 1462 autem

1610 1486 1688 1510 non
1706 1482 1867 1522 possunt
1894 1474 2135 1511 determinari
2164 1474 2202 1512 in
2231 1487 2390 1524 corpore
2414 1475 2580 1512 infinito:
2600 1477 2669 1514 im-

1608 1526 1787 1575 possibile
1804 1533 1859 1563 est
1873 1539 1962 1574 ergo
1977 1533 2100 1564 toturn
2119 1527 2343 1565 universum
2364 1540 2446 1565 esse
2466 1527 2668 1567 infinitum.

1669 1590 1726 1616 12.
1757 1579 1942 1626 Quartam
1979 1580 2166 1616 rationem
2198 1580 2307 1629 ponit
2338 1580 2409 1618 ibi:
2448 1581 2671 1629 Simpliciter

1609 1637 1734 1668 autem
1761 1632 1796 1668 si
1821 1632 2044 1680 impossibile
2062 1638 2117 1669 est
2143 1640 2212 1670 etc.
2242 1633 2292 1670 Et
2319 1633 2407 1670 dicit
2425 1635 2531 1682 quod
2546 1634 2580 1671 si
2598 1634 2670 1672 im—

1608 1684 1786 1732 possibile
1821 1692 1876 1721 est
1910 1697 1991 1721 esse
2020 1685 2146 1722 locum
2180 1685 2391 1734 infinitum,
2429 1697 2517 1722 cum
2552 1699 2669 1725 omne

1610 1749 1749 1786 corpus
1777 1737 1823 1773 sit
1849 1737 1888 1774 in
1915 1738 2013 1784 loco,
2043 1737 2211 1786 sequitur
2239 1739 2344 1787 quod
2370 1738 2604 1787 impossibile
2623 1739 2670 1778 sit

1610 1801 1692 1827 esse
1716 1789 1869 1838 aliquod
1898 1802 2036 1838 corpus
2063 1790 2266 1828 infinitum.
2298 1791 2374 1828 Sed
2402 1791 2506 1840 quod
2526 1791 2670 1842 impos-

1609 1842 1713 1879 sibile
1742 1842 1788 1879 sit
1816 1854 1897 1879 esse
1925 1843 2052 1880 locum
2081 1842 2291 1890 infinitum,
2321 1843 2374 1880 sic
2399 1844 2552 1893 probat:
2580 1844 2670 1894 quia

1608 1896 1704 1931 haec
1732 1895 1808 1932 duo
1838 1902 2119 1942 convertuntur,
2155 1907 2236 1933 esse
2264 1895 2303 1932 in
2331 1897 2418 1933 loco
2456 1904 2492 1934 et
2519 1909 2603 1934 esse
2629 1897 2669 1936 in

1609 1948 1734 1996 aliquo
1762 1948 1868 1994 loco3
1903 1947 1998 1984 sicut
2025 1955 2061 1984 et
2090 1960 2171 1985 esse
2198 1948 2398 1985 hominem
2431 1956 2468 1986 et
2495 1961 2576 1986 esse
2605 1949 2668 1987 ali-

1609 2012 1724 2049 quem
1752 1999 1971 2047 hominem,
2002 2008 2038 2037 et
2065 2013 2148 2038 esse
2177 2001 2423 2050 quantitatem
2443 2008 2478 2038 et
2497 2014 2580 2039 esse
2602 2002 2668 2040 ali-

1609 2065 1725 2102 quam
1763 2053 2020 2101 quantitatem.
2055 2053 2160 2091 Sicut
2195 2053 2304 2102 igitur
2340 2054 2574 2102 impossibile
2611 2062 2668 2092 est

1610 2117 1692 2143 esse
1721 2106 1968 2164 quantitatem
1996 2106 2203 2153 infinitam,
2237 2107 2326 2154 quia
2357 2115 2575 2155 sequeretur
2602 2107 2667 2144 ali-

1609 2171 1725 2207 quam
1753 2159 1999 2207 quantitatem
2032 2170 2113 2195 esse
2145 2135 2350 2206 infinitam,
2388 2166 2430 2196 ut
2457 2159 2667 2197 bicubitum

1609 2219 1645 2248 et
1663 2211 1892 2258 tricubitum,
1921 2211 2027 2259 quod
2055 2219 2110 2247 est
2135 2211 2390 2260 impossibile3
2419 2211 2470 2248 ita
2492 2211 2667 2261 impossi-

1609 2264 1681 2300 bile
1711 2270 1765 2300 est
1799 2276 1879 2300 esse
1913 2264 2041 2300 locum
2075 2263 2284 2312 infinitum,
2323 2265 2411 2313 quia
2447 2273 2667 2314 sequeretur

1609 2317 1774 2366 aliquem
1802 2317 1930 2353 locum
1963 2316 2154 2353 infinitum
2188 2329 2289 2364 esse,
2327 2318 2390 2354 vel
2426 2329 2576 2355 sursum
2603 2317 2666 2355 vel

1609 2369 1788 2407 deorsum
1822 2371 1895 2405 et‘⁴
1914 2369 2151 2406 huiusmodi:
2185 2369 2290 2418 quod
2323 2378 2378 2406 est
2409 2370 2664 2419 impossibile,

1609 2434 1696 2459 cum
1724 2421 1921 2470 quodlibet
1948 2433 2083 2458 eorum
2111 2421 2294 2480 significet
2321 2423 2513 2470 quendam
2537 2422 2664 2461 termi-

1608 2487 1722 2521 num,
1751 2482 1792 2510 ut
1820 2473 1961 2511 dictum
1991 2481 2046 2510 est
2064 2474 2096 2510 *.
2126 2474 2188 2510 Sic
2215 2474 2324 2522 igitur
2351 2475 2496 2512 nullum
2525 2487 2700 2524 corpus

1609 2503 1783 2564 sensibile
1813 2534 1868 2563 est
1894 2526 2094 2563 infinitum.

1602 2697 1645 2725 pte
1663 2692 1787 2724 scriptum
1802 2699 1850 2724 pro
1868 2691 1967 2716 scilicet
1985 2691 2026 2716 vel
2043 2690 2101 2723 (sil‘
2120 2699 2167 2724 pro
2186 2691 2253 2723 sJ').
2273 2691 2307 2716 P:
2321 2691 2420 2716 scilicet
2441 2698 2546 2716 sursum
2565 2695 2591 2717 et
2609 2698 2662 2718 me-

1602 2727 1685 2752 dium.
1705 2727 1731 2751 Si
1755 2735 1802 2759 pro
1827 2726 1978 2751 disiunctivo
2004 2726 2156 2750 utrumlibet
2183 2727 2310 2757 legeretur
2336 2729 2476 2759 utrumque
2500 2734 2559 2751 cum
2582 2726 2663 2758 FNO,

1603 2762 1696 2787 melius
1715 2767 1795 2786 staret
1812 2765 1838 2786 et
1857 2762 1986 2791 medium,·
2005 2761 2052 2786 sed
2070 2761 2170 2785 lectioni
2184 2761 2254 2786 FNO
2272 2761 2358 2786 obstat
2376 2766 2460 2786 textus
2478 2761 2624 2787 Aristoteli·
2637 2765 2664 2787 et

1603 2798 1666 2822 illud
1685 2798 1755 2830 quod
1774 2797 1799 2822 in
1819 2797 1978 2829 expositione
2001 2804 2022 2820 s.
2037 2796 2155 2821 Thomae
2181 2796 2327 2821 immediate
2346 2797 2463 2829 sequitur
2482 2797 2522 2821 vel
2545 2797 2624 2823 etiam
2634 2813 2662 2823 ..-

492 2839 589 2862 stotelis
605 2838 808 2868 DEGHMORS;
827 2836 990 2861 consentiunt
1003 2835 1042 2859 ab
1057 2841 1125 2867 quae
1137 2841 1191 2858 om.
1205 2833 1275 2866 prius
1290 2834 1337 2863 vel,
1353 2838 1378 2857 ct
1393 2839 1452 2857 cen:
1471 2833 1551 2857 simul
1604 2836 1759 2892 gtlrd‘trczmquffl
1773 2832 1816 2857 ubi
1831 2840 1878 2865 pro
1891 2832 1931 2856 vel
1945 2831 2024 2856 etiam
2041 2831 2118 2863 quod,
2134 2831 2174 2856 vel
2185 2832 2256 2864 quod
2269 2831 2349 2857 etiam
2364 2832 2422 2857 edd.
2436 2832 2470 2857 ab
2484 2836 2509 2856 et
2523 2831 2598 2857 codd.
2608 2839 2662 2858 exc·

493 2873 580 2904 (simul
594 2873 691 2898 scilicet
710 2873 770 2905 CsI)
790 2879 894 2897 sursum
914 2871 954 2896 vel
972 2870 1105 2895 deorsum.
1124 2869 1195 2894 Istud
1213 2869 1292 2893 simul
1315 2868 1444 2893 credimus
1464 2875 1551 2893 corru-

2696 643 2708 655 ⁸
2722 643 2788 666 nobis
2806 644 2843 666 ed.
2856 650 2872 667 a
2886 648 2909 667 et
2946 643 2950 672 ξ

2698 669 2767 692 codd.
2782 675 2831 693 exc.
2846 676 2886 693 ui.
2947 675 2950 701 ξ

2696 956 2708 967 ’
2721 955 2828 978 dextr-ma
2844 957 2907 979 eui-
2947 949 2950 962 ¹

2696 982 2796 1004 nisti-um
2814 982 2908 1005 codiee·
2946 1005 2950 1012 ,

2697 1014 2746 1030 exc.
2754 1015 2769 1030 ο
2777 1012 2800 1031 et
2806 1014 2879 1038 marg,
2886 1015 2907 1031 ι.
2944 1013 2950 1021 ”

2695 1116 2908 1140 ἐἰυιάἀωιιιι

2691 2382 2764 2405 'alia
2773 2382 2826 2406 add.
2841 2389 2903 2407 ote.-

2689 2414 2758 2431 non.

2713 2500 2785 2523 Num.
2799 2507 2874 2529 praee.
