2982 4022
1130 283 1240 319 CAP.
1269 281 1355 328 V11,
1385 281 1534 317 LECT.
1564 281 1651 317 XIII

310 362 450 400 principia
463 367 529 390 sunt
543 362 684 390 contraria
699 361 927 399 quodammodo,
943 366 972 388 et
985 359 1204 404 quodammodo
1225 367 1285 386 non
1299 364 1365 385 sunt

311 401 462 437 contraria,
486 403 644 430 secundum
673 402 751 438 quod
779 400 933 429 assumitur
952 401 996 430 vel
1016 410 1077 428 non
1097 398 1251 428 assumitur
1271 397 1366 425 subie-

311 448 390 470 ctum
411 441 630 469 contrariorum.
645 457 661 462 -
682 442 709 469 6.
733 442 799 468 Non
820 439 973 476 requiritur
998 446 1096 467 tamen
1121 439 1201 475 quod
1227 437 1256 465 in
1283 436 1365 464 omni

312 481 470 508 mutatione
490 481 611 508 alterum
632 481 840 508 contrariorum
863 479 910 515 (in
931 479 1077 514 subiecto)
1099 478 1134 506 sit
1154 476 1274 514 positive
1295 484 1364 503 con-

311 520 431 548 trariurn
451 520 576 555 formae,
598 529 672 557 quae
693 526 735 547 est
755 519 892 547 terminus
913 519 964 546 τοῦ
986 518 1060 553 fieri3
1082 518 1132 545 sed
1160 514 1265 544 sufficit
1286 515 1365 552 quod

312 559 348 587 sit
368 559 543 587 contrarium
564 559 622 588 sive
649 559 768 596 positive
789 559 847 587 sive
867 557 1011 594 privative.
1027 574 1045 578 -
1067 566 1094 593 7.
1116 558 1152 584 Et
1172 564 1270 584 revera
1295 564 1365 583 con-

311 598 431 626 trarium
452 598 572 635 positive
593 608 653 627 non
674 599 794 626 habetur
813 598 843 625 in
856 597 949 633 specie
971 596 1137 624 mutationis
1158 604 1232 631 quae
1247 600 1288 622 est
1302 603 1365 622 cor-

312 638 408 674 ruptio
430 639 556 674 (formae
576 637 788 674 praeexistentis
809 637 838 664 in
859 636 1004 671 subiecto)
1027 642 1054 663 et
1074 635 1220 672 generatio
1243 634 1366 670 (formae

313 678 514 714 consequentis
534 678 564 706 in
585 677 712 705 subiecto
733 677 817 713 ipso).
835 693 855 698 -
876 677 902 704 8.
926 675 1024 710 Qualis
1043 674 1188 711 oppositio
1208 673 1368 702 inveniatur

529 794 745 852 ostquam
779 785 1032 833 Philosophus
1066 784 1228 821 ostendit
1261 783 1365 830 quod

529 839 608 886 ‘pain
636 838 804 886 quolibet
823 840 842 860 ²¹²
865 838 948 874 fieri
976 837 1133 874 naturali
1165 837 1233 874 tria
1260 836 1365 872 inve-

519 896 526 909 ““
546 891 739 942 niuntur,
765 890 827 927 hic
846 892 866 912 *
891 903 936 927 ex
963 890 1178 939 praemissis
1210 889 1367 926 intendit

462 975 467 987 -.
545 941 555 953 ¹
571 944 768 981 ostendere
797 951 891 991 quot
913 951 998 979 sunt
1013 944 1033 964 ³⁵
1052 943 1233 992 principia
1261 951 1366 980 natu-

315 1008 389 1034 rae.
410 997 459 1032 Et
478 996 574 1033 circa
593 998 667 1034 hoc
686 997 763 1033 duo
783 996 883 1032 facit:
903 996 1028 1044 primo
1049 996 1210 1034 ostendit
1227 1008 1366 1045 propo-

268 1092 272 1096 ,
314 1050 447 1095 situm;
477 1050 645 1087 secundo
674 1048 954 1097 recapitulando
975 1048 1137 1085 ostendit
1154 1061 1251 1098 quae
1271 1049 1368 1086 dicta

171 1114 188 1130 α
315 1110 400 1139 sunt
414 1107 446 1148 α,
477 1109 513 1138 et
530 1115 628 1152 quae
649 1109 786 1138 restant
810 1102 984 1149 dicenda,
1006 1102 1070 1138 ibi:
1099 1103 1270 1139 Primum
1290 1102 1368 1150 qui—

77 854 89 865 *
103 852 167 874 omni
178 857 245 873 neon.

77 905 90 917 ¹⁵
101 899 195 926 liic‘om.
205 909 288 932 neapo.

76 957 88 969 ⁵
104 958 153 979 sint
164 962 244 978 munz,

78 1167 87 1176 ·
101 1165 171 1187 Num·
186 1170 217 1186 ιο-
314 1155 398 1192 dem
417 1154 533 1204 igitur
559 1156 695 1192 dictum
716 1156 735 1176 ’⁸
755 1162 823 1192 etc.
845 1155 953 1191 Circa
972 1155 1138 1203 primum
1158 1155 1234 1192 duo
1263 1155 1367 1192 facit:

314 1207 438 1256 primo
476 1208 638 1245 ostendit
673 1207 742 1244 tria
779 1215 933 1244 naturae
962 1207 1164 1257 principia;
1201 1207 1368 1244 secundo

76 1273 87 1283 ·
99 1273 170 1295 uum.
185 1279 207 1301 9.
315 1259 483 1296 notificat
497 1273 552 1306 ea,
569 1261 635 1297 ibi:
656 1260 826 1297 Subiecta
844 1266 968 1297 autem
988 1267 1124 1298 natura
1139 1262 1159 1280 ³
1175 1267 1243 1298 etc.
1260 1260 1369 1297 Circa

313 1312 481 1361 primurn
513 1313 581 1350 tria
614 1313 718 1350 facit:
751 1312 876 1361 primo
905 1314 1066 1351 ostendit
1097 1313 1294 1350 veritatem
1322 1313 1369 1350 de

75 1381 140 1434 „¹ss
147 1385 287 1431 2³an
313 1365 505 1413 principiis
542 1374 717 1410 naturae;
747 1366 914 1403 secundo
935 1368 1012 1403 ex²¹
1012 1366 1196 1403 ·veritate'
1221 1374 1370 1403 ostensa

139 1456 142 1459 ,
175 1434 190 1467 ρ
315 1417 427 1454 solvit
453 1419 680 1466 praemissas
700 1394 746 1455 de
766 1419 956 1468 principiis
985 1419 1234 1456 dubitationes
1247 1417 1276 1465 Ρ,
1297 1419 1368 1455 ibi:

76 1481 172 1503 Num·
186 1487 206 1508 ⁵·
318 1471 426 1507 Unde
443 1477 496 1507 est
513 1473 614 1519 quod
628 1472 723 1509 sicut
739 1471 812 1508 duo
832 1472 852 1492 *
873 1479 959 1517 etc.;
979 1472 1098 1518 tertio,
1119 1471 1207 1520 quia
1235 1472 1291 1508 ab
1307 1485 1371 1509 an-

314 1522 426 1571 tiquis
455 1523 595 1561 dictum
626 1531 680 1560 est
707 1525 811 1573 quod
838 1524 1022 1573 principia
1054 1531 1140 1561 sunt
1168 1525 1370 1571 contraria,

316 1575 478 1612 ostendit
499 1583 626 1613 utrum
654 1588 805 1624 semper
830 1577 1066 1625 requirantur
1094 1578 1279 1613 contraria
1310 1554 1372 1614 vel

75 1638 88 1650 ⁴*
101 1637 171 1660 Num.
185 1637 208 1659 6.

315 1639 405 1675 non,
425 1627 496 1664 ibi:
521 1629 620 1670 Quot
636 1629 783 1677 quidem
812 1629 928 1678 igitur
947 1631 967 1651 *
988 1636 1055 1666 etc.
1078 1630 1185 1666 Circa
1204 1630 1371 1677 primum

315 1680 391 1717 duo
420 1679 525 1718 facit:
553 1682 678 1729 primo
707 1681 868 1718 ostendit
896 1681 972 1718 duo
1003 1694 1083 1718 esse
1107 1682 1289 1730 principia
1308 1695 1372 1718 na-

78 1747 87 1755 ·
100 1744 224 1767 secunaum
238 1750 274 1766 zo.
313 1739 419 1769 turae
438 1745 506 1781 per
521 1735 540 1756 '¹‘
556 1746 614 1780 se;
635 1734 802 1771 secundo
823 1734 985 1771 ostendit
1002 1735 1152 1771 tertium
1173 1747 1254 1771 esse
1273 1735 1372 1782 prin-

74 1800 224 1823 ·eecunaum
238 1806 275 1823 m.
315 1785 455 1834 cipium
492 1795 647 1823 naturae
678 1800 747 1836 per
771 1788 791 1809 ²⁶
816 1787 1009 1834 accidens,
1039 1787 1110 1826 ibi:
1148 1789 1216 1823 Est
1247 1793 1371 1824 autem

313 1838 516 1876 subiectum
545 1840 565 1860 *
594 1847 661 1876 etc.

369 1901 404 1927 2.
431 1890 539 1928 Circa
562 1892 729 1940 primum
753 1892 867 1928 utitur
892 1892 954 1928 tali
975 1892 1130 1928 ratione.
1153 1892 1218 1928 Illa
1242 1891 1371 1928 dicun-

314 1950 374 1979 tur
398 1955 478 1980 esse
497 1944 679 1993 principia
707 1952 744 1981 et
767 1957 901 1981 causae
922 1957 1048 1981 rerum
1068 1944 1305 1990 naturalium,
1327 1956 1372 1981 ex

315 1995 452 2044 quibus
489 2005 575 2034 sunt
603 2005 639 2034 et
673 1998 770 2034 fiunt
796 2009 865 2046 pet
891 2010 951 2044 se,
983 2005 1018 2034 et
1045 2010 1123 2034 non
1161 1998 1371 2034 secundum

75 2054 288 2081 ‘eetethddsz-
315 2048 509 2096 accidens;
538 2050 606 2087 sed
634 2063 750 2087 omne
778 2049 883 2099 quod
903 2051 923 2072 ‘¹‘
942 2051 995 2096 fit,
1023 2058 1078 2087 est
1097 2057 1132 2087 et
1150 2051 1194 2087 fit
1213 2063 1258 2087 ex
1285 2051 1371 2087 sub-

313 2101 409 2138 iecto
440 2109 476 2138 et
511 2103 654 2149 forma;
684 2115 773 2150 ergo
808 2103 1020 2139 subiectum
1059 2110 1095 2139 et
1129 2104 1250 2140 forma
1287 2110 1373 2140 sunt

314 2165 383 2202 per
409 2167 448 2190 se
479 2166 613 2191 causae
649 2163 685 2191 et
711 2155 894 2203 principia
930 2155 1054 2192 omnis
1084 2155 1163 2196 eius
1197 2156 1302 2204 quod
1330 2156 1372 2192 fit

316 2207 527 2243 secundum
555 2214 739 2243 naturam.
762 2207 878 2253 Quod
897 2215 1024 2244 autem
1053 2207 1091 2244 id
1117 2208 1221 2255 quod
1245 2209 1288 2244 fit
1315 2218 1371 2244 se-

317 2258 486 2295 cundum
514 2265 702 2305 naturam,
718 2260 761 2296 fit
789 2271 834 2295 ex
861 2260 1029 2296 subiecto
1060 2267 1095 2296 et
1126 2260 1259 2306 forma,
1284 2273 1371 2308 pro-

315 2311 380 2347 bat
406 2312 481 2347 hoc
517 2312 647 2349 modo.
678 2312 736 2348 Ea
763 2311 802 2348 in
830 2325 927 2361 quae
966 2312 1165 2349 resolvitur
1199 2313 1368 2350 definitio

316 2363 471 2400 alicuius
506 2364 575 2411 rei,
605 2371 692 2400 sunt
719 2365 989 2412 componentia
1026 2377 1106 2402 rem
1134 2365 1254 2411 illam3
1284 2365 1371 2414 quia

314 2417 619 2466 unumquodque
648 2416 846 2453 resolvitur
874 2417 912 2453 in
942 2430 986 2454 ea
1015 2431 1060 2454 ex
1097 2418 1234 2466 quibus
1268 2430 1371 2454 com-

313 2468 478 2517 ponitur.
509 2469 585 2506 Sed
613 2469 706 2506 ratio
727 2469 806 2506 eius
835 2470 940 2518 quod
958 2471 1001 2506 fit
1028 2471 1238 2507 seeundum
1266 2479 1371 2507 natu-

77 2537 164 2559 ·,tcas
179 2542 289 2559 mam.
315 2533 419 2568 ram,
449 2521 648 2569 resolvitur
675 2522 713 2558 in
741 2522 952 2559 subiectum
975 2530 1011 2559 et
1029 2523 1210 2560 formam:
1240 2536 1330 2560 nam
1351 2525 1371 2545 '¹²

316 2574 410 2611 ratio
438 2574 604 2611 hominis
631 2574 765 2611 musici
793 2576 991 2612 resolvitur
1026 2576 1064 2612 in
1092 2577 1276 2614 rationem
1304 2577 1372 2612 ho-

317 2626 428 2663 minis
457 2635 493 2664 et
524 2627 562 2663 in
590 2627 775 2664 rationem
803 2628 958 2674 musici;
971 2629 1018 2664 si
1044 2629 1126 2677 quis
1156 2629 1257 2666 enim
1283 2629 1373 2666 velit

318 2679 476 2720 definire
503 2679 700 2716 hominem
738 2681 947 2728 musicum,
974 2689 1123 2729 oportet
1150 2681 1255 2741 quod
1283 2682 1372 2719 assi-

19 2766 30 2777 „
79 2747 213 2768 assumat
231 2751 292 2767 nucu
318 2738 406 2779 gnet
425 2733 444 2753 *
465 2730 724 2769 definitionem
761 2733 925 2770 hominis
954 2740 990 2770 et
1026 2734 1171 2771 musici.
1201 2737 1302 2782 Ergo
1335 2735 1374 2772 id

81 2778 123 2800 '³²‘
138 2773 274 2800 ‘'mm'‘
319 2783 425 2832 quod
452 2784 494 2820 fit
527 2786 738 2821 secundum
771 2793 964 2833 naturam,
999 2794 1054 2823 est
1082 2794 1117 2823 et
1143 2788 1186 2824 fit
1213 2801 1259 2824 ex
1287 2788 1374 2824 sub-

319 2837 415 2872 iecto
450 2844 487 2873 et
518 2837 652 2873 forma.
686 2839 735 2874 Et
766 2839 977 2875 notandum
1011 2846 1066 2875 est
1098 2840 1200 2888 quod
1228 2840 1289 2877 hic
1320 2840 1373 2877 in-

319 2889 437 2925 tendit
445 2889 651 2963 *inquirere
679 2890 861 2949 principia
889 2904 967 2928 non
995 2892 1120 2928 solum
1147 2893 1280 2939 fiendi,
1307 2893 1373 2930 sed

81 2953 292 2976 ⁴211am0mcodd
321 2942 465 2978 etiam*
477 2942 644 2979 essendi:
661 2943 763 2979 unde
776 2943 977 2991 signanter
981 2944 1068 2981 dicit
1082 2957 1132 2982 ex
1149 2946 1280 2993 quibus
1294 2946 1373 2994 pri-

81 2987 134 3003 ‘¹⁶
147 2986 251 3002 ”³³⁵²
320 2995 391 3030 mis
408 3001 494 3031 sunt
517 3001 552 3031 et
568 2996 680 3043 fiunt.
711 2996 760 3032 Et
783 2995 870 3033 dicit
893 3008 944 3037 ex
970 2997 1101 3045 quibus
1113 2999 1260 3046 primis,
1280 2998 1376 3035 idest

320 3058 389 3095 per
416 3059 456 3083 se
495 3054 530 3090 et
557 3060 634 3085 non
661 3048 872 3085 secundum
905 3049 1090 3087 accidens.
1121 3051 1194 3094 Per
1221 3061 1261 3087 se
1285 3064 1373 3099 ergo

181 3121 198 3146 t
321 3098 504 3147 principia
535 3100 659 3137 omnis
694 3101 797 3149 quod
833 3102 876 3139 fit
901 3107 916 3128 ⁷
945 3103 1155 3140 secundum
1183 3111 1374 3152 naturam,

323 3158 410 3188 sunt
436 3151 645 3190 subiectum
676 3160 711 3189 et
737 3154 871 3190 forma.

379 3204 413 3240 3.
433 3203 580 3257 Deinde
600 3217 688 3242 cum
708 3206 813 3243 dicit:
833 3208 902 3243 Est
926 3212 1050 3244 autem
1070 3208 1271 3245 subiectum
1292 3215 1374 3256 etc.,

76 1854 86 1864 ·
100 1853 171 1876 Num.
185 1859 206 1882 3.

379 3397 405 3430 α)
426 3396 497 3422 dicta
520 3400 617 3422 sunt.-
629 3397 648 3421 P
674 3397 745 3422 dicta
767 3398 860 3422 sint.—-
873 3399 944 3423 EGH
968 3399 1114 3425 immediate
1138 3407 1330 3433 prosequuntur
1352 3406 1378 3427 et

325 3432 440 3458 ostendit
458 3438 525 3464 quae
543 3434 604 3456 sunt
627 3431 752 3461 dicenda,
772 3433 794 3456 D
818 3435 844 3457 et
861 3440 927 3465 quae
949 3437 1011 3458 sunt
1029 3435 1180 3459 dicenda.—
1192 3436 1254 3461 Post
1273 3438 1378 3462 alteram

325 3467 419 3492 lineam
439 3467 492 3491 tria
511 3473 565 3491 esse
584 3469 696 3491 naturae
714 3467 808 3492 habent
826 3468 985 3492 BCDFLRS.

379 3500 404 3536 β)
421 3501 582 3533 praemissas
606 3501 638 3526 de
655 3502 794 3533 principiis
820 3502 1031 3536 dubitationes.—
1047 3504 1079 3528 de
1102 3504 1242 3536 principiis
1265 3513 1317 3531 om.
1342 3507 1376 3537 C,

325 3537 503 3562 dubitationes
514 3544 568 3560 om.
582 3536 618 3567 T;
638 3537 814 3562 dubitationes
827 3538 989 3568 praemissas
1008 3538 1040 3563 de
1049 3539 1190 3570 principiis
1207 3540 1377 3566 DEFGHRZ.

327 3606 350 3630 D
365 3570 650 3630 cllnpssssff‘ifgssffi
664 3571 1378 3642 iiiitfljkinssssffiffi„iss'ssuZZdJuisssseffiD1‘ssguLnl

322 3641 458 3673 principia
476 3641 560 3665 omnis
579 3641 633 3666 eius
652 3641 722 3674 quod
732 3642 777 3673 fit.

380 3674 404 3708 ὃ)
424 3676 494 3708 quod
515 3676 575 3701 licet
598 3676 739 3701 subiectum
758 3677 801 3702 sit.
819 3691 837 3695 -
854 3677 889 3702 Ita
908 3677 1129 3708 PBDFLRSZab;
1147 3679 1218 3710 quod
1235 3679 1377 3705 subiectum

1418 358 1448 385 in
1475 358 1647 385 substantiis.
1663 374 1682 379 -
1696 367 1723 393 9.
1747 357 1866 386 Materia
1888 357 1981 394 prima
1997 358 2082 394 (quae
2103 363 2146 385 est
2165 357 2290 393 primum
2312 356 2471 385 subiectum

1419 406 1452 424 ex
1473 407 1531 433 quo
1553 406 1598 425 res
1619 397 1760 425 naturales
1782 397 1853 424 fiunt
1874 406 1924 433 per
1938 399 1979 432 se)
1994 406 2055 424 non
2076 397 2162 424 scitur
2180 406 2230 433 per
2246 397 2385 433 seipsam3
2408 396 2475 433 quia

1419 445 1469 472 per
1490 436 1612 472 seipsam
1628 442 1704 464 caret
1718 436 1819 472 forma,
1834 437 1991 464 secundum
2014 446 2101 472 quam
2115 437 2344 472 unumquodque
2366 445 2474 472 cogno-

1419 475 1514 503 scitur.
1541 475 1634 503 Scitur
1659 482 1756 503 tamen
1783 474 1834 511 per
1861 475 2022 512 analogiam
2050 485 2083 503 ex
2111 475 2316 503 mutationibus
2344 475 2474 503 acciden-

1418 515 1537 549 talibus,
1560 515 1590 542 in
1611 515 1715 551 quibus
1743 522 1785 542 est
1807 515 1924 551 aliquod
1952 524 2106 543 commune
2130 514 2289 543 subiectum
2317 514 2475 543 contrario-

1421 564 1494 582 rum.
1510 555 1668 588 Praeterea,
1692 554 1810 582 materia
1830 554 1922 590 prima
1942 564 2003 582 non
2024 561 2066 582 est
2087 554 2126 582 sic
2152 563 2202 582 ens
2223 561 2251 582 et
2271 563 2378 589 unum,
2403 554 2476 582 sicut

1422 592 1601 620 individuum
1629 594 1863 621 determinatum:
1886 594 1936 621 sed
1965 594 2136 630 inquantum
2165 593 2257 621 estin
2285 593 2413 629 potentia
2438 594 2475 621 ad

1421 633 1554 660 formam.
1569 648 1589 653 -
1607 641 1649 660 xo.
1669 634 1863 660 Resumuntur
1876 633 1950 661 dicta
1964 642 2055 670 usque
2069 633 2134 668 huc,
2150 640 2177 661 et
2198 634 2387 661 ostenduntur
2401 642 2475 670 quae

1421 672 1515 700 adhuc
1530 678 1636 700 restant
1657 672 1786 700 dicenda.

1419 781 1521 818 addit
1552 781 1702 818 tertium
1735 782 1960 830 principium
1993 795 2061 831 per
2093 783 2278 820 accidens.
2308 785 2356 820 Et
2389 784 2476 821 dicit

1420 834 1524 883 quod
1551 834 1635 870 licet
1658 835 1869 871 subiectum
1895 835 1940 871 sit
1959 833 1972 857 δ
1990 848 2110 872 unum
2139 849 2317 883 numerO,
2347 844 2476 874 tamen

1420 886 1543 934 specie
1573 893 1609 922 et
1636 886 1778 923 ratione
1799 895 1854 923 est
1873 887 1962 935 duo,
1991 895 2032 924 ut
2060 901 2173 937 supra
2193 890 2213 910 'ss
2239 889 2380 926 dictum
2401 897 2475 936 est3

1421 939 1509 987 quia
1535 939 1653 975 homo
1684 946 1719 975 et
1755 951 1890 976 aurum
1919 949 1956 976 et
1992 941 2116 977 omnis
2150 942 2307 978 materia
2343 955 2476 979 nume-

1421 1003 1505 1028 rum
1538 991 1730 1039 quendam
1768 993 1890 1028 habet.
1921 994 1988 1029 Est
2021 994 2120 1030 enim
2155 995 2205 1030 ibi
2239 995 2478 1032 considerare

1421 1044 1547 1092 ipsum
1575 1044 1804 1092 subiectum,
1835 1046 1938 1094 quod
1967 1054 2022 1083 est
2050 1047 2189 1095 aliquid
2220 1048 2401 1096 positive,
2433 1061 2478 1085 ex

1422 1109 1498 1145 quo
1527 1097 1570 1133 fit
1598 1096 1736 1145 aliquid
1764 1110 1833 1145 per
1870 1111 1909 1134 se
1939 1106 1975 1135 et
2002 1112 2080 1136 non
2115 1112 2185 1148 per
2212 1101 2407 1148 accidens,
2436 1109 2479 1138 ut

1422 1150 1496 1186 hoc
1525 1149 1629 1197 quod
1658 1156 1713 1186 est
1739 1151 1859 1187 homo
1889 1159 1924 1188 et
1952 1164 2104 1199 aurum;
2131 1161 2167 1189 et
2195 1161 2250 1190 est
2277 1154 2328 1190 ibi
2358 1155 2478 1190 consi-

1424 1202 1554 1239 derare
1583 1202 1622 1238 id
1650 1202 1754 1250 quod
1782 1203 1915 1240 accidit
1944 1205 1989 1252 ei,
2011 1205 2149 1242 scilicet
2177 1207 2478 1243 contrarietatem

1423 1262 1460 1291 et
1486 1255 1760 1303 privationem,
1789 1264 1831 1292 ut
1867 1257 2111 1294 immusicum
2149 1266 2185 1294 et
2223 1259 2477 1307 infiguratum.

1423 1307 1595 1344 Tertium
1616 1315 1742 1344 autem
1759 1316 1814 1344 est
1828 1310 1971 1357 species
1985 1311 2046 1346 vel
2067 1311 2199 1358 forma,
2218 1312 2312 1348 sicut
2331 1312 2479 1349 ordina-

1422 1360 1473 1396 tio
1494 1367 1549 1396 est
1567 1361 1690 1397 forma
1718 1362 1867 1409 domus,
1887 1363 1949 1398 vel
1968 1363 2113 1400 musica
2141 1365 2305 1401 hominis
2334 1365 2479 1412 musici,

1422 1413 1484 1449 vel
1508 1413 1662 1461 aliquod
1678 1415 1697 1435 '¹‘
1712 1414 1871 1450 aliorum
1898 1427 1995 1463 quae
2019 1417 2092 1453 hoe
2116 1417 2234 1453 modo
2262 1417 2481 1477 praedican-
2506 1427 2518 1438 ⁴

1423 1472 1483 1502 tur
1502 1466 1533 1502 ²³².
1556 1466 1618 1502 Sic
1635 1466 1745 1514 igitur
1763 1467 1887 1504 forma
1906 1475 1943 1504 et
1961 1469 2172 1506 subiectum
2197 1478 2282 1506 sunt
2299 1470 2482 1519 principia
2509 1485 2519 1495 ⁶

1418 1530 1491 1566 per
1507 1530 1547 1554 se
1566 1518 1645 1555 eius
1673 1519 1778 1568 quod
1797 1521 1840 1556 fit
1867 1522 2077 1558 secundum
2098 1529 2291 1569 naturam;
2322 1523 2389 1560 sed
2407 1523 2480 1571 pri-

1424 1571 1526 1607 vatio
1545 1572 1607 1607 vel
1636 1572 1866 1609 contrarium
1887 1581 1942 1610 est
1967 1574 2194 1634 principium
2207 1588 2281 1624 per
2299 1577 2480 1622 accidens,

1425 1624 1648 1671 inquantum
1686 1625 1820 1662 accidit
1846 1626 2036 1673 subiect03
2066 1628 2161 1664 sicut
2190 1629 2349 1665 dicimus
2378 1606 2481 1678 quod

1426 1676 1645 1713 aedificator
1673 1685 1728 1713 est
1756 1690 1869 1714 causa
1902 1679 2023 1716 activa
2057 1680 2194 1717 domus
2226 1694 2296 1730 per
2323 1694 2384 1728 se,
2414 1681 2482 1718 sed

1426 1729 1615 1765 musicum
1645 1737 1700 1766 est
1729 1742 1841 1767 causa
1869 1732 1990 1768 activa
2019 1733 2156 1770 domus
2183 1746 2252 1782 per
2280 1711 2480 1781 accidenS,

1425 1780 1649 1840 inquantum
1678 1783 1811 1819 accidit
1838 1784 2069 1821 aedificatori
2097 1798 2178 1822 esse
2207 1786 2407 1823 musicum.
2435 1788 2484 1823 Et

1426 1834 1479 1870 sic
1506 1835 1625 1871 homo
1655 1842 1710 1871 est
1738 1848 1851 1872 causa
1874 1849 1942 1884 per
1960 1850 2011 1884 se,
2037 1845 2079 1874 ut
2107 1838 2330 1886 subiectum,
2360 1840 2482 1876 homi-

1425 1886 1482 1923 nis
1511 1887 1665 1934 musici,
1695 1888 1763 1924 sed
1791 1901 1868 1924 non
1888 1890 2077 1926 musicum
2107 1899 2161 1927 est
2186 1904 2298 1928 causa
2326 1899 2362 1928 et
2383 1892 2483 1940 prin-

1427 1939 1567 1988 cipium
1597 1940 1676 1977 eius
1685 1953 1772 2014 *per
1800 1941 1986 1979 accidens.

1477 2005 1514 2039 4.
1535 1994 1704 2030 Posset*
1719 2001 1846 2030 autem
1866 1994 1998 2043 aliquis
2019 1995 2182 2032 obiicere
2203 1997 2305 2044 quod
2322 1997 2520 2045 privatio

1425 2058 1503 2082 non
1535 2046 1669 2083 accidit
1696 2047 1864 2083 subiecto
1898 2049 2050 2107 quando
2086 2057 2140 2085 est
2172 2050 2241 2085 sub
2270 2050 2413 2096 f30rma
2449 2057 2484 2086 et

1425 2098 1490 2134 sic
1504 2099 1664 2146 privatio
1693 2111 1771 2135 non
1800 2107 1855 2136 est
1881 2101 2108 2150 principium
2130 2103 2149 2123 '²²
2178 2103 2320 2139 essendi
2335 2115 2404 2151 per
2423 2115 2482 2139 ac-

1425 2150 1564 2188 cidens.
1603 2153 1652 2188 Et
1687 2151 1773 2188 ideo
1812 2153 2016 2190 dicendum
2054 2155 2158 2214 quod
2195 2155 2351 2191 materia
2388 2168 2482 2192 nun-

1425 2215 1540 2251 quam
1578 2211 1633 2241 est
1678 2204 1758 2240 sine
1794 2205 2020 2253 privatione·
2058 2207 2147 2255 quia
2180 2208 2333 2257 quando
2371 2209 2484 2244 habet

1424 2268 1540 2292 unam
1569 2257 1745 2304 formam,
1774 2265 1831 2294 est
1859 2264 1983 2295 cum*
1997 2260 2208 2308 privatione
2234 2261 2383 2297 alterius
2410 2262 2482 2297 for-

1426 2320 1524 2345 mae
1553 2310 1602 2346 Et
1628 2309 1731 2356 ideo,
1762 2310 1854 2347 dum
1884 2319 1939 2347 est
1965 2312 2003 2348 in
2031 2312 2112 2349 fieri
2141 2313 2280 2362 aliquid
2309 2315 2413 2362 quod
2441 2314 2484 2350 fit

1426 2363 1490 2406 (ut
1513 2361 1632 2397 horno
1661 2362 1868 2411 musicus),
1902 2364 1940 2400 in
1973 2365 2141 2402 subiecto
2175 2367 2327 2414 quando
2349 2368 2368 2387 ²³²
2389 2379 2483 2404 non-

1426 2413 1517 2449 dum
1545 2414 1660 2450 habet
1691 2415 1866 2463 formam,
1897 2422 1953 2453 est
1978 2418 2138 2466 privatio
2159 2419 2274 2467 ipsius
2294 2419 2481 2465 musicae;

1425 2473 1461 2502 et
1488 2466 1574 2502 ideo
1603 2466 1832 2515 principium
1859 2481 1942 2527 per·
1955 2471 2129 2508 accidens
2156 2471 2322 2508 hominis
2348 2449 2483 2508 musici

1425 2518 1462 2555 in
1482 2518 1563 2555 fieri
1584 2527 1639 2555 est
1666 2532 1744 2556 non
1772 2522 1978 2568 musicum;
2007 2524 2081 2559 hoc
2110 2524 2210 2560 enim
2229 2525 2395 2561 *accidit
2415 2526 2483 2561 ho·
2508 2541 2520 2552 υ

1425 2571 1517 2607 mini
1545 2571 1638 2607 dum
1665 2573 1708 2608 fit
1735 2573 1911 2611 musicus.
1943 2576 2019 2612 Sed
2047 2578 2199 2635 quando
2227 2577 2303 2614 iam
2332 2577 2485 2614 advenit

1426 2624 1460 2660 ei
1478 2624 1573 2660 haec
1592 2625 1725 2672 forma,
1755 2626 1967 2685 adiungitur
1995 2629 2028 2664 ei
2055 2629 2215 2677 privatio
2237 2631 2385 2667 alterius
2410 2631 2482 2666 for-

1426 2689 1528 2723 mae3
1554 2684 1591 2713 et
1609 2677 1662 2713 sic
1679 2678 1841 2738 privatio
1870 2681 2014 2717 formae
2045 2682 2240 2730 oppositae
2270 2691 2325 2720 est
2348 2683 2483 2732 princi—

1426 2730 1532 2778 pium
1551 2742 1620 2788 per
1638 2731 1840 2768 accidens
1832 2745 1869 2769 ln
1892 2734 2063 2771 essendo.
2081 2737 2219 2772 -Patet
2243 2748 2330 2783 ergo
2353 2749 2484 2773 secun-

1428 2782 1520 2819 dum
1548 2782 1796 2820 intentionem
1825 2786 2032 2824 Aristotelis
2057 2789 2160 2836 quod
2182 2789 2360 2837 privatio,
2387 2802 2484 2839 quae

1426 2835 1579 2884 ponitur
1604 2836 1830 2886 principium
1858 2847 2013 2883 naturae
2033 2853 2101 2888 per
2120 2842 2304 2889 accidens,
2332 2855 2409 2879 non
2430 2851 2486 2880 est

1428 2888 1552 2936 aliqua
1580 2889 1749 2948 aptitudo
1770 2890 1818 2926 ad
1838 2892 2013 2940 formam,
2035 2894 2096 2930 vel
2118 2894 2306 2932 inchoatio
2327 2896 2482 2943 formae,

1426 2942 1489 2978 vel
1509 2941 1662 2990 aliquod
1688 2943 1915 3003 principium
1943 2945 2205 3006 imperfectum
2234 2949 2420 2996 activum,
2445 2957 2486 2986 ut

1427 2994 1583 3053 quidam
1604 2994 1742 3042 dicunt,
1764 2997 1861 3033 sed·
1847 3010 1934 3047 1psa
1960 3000 2120 3036 carentia
2144 3001 2288 3039 formae
2316 3003 2378 3039 vel
2399 3015 2486 3039 con-

1428 3047 1583 3083 trarium
1612 3048 1768 3095 formae,
1799 3050 1903 3097 quod
1932 3051 2099 3089 subiecto
2129 3053 2272 3091 accidit.

1486 3101 1517 3136 5.
1548 3101 1695 3138 Deinde
1721 3114 1808 3138 cum
1829 3102 1932 3140 dicit:
1967 3106 2072 3141 Unde
2099 3112 2153 3142 est
2179 3114 2260 3153 etc.,
2292 3107 2403 3144 solvit
2430 3120 2485 3144 se-

1430 3153 1598 3189 cundum
1636 3154 1923 3193 determinatam
1961 3158 2158 3194 veritatem
2197 3160 2446 3196 dubitationes
2474 3166 2485 3180 ¹

1430 3221 1564 3245 omnes
1590 3208 1870 3256 praecedentes.
1910 3210 1958 3246 Et
1995 3211 2182 3248 concludit
2217 3224 2261 3248 ex
2286 3212 2484 3261 praedictis

1431 3411 1489 3429 cum
1501 3404 1537 3429 sit
1554 3405 1738 3434 ACIKOTVY,
1758 3406 1828 3438 quod
1846 3406 1987 3431 subiectum
2006 3407 2066 3432 licet
2083 3408 2119 3432 sit
2137 3408 2216 3438 EGH,
2235 3410 2306 3441 quod
2324 3417 2382 3435 cum
2401 3412 2486 3436 subie-

1431 3442 1501 3463 ctum
1520 3440 1556 3463 sit
1574 3440 1610 3470 N,
1635 3441 1706 3472 quod
1723 3441 1865 3466 subiectum
1883 3442 1919 3465 sit
1936 3441 2019 3471 MQX.
2033 3456 2051 3461 —
2069 3443 2148 3468 Linea
2168 3451 2225 3476 seq.
2243 3447 2282 3469 est
2300 3450 2358 3470 ante
2377 3446 2429 3471 duo
2449 3447 2486 3472 in-

1433 3475 1956 3542 congu‘elucgptimgffssM-Nagisputationes
1975 3511 2032 3536 edd.
2056 3513 2095 3537 ab
2119 3518 2144 3537 et
2163 3514 2237 3538 codd.
2262 3522 2315 3540 exc.
2334 3515 2397 3549 FHp
2399 3517 2433 3547 Β;
2453 3518 2486 3542 cf.

1433 3551 1458 3567 n.
1481 3551 1502 3567 1.
1520 3556 1539 3562 —
1556 3544 1612 3568 Lin.
1627 3552 1683 3577 seq.
1697 3552 1743 3576 pro
1759 3545 1794 3568 Et
1807 3546 1950 3574 concludit,
1966 3549 1992 3570 et
2003 3548 2117 3572 ostendit
2135 3549 2213 3579 DEG,
2228 3551 2360 3575 concludit
2370 3552 2438 3577 enim
2453 3553 2485 3582 H.

1433 3578 1566 3603 concludo
1590 3586 1654 3612 ergo
1678 3580 1736 3608 Csl,
1762 3581 1895 3604 concludit
1919 3581 2169 3614 AKOQSVXYpIT.
2187 3597 2206 3603 -
2228 3584 2311 3616 Infra,
2339 3586 2409 3611 DEG
2432 3595 2485 3613 orn.

1432 3612 1542 3641 scilicet,
1563 3613 1583 3636 C
1601 3622 1653 3638 om.
1672 3614 1770 3638 scilicet
1783 3622 1835 3645 per·
1853 3622 1895 3643 se;
1914 3623 1959 3647 pro
1978 3620 2004 3640 et
2022 3618 2215 3648 quodammodo
2232 3620 2299 3650 tria,
2315 3623 2340 3645 et
2358 3622 2485 3653 quodam-

1433 3647 1510 3671 modo
1529 3652 1589 3672 sunt
1608 3649 1661 3672 tria
1679 3649 1781 3673 DEGH.
1798 3649 1860 3674 Post
1873 3650 1926 3674 tria
1946 3651 1966 3675 C
1985 3653 2073 3684 pergit,
2092 3657 2118 3677 et
2138 3654 2331 3686 quodammodo
2346 3657 2484 3682 dicendum

1432 3685 1471 3706 est
1484 3682 1619 3714 principia
1638 3690 1692 3708 esse
1714 3685 1857 3715 contraria,
1881 3686 2074 3718 quodammodo
2094 3695 2153 3713 non
2176 3690 2319 3715 Contraria
2337 3695 2398 3716 sunt
2406 3693 2485 3724 prin-

2601 834 2614 859 δ

2502 895 2584 916 *Lech
2609 894 2714 922 praeced.

2504 927 2527 942 n.
2542 927 2554 948 7
2570 927 2621 948 sqq.

2538 1427 2628 1455 aliquid
2646 1433 2719 1448 notre

2507 1460 2534 1475 η
2539 1470 2544 1475 .

2536 1491 2583 1512 pon
2587 1487 2656 1506 untur
2674 1491 2718 1506 rm<

2506 1511 2608 1537 (mohab
2617 1511 2655 1532 πεῖ.
2663 1515 2718 1532 text.

2535 2011 2616 2032 Potest
2631 2016 2721 2031 rui-:cim

2510 2037 2563 2058 nab.
2571 2049 2579 2052 -
2589 2039 2664 2057 autem
2673 2043 2720 2057 om.

2509 2063 2604 2089 mazab,
2614 2065 2690 2083 tamen
2697 2069 2720 2083 Ν.

2509 2111 2607 2132 *causa
2621 2116 2658 2131 EG.

2509 2270 2520 2280 ⁴
2535 2269 2576 2290 sub
2591 2269 2659 2291 codd.
2671 2275 2720 2291 exc.

2509 2302 2611 2317 necuim.

2509 2374 2660 2401 'quodcodd.
2669 2381 2718 2396 cxc.

2510 2407 2539 2421 Ν.-
2555 2400 2585 2422 cf.
2600 2401 2666 2422 infra.

2535 2541 2593 2561 enim
2606 2547 2654 2562 om.
2667 2547 2719 2568 epo,

2509 2569 2585 2588 aulem
2607 2571 2650 2588 cet.
2670 2574 2723 2589 exc>

2510 2599 2652 2615 nruuunzso.
