2950 4004
1168 196 1278 232 CAP.
1308 195 1378 241 w,
1409 195 1559 233 LECT.
1590 196 1623 230 x
2434 200 2481 235 83

1069 426 1368 484 LECTIO
1407 429 1722 484 DECIMA

490 591 790 623 -DIFFERENTIA
812 590 944 620 INTER
967 589 1113 620 CASUM
1136 589 1194 619 ET
1218 589 1470 620 FORTUNAM.
1486 606 1503 611 —
1517 589 1608 620 NON
1632 590 1730 620 ESSE
1755 591 1917 621 PLURES
1940 591 2026 622 NEC
2049 591 2290 623 PAUCIORES

627 647 629 650 ’
1119 650 1244 686 QUAM
1269 649 1483 686 QUATUOR
1507 649 1673 681 CAUSAS

312 788 462 833 Διαφέρει
486 782 515 818 δ’
545 786 597 819 ὅτι
623 787 663 818 τό
690 786 891 831 αὐτόματον
918 787 972 819 ἐπὶ
998 786 1111 818 πλεῖόν
1139 787 1223 818 ἐστι·
1252 787 1292 818 τὸ
1310 786 1368 828 μὲν

375 832 439 877 γάρ
465 831 533 863 ἀπὸ
559 831 665 875 τύχης
693 832 761 864 ἀπὸ
787 830 1014 875 ταύτομάτου
1047 832 1153 865 τοῦτο
1179 826 1206 861 δ’
1237 831 1274 862 οὐ
1302 831 1369 862 πᾶν

379 875 447 909 ἀπὸ
472 874 591 920 τύχης.

307 923 348 952 Ἡ
373 920 430 964 μὲν
456 919 520 965 γάρ
546 918 634 973 τύχη
660 921 716 950 καὶ
743 918 784 950 τὸ
812 919 879 952 ἀπὸ
906 918 1011 963 τύχης
1036 919 1128 951 ἐστὶν
1148 917 1235 955 ὅσοις
1252 920 1310 949 καὶ
1328 918 1371 950 τὸ

376 964 564 1008 εὐτυχῆσαι
597 966 635 995 ἀν
667 962 826 1007 ὑπάρξειε
857 965 913 994 καὶ
941 963 1022 1001 ὅλως
1056 962 1187 1004 πρᾶξις.
1227 963 1282 993 Διο“
1311 965 1369 993 καὶ

378 1007 510 1053 ἀνάγκη
537 1009 610 1051 περὶ
635 1007 683 1039 τά
707 1007 846 1051 πρακτά
877 1004 961 1039 εἶναι
988 1008 1050 1044 τήν
1085 1006 1206 1051 τύχην·
1233 1010 1369 1050 σημεῖον

376 1048 404 1084 δ’
427 1050 480 1084 ὅτι
505 1047 599 1083 δοκεῖ
622 1051 700 1087 ἤτοι
729 1049 858 1084 ταύτὸν
885 1049 969 1084 εἶναι
995 1052 1039 1094 τῇ
1059 1046 1258 1094 εὐδαιμονίᾳ
1277 1052 1296 1086 η
1319 1052 1371 1082 εὐ-

378 1099 481 1142 τυχία
500 1094 520 1132 ἦ
539 1095 650 1141 ἐγγύς,
672 1096 691 1132 ή
710 1090 738 1126 δ’
760 1091 856 1128 εὐδαι
874 1099 959 1128 ,ονία
985 1095 1102 1139 πρᾶξίς
1122 1107 1185 1132 τις·
1204 1094 1370 1138 εὐπραξία

375 1141 453 1187 γάρ·
481 1139 553 1171 ὥσθ’
585 1139 721 1177 ὁπόσοις
746 1140 793 1182 μή
824 1107 1000 1186 ἑνὲέχεται
1032 1139 1182 1182 πρᾶξαι,
1219 1136 1296 1171 οὐδὲ
1329 1140 1370 1172 τὸ

379 1185 447 1218 ἀπὸ
473 1183 580 1228 τύχης
607 1196 640 1216 τι
667 1185 823 1221 ποιῆσαι.

309 1230 375 1261 Καὶ
407 1224 467 1260 διά
498 1229 603 1261 τοῦτο
637 1228 715 1259 οὔτε
750 1227 875 1274 ἄψυχον
908 1224 1004 1260 ούῗὲν
1036 1228 1114 1259 οὕτε
1147 1226 1257 1271 θηρίον
1292 1227 1370 1259 οὔτε

377 1269 513 1304 παιδίον
539 1267 636 1303 οὐδὲν
662 1277 752 1303 ποιεῖ
777 1274 846 1305 ἀπό
871 1272 992 1317 τύχης,
1013 1271 1066 1304 ὅτι
1084 1273 1142 1304 οὐκ
1161 1271 1230 1315 ἔχει
1253 1274 1370 1316 προαί-

377 1327 475 1359 ρεσιν·
503 1311 571 1347 οὐδ’
593 1316 736 1361 εὐτυχία
763 1312 832 1349 οὐδ’
856 1318 983 1361 ἀτυχία
1010 1315 1152 1360 ὑπάρχει
1172 1315 1322 1356 τούτοις,
1341 1317 1369 1347 εἰ

377 1361 423 1404 μή
448 1359 523 1391 καθ’
550 1360 755 1404 ὁμοιότητα,
774 1361 883 1405 ὥσπερ
909 1361 967 1405 ἔφη
993 1360 1191 1404 Πρώταρχος
1217 1361 1368 1405 εὐτυχεῖς

377 1402 461 1436 εἶναι
486 1404 565 1441 τούς
589 1404 698 1442 λίθους
725 1405 759 1446 ἐξ
785 1405 827 1436 ὤν
853 1408 882 1436 οἱ
908 1405 1026 1448 βωμοί,
1052 1404 1105 1437 ὅτι
1128 1405 1308 1447 τιμῶνται,
1339 1407 1367 1436 οἱ

375 1444 414 1480 δὲ
440 1448 599 1493 ὀμόζυγες
625 1449 738 1480 αὐτῶν
763 1450 1070 1481 καταπατοῦνται.
1098 1449 1143 1479 To·
1169 1445 1206 1480 δὲ
1224 1449 1368 1493 πάσχειν

378 1492 446 1525 ἀπὸ
472 1492 578 1535 τύχης
605 1492 745 1536 ὑπάρξει
771 1505 839 1529 πως
863 1495 919 1524 καὶ
938 1492 1089 1533 τούτοις,
1110 1492 1194 1524 ὅταν
1221 1494 1236 1524 ὁ
1262 1493 1368 1536 πράτ-

377 1548 443 1568 των
469 1547 503 1570 τι
528 1538 600 1578 περὶ
627 1537 720 1568 αὐτοὶ
745 1536 856 1580 πράξῃ
884 1537 952 1568 ἀπό
979 1536 1097 1581 τύχης·
1128 1537 1236 1574 ἄλλως
1254 1533 1291 1568 δὲ
1310 1538 1368 1569 οὐκ.

376 1581 461 1612 ἔστι.
841 1581 844 1583 ’

308 1623 353 1656 Τό
377 1621 407 1656 δ’
429 1621 630 1666 αὐτόματον
654 1625 712 1655 καὶ
730 1627 799 1660 τοῖς
825 1624 938 1661 ἀλλοις
954 1623 1049 1666 ζῴοις
1070 1625 1128 1654 καὶ
1149 1624 1284 1661 πολλοῖς
1303 1625 1368 1655 τῶν

377 1667 442 1712 ἀψύ
468 1678 526 1707 ων,
553 1667 620 1698 οἷον
640 1668 775 1705 ὀῖππος
803 1667 1015 1710 αὐτόματος,
1043 1666 1163 1711 φαμέν,
1184 1666 1294 1706 ἦλθεν,
1316 1668 1369 1701 ὅτι

375 1712 439 1745 ὲσώ
460 1725 480 1748 η
511 1711 570 1754 μὲν
603 1711 723 1751 ἐλθών,
758 1712 795 1743 οὐ
822 1713 882 1744 τοῦ
908 1711 1056 1747 σωθῆναι
1081 1708 1118 1744 δὲ
1144 1711 1240 1743 ἕνεκα
1272 1709 1365 1748 ἦλθε.

374 1758 440 1788 Καὶ
466 1756 482 1787 ὁ
508 1758 643 1799 τρίπους
669 1756 868 1799 αὐτόματος
892 1755 1094 1788 κατέπεσεν·
1122 1756 1202 1793 ἔστη
1226 1756 1286 1798 μὲν
1303 1758 1367 1802 γάρ

375 1802 437 1833 τοῦ
463 1798 633 1835 καθῆσθαι
666 1800 781 1840 ἕνεκα,
811 1801 878 1832 ἀλλ’
908 1801 945 1832 οὗ
976 1801 1037 1833 τοῦ
1067 1799 1237 1837 καθῆσθαι
1270 1800 1368 1832 ἕνεκα

373 1843 576 1876 κατέπεσεν.

300 1888 402 1921 ‘'Oa-ve
428 1887 566 1933 φανερὸν
594 1886 647 1919 ὅτι
673 1888 705 1919 ἐν
732 1891 801 1924 τοῖς
830 1888 942 1925 ἀπλῶς
970 1886 1068 1919 ἕνεκά
1090 1900 1150 1920 του
1168 1888 1365 1934 γινομένοις,

376 1932 459 1965 ὅταν
485 1931 532 1974 μὴ
558 1932 619 1963 τοῦ
645 1931 836 1975 συμβάντος
871 1931 968 1963 ἐ’νεκα
999 1931 1142 1978 γένηται
1176 1932 1212 1964 οὗ
1239 1932 1300 1973 ἔξω
1327 1934 1367 1965 τὸ

374 1979 508 2016 αἴτιον,
542 1974 624 2007 τότε
659 1977 727 2008 ἀπο
761 1975 988 2019 ταύτομάτου
1019 1975 1174 2022 λέγομεν·
1208 1976 1277 2008 ἀπὸ
1310 1978 1367 2010 τύ-

374 2033 435 2065 χης
460 2015 512 2060 δέ,
531 2019 664 2051 τούτων
691 2019 754 2052 ὅσα
781 2020 849 2052 ἀπὸ
876 2018 1102 2063 ταύτομάτου
1127 2023 1283 2066 γίγνεται
1301 2023 1366 2054 τῶν

377 2075 479 2108 προαι
501 2064 584 2094 ετῶν
609 2067 679 2100 τοῖς
705 2063 818 2108 ’έχουσι
844 2066 1046 2107 προαίρεσιν.

310 2109 449 2152 Σημεῖον
475 2075 512 2138 ἑὲ
537 2106 577 2138 τὸ
602 2106 729 2150 μάτην,
749 2106 803 2139 ὅτι
822 2107 964 2152 λέγεται
990 2106 1073 2139 ὅταν
1098 2107 1144 2150 μη
1162 2107 1305 2152 γένηται
1324 2109 1366 2140 το

377 2150 474 2183 ἕνεκα
501 2150 604 2182 ἄλλου
637 2151 740 2182 ἑκείνο
767 2150 804 2182 οὗ
831 2150 949 2191 ἕνεκα,
977 2151 1044 2182 οἷον
1070 2152 1110 2183 τό
1137 2146 1275 2191 βαδίσαι
1307 2153 1366 2183 λα-

377 2194 509 2234 πάξεως
540 2193 639 2225 ἕνεκά
671 2195 774 2226 ἐστιν·
802 2195 829 2225 εἰ
853 2189 891 2225 δὲ
916 2193 962 2238 μή
993 2193 1129 2249 ἐγένετο
1163 2194 1364 2236 βαδίσαντι,

375 2238 488 2283 μοίτην
518 2238 625 2282 φαμὲν
659 2235 818 2278 βαδίσαι,
848 2240 905 2269 καὶ
933 2239 952 2274 ἠ
980 2235 1109 2279 βαδισις
1141 2242 1298 2282 ματαία,
1326 2241 1367 2276 ὠς

377 2283 483 2315 τοῦτο
509 2280 543 2312 ὃν
569 2283 610 2314 το“
635 2281 761 2326 μάτην,
781 2283 822 2314 τό
848 2281 989 2325 πεφυκός
1016 2284 1119 2316 ἄλλου
1146 2282 1257 2324 ἕνεκα,
1283 2283 1366 2315 ὅταν

374 2327 421 2371 μη
447 2328 587 2369 περαίνῃ
620 2327 724 2358 ἐκεῖνο
751 2326 788 2358 οὖ
814 2325 912 2358 ’ένεκα
941 2324 980 2363 ’ἦν
1005 2331 1061 2359 καὶ
1096 2327 1265 2371 ἐπεφύκει·
1294 2328 1365 2360 ἐπεὶ

375 2373 404 2402 εἴ
434 2382 484 2407 τις
512 2369 701 2402 λούσασθαι
733 2372 813 2412 φαίη
846 2370 959 2413 μάτην
993 2371 1046 2404 ὅτι
1079 2370 1139 2403 οὐκ
1173 2371 1322 2412 ἐξέλιπεν
1351 2373 1366 2404 ὀ

375 2414 481 2456 ἥλιος,
518 2417 623 2451 ελοῖος
643 2414 680 2446 ἄν
702 2416 764 2451 εἴη·
788 2413 825 2446 οὐ
846 2415 909 2460 γάρ
931 2413 971 2452 ἦν
990 2417 1094 2448 τοῦτο
1113 2415 1236 2447 ἐκείνου
1255 2415 1364 2448 ἕνεκα.

374 2458 470 2491 Οὕτω
494 2425 539 2495 ἒη
565 2458 606 2490 τό
632 2458 832 2502 αὐτόματον
858 2462 915 2490 καὶ
940 2460 1035 2492 κατά
1060 2460 1101 2492 τὸ
1127 2459 1252 2502 ὄνομα,
1282 2459 1365 2492 ὅταν

346 2531 352 2536 .
377 2503 464 2535 αὐτὸ
490 2502 603 2548 μάτην
628 2502 784 2548 γένηται·
810 2503 980 2536 κατέπεσε
1005 2504 1069 2550 γάρ
1096 2505 1133 2536 οὐ
1159 2505 1221 2536 τοῦ
1251 2504 1366 2536 πατά-

375 2546 432 2587 ξαι
457 2547 555 2580 ἕνεκα.
581 2547 596 2578 ὁ
620 2546 723 2584 λίθος·
753 2545 821 2579 ἀπὸ
846 2549 908 2580 τοῦ
941 2546 1145 2592 αὐτομάτου
1175 2549 1240 2592 ἄρα
1265 2547 1367 2580 κατέ-

375 2603 472 2623 πεσεν
499 2594 515 2624 ὁ
539 2590 642 2632 λίθος,
663 2590 716 2623 ὅτι
742 2591 839 2623 πέσοι
866 2591 904 2624 ἀν
932 2593 997 2625 ὑπὸ
1024 2594 1114 2630 τινος
1139 2595 1195 2624 καὶ
1222 2593 1283 2624 τοῦ
1303 2605 1367 2624 πα-

376 2634 481 2676 τάξαι
507 2635 616 2668 ἕνεκα.

307 2677 470 2712 Μάλιστα
495 2676 524 2712 δ’
546 2679 618 2711 ἐστὶ
636 2678 856 2733 χωριζόμενον
875 2680 916 2711 τὸ
939 2679 1006 2711 ἀπὸ
1033 2679 1138 2725 τύχης
1165 2680 1198 2711 ἐν
1222 2685 1291 2717 τοῖς
1311 2680 1369 2724 φύ-

375 2735 424 2754 σει
449 2722 646 2770 γινομένοις·
681 2723 764 2754 ὁταν
793 2723 857 2768 γάρ
887 2722 1029 2770 γένηταί
1060 2735 1093 2755 τι
1127 2724 1221 2767 παραὶ
1249 2724 1365 2768 φύσιν,

375 2766 458 2799 τότε
485 2769 543 2800 οὐκ
571 2767 639 2798 ἀπὸ
664 2766 770 2811 τύγης
799 2765 888 2799 ἀλλά
905 2768 1033 2810 μᾶλλον
1053 2766 1120 2800 ἀπὸ
1138 2766 1366 2812 ταύτομάτου

374 2811 550 2857 γεγονέναι
584 2810 705 2854 φαμέν.
736 2811 833 2843 ’Έστι
858 2806 894 2843 δὲ
926 2814 983 2843 καὶ
1014 2813 1119 2845 τοῦτο
1150 2811 1276 2854 ἕτερον·
1304 2813 1366 2844 τοῦ

374 2856 433 2898 μὲν
463 2856 526 2902 γάρ
553 2855 615 2895 ἔξω
639 2855 680 2887 τὸ
711 2858 840 2896 αἴτιον,
869 2857 930 2888 τοῦ
955 2851 983 2887 δ’
1013 2856 1120 2894 ἐντός.
1157 2857 1194 2887 Τί
1220 2856 1278 2899 μὲν
1310 2855 1365 2888 οὖν

377 2898 450 2932 ἐστὶ
476 2901 516 2932 τό
543 2898 745 2942 αὐτόματον
769 2901 826 2931 καὶ
852 2903 885 2933 τί
911 2901 930 2936 ’ἡ
957 2899 1059 2945 τύχη,
1086 2903 1231 2945 εἴρηται,
1249 2902 1306 2932 καὶ
1333 2904 1364 2932 τί

375 2940 585 2987 διαφέρουσιν
613 2943 781 2980 ἀλλήλων.

309 2986 372 3019 Τὸν
397 2983 434 3019 δὲ
458 2987 584 3032 τρόπον
609 2987 670 3025 τῆς
698 2988 810 3025 αἰτίας
836 2986 868 3019 ἐν
894 2992 964 3025 τοῖς
987 2987 1058 3020 ὅθεν
1085 2989 1104 3025 ἡ
1133 2987 1220 3033 ἀρχη
1239 2989 1300 3026 τῆς
1318 3000 1364 3019 κι-

375 3030 512 3074 νήσεως,
539 3031 698 3075 ἑκάτερον
725 3032 850 3064 αὐτῶν·
878 3031 898 3068 ἦ
923 3032 987 3077 γάρ
1013 3033 1079 3064 τῶν
1097 3032 1190 3076 φύσει
1207 3044 1241 3064 τι
1260 3032 1280 3068 ἦ
1299 3034 1365 3065 τῶν

377 3076 445 3108 ἀπὸ
478 3072 630 3114 διανοίας
664 3078 772 3109 αἴτιον
808 3076 858 3109 ἀεί
892 3077 997 3108 ἐστιν·
1035 3077 1125 3109 ἀλλά
1157 3076 1288 3109 τούτων
1325 3077 1366 3109 vd

376 3119 501 3158 πλῆθος
529 3120 695 3165 ἀόριστον.

302 3198 398 3228 Ἐπεὶ
424 3190 451 3226 δ’
482 3197 554 3229 ἐστὶ
579 3197 620 3229 τὸ
647 3196 848 3239 αὐτόματον
874 3199 931 3228 καὶ
950 3198 970 3233 η
990 3197 1077 3242 τύχη
1106 3200 1203 3230 αἴτια
1225 3198 1267 3229 ὧν
1288 3197 1325 3230 ἂν
1344 3197 1364 3234 ἦ

373 3240 447 3276 νοῦς
472 3240 608 3287 γένοιτο
635 3243 743 3277 αἴτιος
762 3239 782 3276 ἦ
801 3241 906 3283 φύσις,
927 3240 1011 3272 ὅταν
1035 3242 1132 3273 κατά
1155 3242 1364 3285 συμβεβηκὸς

376 3284 487 3316 αἴτιόν
512 3296 546 3315 τι
576 3283 718 3330 γένηται
750 3285 882 3316 τούτων
913 3285 1046 3324 αὐτῶν,
1077 3281 1172 3316 οὐδὲν
1205 3282 1242 3317 δὲ
1270 3286 1367 3318 κατά

374 3327 582 3370 συμβεβηκός
608 3328 680 3360 ἐστι
702 3327 863 3371 πρότερον
885 3329 950 3359 τῶν
970 3327 1044 3359 καθ’
1067 3328 1170 3369 αύτό,
1189 3325 1291 3365 δῆλον
1311 3329 1365 3360 ὅτι

377 3370 454 3406 οὐδὲ
481 3372 521 3404 τὸ
544 3372 640 3405 κατὰ
665 3371 872 3414 συμβεβηκὸς
899 3374 1008 3404 αἴτιον
1027 3371 1187 3416 πρότερον
1207 3373 1268 3404 τοῦ
1285 3372 1359 3404 καθ’

376 3416 476 3449 αὐτό.
501 3416 660 3460 ‘'Yet-epm
687 3417 752 3458 ἄρα
777 3416 818 3449 τὸ
843 3415 1045 3459 αὐτόματον
1070 3418 1127 3447 καὶ
1152 3417 1172 3452 ἡ
1200 3416 1287 3460 τύχη
1305 3419 1363 3448 καὶ

375 3463 431 3493 νοῦ
456 3463 512 3492 καὶ
538 3460 676 3503 φύσεως·
704 3460 782 3492 ὥστ’
812 3461 839 3492 εἰ
866 3460 918 3492 ὅτι
943 3459 1096 3504 μάλιστα
1125 3460 1186 3491 τοῦ
1220 3461 1363 3503 ούρανοῦ

378 3507 485 3539 αἴτιον
517 3505 557 3536 vd
591 3504 811 3548 αὐτόματον,
845 3503 974 3550 ἀνάγκη
1006 3503 1165 3548 πρότερον
1197 3505 1272 3535 νοῦν
1306 3507 1363 3536 καὶ

1426 789 1442 807 *
1458 789 1614 819 Differunt
1643 797 1749 820 autem
1764 791 1918 831 quoniam
1946 802 2035 822 casus
2055 792 2087 821 in
2107 792 2179 831 plus
2208 799 2261 823 est.
2281 793 2377 829 Quod
2402 794 2486 823 enirn
2513 807 2522 816 ψ

1493 840 1539 863 est
1562 844 1580 863 a
1603 834 1747 872 fortuna,
1772 842 1817 865 est
1837 842 1866 866 et
1891 845 1908 864 a
1928 843 2019 866 casu:
2044 836 2105 866 hoc
2128 843 2234 866 autem
2253 846 2318 866 non
2350 847 2445 867 omne
2469 848 2486 867 a

1493 877 1620 907 fortuna
1643 885 1697 908 est.

1426 919 1566 950 Fortuna
1589 921 1719 961 quidem
1743 922 1828 952 enim
1851 929 1881 952 et
1904 924 1992 962 quod
2012 933 2030 953 a
2053 923 2179 953 fortuna
2203 931 2248 954 est
2280 924 2485 964 quibuscum-

1493 974 1556 1004 que
1580 971 1610 995 et
1633 966 1854 1005 eucontingere
1879 966 1988 1007 utique
2011 967 2102 997 inerit
2125 973 2155 997 et
2174 968 2307 997 omnino
2327 975 2414 998 actus
2430 975 2484 999 est.

1491 1007 1509 1026 '¹‘
1532 1009 1624 1039 Unde
1652 1018 1776 1039 necesse
1810 1017 1855 1040 est
1887 1010 1966 1040 circa
1992 1011 2126 1050 practica
2155 1021 2220 1041 esse
2248 1012 2417 1042 fortunam.
2441 1012 2485 1042 Si-

1492 1062 1592 1091 gnum
1609 1059 1715 1082 autem
1732 1060 1787 1091 est,
1805 1054 1892 1093 quod
1911 1054 2034 1084 videtur
2049 1054 2134 1085 idem
2151 1054 2288 1086 felicitati
2305 1062 2359 1086 aut
2374 1065 2483 1096 prope.

1492 1095 1635 1126 Felicitas
1668 1103 1775 1126 autem
1808 1097 1909 1136 praxis
1942 1099 2098 1138 quaedam
2128 1106 2192 1137 est;
2226 1099 2371 1139 eupraxia
2402 1100 2486 1129 enim

1492 1146 1547 1170 est.
1573 1140 1678 1177 Quare
1702 1140 1957 1181 quibuscumque
1975 1151 2039 1171 non
2057 1142 2209 1182 contingit
2224 1153 2328 1182 agere,
2346 1153 2449 1184 neque
2469 1154 2486 1173 a

1492 1183 1619 1214 fortuna
1647 1184 1766 1224 aliquid
1790 1184 1899 1215 facere.

1425 1226 1442 1245 ⁹⁵
1461 1227 1501 1257 Et
1524 1234 1652 1267 propter
1675 1228 1736 1258 hoc
1760 1238 1863 1268 neque
1886 1229 2096 1259 inanimatum
2122 1229 2287 1269 quippiam
2311 1240 2415 1270 neque
2438 1231 2485 1260 in—

1493 1271 1560 1301 fans
1591 1281 1694 1311 neque
1717 1272 1815 1302 bestia
1839 1272 2016 1313 quidquam
2040 1272 2112 1303 facit
2128 1284 2146 1303 a
2166 1273 2306 1304 fortuna:
2332 1274 2486 1314 quoniam

1491 1325 1558 1345 non
1581 1315 1698 1346 habent
1716 1316 1928 1355 propositum.
1951 1317 2062 1356 Neque
2085 1317 2304 1347 eufortunium
2319 1328 2422 1358 neque
2437 1318 2486 1347 in-

1492 1358 1670 1389 fortunium
1693 1359 1774 1390 inest
1789 1360 1836 1390 his
1852 1360 1911 1390 nisi
1928 1361 2103 1390 secundum
2128 1361 2381 1391 similitudinem:
2407 1361 2487 1392 sicut

1493 1402 1568 1433 dixit
1596 1403 1783 1433 Protarchus
1818 1404 2036 1434 eufortunatos
2066 1414 2131 1434 esse
2159 1405 2277 1444 lapides
2307 1415 2342 1435 ex
2370 1406 2485 1445 quibus

1491 1453 1564 1476 sunt
1587 1456 1674 1485 arae,
1700 1457 1774 1477 cum
1796 1448 2009 1486 honorentur,
2035 1448 2174 1488 copulati
2203 1455 2309 1478 autem
2338 1449 2386 1478 his
2410 1459 2485 1479 con-

1492 1490 1660 1521 culcentur.
1685 1491 1753 1521 Pati
1777 1498 1883 1522 autem
1902 1502 1919 1522 a
1939 1492 2065 1522 fortuna
2088 1492 2167 1522 inest
2190 1491 2431 1532 quodammodo
2457 1500 2486 1523 et

1490 1534 1549 1572 his,
1575 1544 1648 1564 cum
1673 1545 1767 1574 agens
1791 1535 1910 1576 aliquid
1928 1535 2007 1566 circa
2022 1535 2098 1566 haec
2117 1543 2187 1575 agat
2206 1547 2223 1566 a
2240 1535 2380 1567 fortuna:
2398 1537 2486 1567 aliter

1491 1584 1598 1608 autem
1622 1588 1697 1608 non.

1423 1621 1440 1639 *
1456 1621 1517 1651 Sed
1533 1631 1621 1651 casus
1641 1629 1671 1652 et
1686 1622 1718 1651 in
1734 1622 1800 1652 aliis
1817 1623 2002 1652 animalibus
2019 1629 2064 1652 est
2080 1630 2110 1653 et
2125 1623 2317 1654 inanimatis:
2333 1630 2369 1654 ut
2384 1634 2484 1664 equus

1491 1675 1576 1703 casu,
1600 1665 1742 1705 inquam,
1759 1666 1854 1703 venit,
1874 1667 2028 1706 quoniam
2051 1666 2187 1697 salvatus
2211 1675 2256 1698 est
2279 1667 2407 1707 quidem
2432 1677 2484 1698 ve-

1491 1709 1597 1746 niens,
1623 1719 1689 1739 non
1716 1710 1823 1739 salutis
1847 1717 1953 1740 autem
1977 1720 2070 1740 causa
2097 1711 2201 1748 venit;
2232 1718 2261 1741 et
2287 1711 2382 1751 tripes
2411 1722 2483 1743 casu

1491 1753 1619 1790 cecidit;
1639 1760 1698 1783 stat
1714 1753 1844 1793 quidem
1861 1753 1946 1783 enim
1966 1764 2059 1784 causa
2078 1754 2216 1792 sedendi,
2237 1755 2291 1785 sed
2310 1765 2375 1785 non
2392 1765 2485 1785 causa

1492 1797 1620 1827 sedendi
1644 1797 1763 1827 cecidit.

1424 1885 1440 1904 *
1457 1885 1562 1922 Quare
1586 1885 1789 1915 manifestum
1806 1892 1851 1915 est
1875 1886 1962 1926 quod
1986 1885 2018 1915 in
2035 1886 2082 1915 his
2106 1896 2187 1926 quae
2214 1886 2395 1926 simpliciter
2411 1897 2484 1926 pro-

1490 1936 1558 1969 pter
1578 1929 1697 1970 aliquid
1717 1928 1807 1967 fiunt,
1825 1939 1899 1959 curn
1913 1939 1980 1959 non
1996 1930 2161 1960 accidentis
2179 1940 2271 1960 causa
2287 1930 2377 1968 fiunt,
2396 1931 2484 1961 cuius

1491 1979 1574 2003 extra
1598 1980 1643 2003 est
1667 1983 1770 2011 causa,
1794 1979 1869 2003 tunc
1889 1983 1906 2003 a
1925 1983 1997 2003 casu
2022 1974 2172 2004 dicimus:
2190 1984 2207 2004 a
2224 1974 2350 2004 fortuna
2366 1982 2482 2013 autem,

1490 2027 1602 2047 eorum
1626 2027 1845 2057 quaecumque
1869 2027 1887 2047 a
1911 2027 1983 2047 casu
2007 2017 2088 2048 fiunt
2110 2018 2348 2058 propositorum
2375 2018 2408 2048 in
2430 2019 2484 2049 ha-

1489 2060 1635 2091 bentibus
1654 2061 1866 2101 propositum.

1421 2105 1437 2123 *
1454 2105 1587 2144 Signum
1610 2111 1717 2135 autem
1739 2111 1785 2135 est
1800 2105 1886 2145 quod
1903 2115 2021 2135 vanum
2038 2112 2097 2135 est:
2114 2105 2267 2145 quoniam
2283 2105 2395 2136 dicitur
2411 2116 2484 2137 cum

1488 2158 1555 2178 non
1578 2147 1632 2179 fiat
1661 2149 1749 2189 quod
1772 2150 1900 2188 propter
1933 2149 2018 2187 aliud
2041 2156 2087 2179 est
2115 2149 2198 2179 illius
2223 2157 2331 2187 causa;
2356 2157 2391 2180 ut
2419 2160 2483 2180 am-

1489 2192 1607 2230 bulare,
1632 2192 1657 2222 si
1682 2192 1887 2232 depositionis
1911 2202 2004 2223 causa
2027 2200 2090 2231 est;
2115 2193 2140 2223 si
2163 2203 2237 2223 vero
2261 2203 2327 2223 non
2346 2193 2400 2224 fiat
2419 2204 2483 2224 am—

1489 2236 1621 2274 bulanti,
1646 2235 1758 2266 frustra
1782 2236 1915 2266 dicimus
1939 2237 2127 2275 ambulasse,
2152 2244 2182 2267 et
2200 2237 2373 2268 ambulatio
2392 2248 2481 2269 vana.

1489 2280 1659 2320 Tanquam
1681 2279 1743 2309 hoc
1767 2279 1806 2310 sit
1829 2279 1941 2310 frustra
1965 2281 2053 2320 quod
2077 2288 2188 2320 aptum
2211 2288 2322 2311 natum
2346 2289 2391 2312 est
2410 2282 2482 2312 alte-

1489 2323 1553 2353 rius
1577 2333 1689 2361 causa,
1715 2333 1789 2353 cum
1812 2333 1877 2353 non
1901 2323 2040 2364 perficiat
2067 2325 2146 2354 illud
2177 2325 2266 2355 cuius
2295 2335 2388 2355 causa
2419 2333 2483 2356 erat

1490 2373 1664 2407 aptumque
1688 2373 1760 2397 erat.
1782 2367 1946 2404 Quoniam
1970 2368 1995 2397 si
2019 2368 2130 2409 aliquis
2150 2378 2182 2398 se
2197 2369 2378 2399 balneatum
2402 2369 2484 2400 dicat

1488 2410 1601 2441 frustra
1624 2411 1698 2451 quia
1721 2420 1786 2440 non
1810 2410 1923 2441 defecit
1945 2412 2011 2449 sol,
2041 2412 2155 2442 derisio
2179 2412 2288 2452 utique
2318 2413 2391 2443 erit:
2416 2423 2481 2443 non

1489 2455 1574 2484 enim
1597 2461 1660 2484 erat
1676 2455 1737 2484 hoc
1753 2461 1881 2494 propter
1903 2454 1991 2485 illud.
2004 2455 2021 2474 *
2037 2455 2087 2486 Sic
2109 2456 2204 2495 igitur
2226 2457 2315 2496 quod
2338 2463 2480 2487 automa-

1488 2505 1559 2529 tum
1582 2499 1758 2528 secundum
1781 2508 1900 2528 nomen
1919 2505 1974 2537 est,
1995 2509 2069 2529 cum
2088 2499 2195 2539 ipsum
2213 2500 2326 2530 frustra
2341 2500 2403 2531 fiat.
2426 2500 2482 2531 Ce-

1490 2542 1565 2573 cidit
1588 2542 1672 2572 enim
1701 2552 1766 2572 non
1794 2542 1987 2582 percutiendi
2015 2553 2108 2573 causa
2135 2543 2233 2583 lapis:
2258 2544 2296 2573 ab
2321 2554 2359 2574 eo
2387 2544 2482 2583 igitur

1489 2587 1578 2626 quod
1601 2593 1800 2616 automatum
1830 2586 1940 2616 cecidit
1966 2586 2066 2626 lapis;
2096 2587 2171 2627 quia
2194 2587 2304 2617 cecidit
2329 2587 2439 2628 utique
2463 2598 2481 2617 a

1491 2630 1643 2670 quodam,
1668 2637 1698 2660 et
1716 2630 1909 2669 percutiendi
1935 2640 2036 2661 causa.

1422 2673 1439 2692 *
1455 2674 1591 2704 Maxime
1611 2680 1716 2704 autem
1733 2681 1911 2713 separatum
1932 2681 1976 2704 est
2000 2685 2017 2704 a
2033 2673 2159 2704 fortuna
2183 2674 2214 2704 in
2234 2674 2282 2704 his
2298 2685 2379 2714 quae
2395 2685 2412 2705 a
2428 2685 2480 2705 na-

1489 2725 1559 2748 tura
1582 2717 1671 2748 fiunt.
1697 2717 1783 2748 Cum
1807 2718 1891 2748 enim
1914 2717 1949 2748 fit
1972 2718 2091 2758 aliquid
2114 2724 2198 2748 extra
2220 2725 2381 2756 naturam,
2405 2726 2481 2750 tunc

1489 2772 1556 2792 non
1579 2772 1597 2792 a
1621 2762 1761 2796 fortuna,
1786 2762 1839 2791 sed
1868 2762 1967 2801 magis
1992 2762 2029 2791 ab
2054 2771 2092 2791 eo
2116 2762 2204 2802 quod
2227 2772 2282 2802 per
2306 2773 2338 2792 se
2368 2763 2481 2793 frustra

1490 2812 1555 2843 est,
1580 2805 1699 2836 factum
1727 2815 1792 2835 esse
1817 2805 1959 2836 dicimus,
1984 2806 2040 2836 Est
2062 2812 2168 2836 autem
2192 2812 2221 2836 et
2244 2806 2306 2836 hoc
2329 2806 2480 2837 alterum:

1490 2849 1584 2880 huius
1607 2849 1737 2890 quidem
1757 2849 1842 2879 enim
1865 2856 1949 2880 extra
1977 2856 2022 2880 est
2050 2859 2162 2888 causa,
2186 2849 2269 2880 illius
2293 2860 2366 2880 vero
2391 2850 2479 2881 intra.

1488 2893 1505 2912 *
1522 2893 1607 2930 Quid
1626 2893 1720 2933 igitur
1736 2893 1775 2923 sit
1790 2903 1845 2933 per
1864 2903 1896 2924 se
1915 2893 2037 2931 frustra,
2055 2899 2085 2923 et
2107 2893 2184 2934 quid
2208 2893 2344 2932 fortuna,
2362 2893 2481 2924 dictum

1490 2944 1545 2975 est,
1570 2944 1600 2967 et
1623 2947 1688 2977 quo
1713 2947 1731 2966 a
1755 2947 1786 2967 se
1810 2937 1944 2968 invicem
1969 2937 2118 2967 differant.

1423 2981 1484 3012 Sed
1507 2981 1680 3011 modorum
1704 2991 1870 3011 causarum
1897 2981 1929 3011 in
1958 2981 2073 3022 quibus
2105 2987 2150 3011 est
2178 2981 2262 3011 unde
2290 2981 2481 3021 principium

1488 3031 1595 3055 motus
1629 3032 1800 3065 utrumque
1823 3025 1966 3065 ipsorum
1990 3031 2044 3055 est.
2069 3027 2135 3055 Aut
2157 3025 2242 3055 enim
2266 3035 2377 3055 eorum
2401 3035 2481 3064 quae

1489 3076 1562 3099 sunt
1585 3079 1603 3099 a
1625 3076 1736 3099 natura
1770 3078 1863 3099 causa
1886 3069 1991 3110 aliqua
2015 3075 2079 3106 est;
2104 3075 2157 3099 aut
2181 3078 2292 3098 eorum
2311 3078 2391 3108 quae
2408 3075 2481 3098 sunt

1488 3114 1546 3143 sub
1569 3113 1727 3143 intellectu
1759 3123 1851 3143 causa
1875 3123 1998 3153 semper
2023 3119 2076 3142 est.
2102 3112 2163 3142 Sed
2178 3122 2289 3142 eorum
2308 3111 2479 3141 multitudo

1488 3157 1725 3187 indeterminata
1749 3163 1803 3187 est.

1421 3200 1438 3219 ’¹‘
1454 3201 1616 3238 Quoniam
1633 3207 1739 3231 autem
1756 3211 1844 3231 casus
1861 3207 1891 3230 et
1907 3200 2032 3229 fortuna
2050 3205 2122 3229 sunt
2139 3208 2248 3228 causae
2270 3207 2381 3228 eorum
2400 3207 2478 3238 quo-

1488 3255 1560 3274 rum
1583 3244 1692 3284 utique
1716 3251 1770 3274 aut
1797 3244 1971 3274 intellectus
1999 3242 2033 3273 fit
2057 3252 2149 3272 causa
2176 3248 2230 3271 aut
2253 3248 2379 3279 natura,
2405 3251 2478 3272 cum

1489 3289 1664 3318 secundum
1687 3288 1828 3318 accidens
1853 3286 2073 3327 causaoaliqua
2095 3285 2148 3315 fiat
2170 3285 2287 3314 horum
2314 3285 2478 3325 ipsorum;

1488 3331 1565 3361 nihil
1589 3339 1695 3362 autem
1719 3331 1892 3361 secundum
1916 3329 2056 3359 accidens
2073 3329 2159 3369 prius
2179 3335 2224 3359 est
2239 3329 2287 3358 his
2303 3339 2384 3369 quae
2398 3328 2479 3360 fiunt

1487 3385 1543 3415 per
1567 3383 1619 3413 se;
1644 3374 1845 3404 manifestum
1865 3380 1910 3403 est
1933 3373 2021 3413 quod
2038 3382 2140 3413 neque
2155 3382 2210 3412 per
2225 3372 2366 3403 accidens
2386 3383 2479 3403 causa

1486 3419 1572 3458 prius
1590 3425 1635 3448 est
1651 3429 1686 3448 ea
1702 3428 1782 3458 quae
1802 3424 1848 3447 est
1863 3426 1918 3456 per
1934 3426 1975 3446 se.
1991 3416 2009 3435 *
2024 3416 2182 3446 Posterior
2199 3416 2305 3457 itaque
2322 3423 2367 3447 est
2386 3427 2475 3447 casus

1487 3469 1517 3493 et
1540 3462 1676 3499 fortuna,
1697 3468 1727 3491 et
1750 3460 1906 3491 intellectu
1931 3467 1961 3490 et
1982 3467 2099 3490 natura.
2121 3460 2236 3500 Quare,
2253 3460 2278 3490 si
2295 3470 2392 3500 quam
2410 3471 2477 3490 ma-

1486 3503 1568 3536 xime
1593 3505 1667 3536 caeli
1692 3514 1784 3535 causa
1804 3511 1849 3534 est
1873 3513 1972 3543 casus,
1996 3513 2120 3534 necesse
2137 3504 2223 3544 prius
2241 3514 2367 3535 causam
2387 3504 2476 3535 intel-

2401 3548 2410 3558 2

2547 805 2603 832 Cap.
2626 812 2655 827 vr.
2672 806 2726 833 Seq.

2513 836 2567 853 text.
2583 838 2615 859 57.

2513 1016 2523 1025 *
2537 1015 2603 1037 Text.
2618 1017 2651 1043 58.

2512 1237 2523 1247 ¹
2538 1236 2604 1258 Text.
2620 1243 2655 1264 59.

2511 1630 2521 1640 ⁸*
2536 1629 2600 1650 Text.
2618 1629 2655 1651 60.

2511 1897 2521 1907 ⁸
2536 1897 2602 1918 Text.
2618 1897 2649 1919 61.

2509 2117 2521 2126 '⁸
2536 2116 2601 2138 Text,
2618 2116 2653 2138 62.

2509 2468 2519 2477 ⁴*
2534 2467 2600 2489 Text.
2616 2468 2650 2495 63.

2508 2693 2519 2703 ⁸
2533 2692 2599 2714 Text.
2615 2693 2653 2719 64.

2508 2901 2518 2911 '⁸
2533 2901 2598 2923 Text.
2615 2901 2648 2929 65.

2506 3206 2516 3216 ⁶
2530 3206 2596 3228 Text.
2612 3207 2649 3228 66.

2504 3422 2514 3431 ⁸
2529 3420 2594 3443 Text.
2610 3421 2645 3448 67.
