2898 3996
28 3435 30 3439 '
83 3441 159 3464 :¹³3-

76 3508 81 3513 .
105 3504 107 3509 -
126 3492 179 3515 add.
192 3499 238 3515 nn:

82 3545 96 3552 ⁷
110 3556 113 3560 ·
136 3551 159 3573 v,
175 3551 237 3579 nao-

81 3592 84 3594 ,
108 3575 135 3599 11,
144 3577 195 3594 na.

94 3596 154 3624 ‚lect
161 3604 182 3626 2,
189 3588 239 3621 na:

1101 289 1211 325 CAP.
1241 288 1292 336 X,
1322 288 1472 324 LECT.
1503 288 1589 324 XIII

2363 282 2436 328 319

865 477 1164 533 LECTIO
1202 475 1834 531 DECIMATERTIA

639 614 786 644 NULLA
807 611 1009 650 MUTATIO
1032 610 1112 641 EST
1135 609 1325 640 INFINITA
1348 609 1583 640 SECUNDUM
1605 609 1823 643 PROPRIAM
1847 608 2027 639 SPECIEM
2043 625 2061 630 -

773 667 994 707 QUOMODO
1017 666 1166 698 MOTUS
1189 666 1335 697 POSSIT
1359 666 1458 696 ESSE
1483 666 1694 696 INFINITUS
1718 665 1923 696 TEMPORE

263 783 450 824 Μεταβολῆ
474 777 505 813 δ’
527 782 585 814 οὐκ.
611 781 700 814 ἔστιν
728 775 869 823 οὐδεμία
895 778 1041 822 ἄπειρος·
1063 777 1184 810 ἅπασα
1201 778 1265 831 γαρ
1283 776 1323 815 ἦν
1377 779 1394 798 *
1410 779 1543 809 Mutatio
1567 785 1673 809 autem
1696 789 1762 809 non
1787 785 1832 809 est
1854 788 1957 819 neque
1981 788 2045 808 una
2059 777 2197 808 infinita:
2223 778 2326 808 omnis
2351 778 2435 808 enim

332 827 368 860 ’ἑκ
393 838 482 863 τινος
507 827 551 863 είς
576 837 623 866 τι,
648 825 706 856 καὶ
731 825 752 860 ἡ
778 821 821 854 ἐν’
838 823 1014 864 ἀντίφασει
1038 824 1096 854 καὶ
1121 823 1141 858 ἡ
1169 823 1201 854 ἓν
1231 835 1326 855 εναν-

331 873 427 907 τίοις.
447 869 549 901 Ὥστε
575 870 639 902 τῶν
665 867 724 912 μὲν
748 867 828 899 κατ’
851 865 1027 910 ἀντίφασιν
1054 867 1074 902 ἡ
1100 865 1197 909 φθίσις
1221 868 1279 898 καὶ
1301 868 1321 903 ἡ

331 913 499 957 ἀπόφασις
518 913 656 956 πέρας,
684 911 752 942 οἷον
776 910 936 956 γενέσεως
961 910 1019 954 μὲν
1045 909 1087 942 τὸ
1113 910 1167 952 ὄν,
1201 910 1321 954 φθορᾶς

328 954 367 990 δὲ
391 957 432 989 τὸ
457 955 503 1000 μή
531 956 578 989 ὄν·
605 957 671 989 τῶν
695 950 724 986 δ’
754 953 786 986 ἐν
811 958 882 992 τοῖς
908 952 1073 992 ἐναντίοις
1097 954 1145 986 τοὶ
1169 955 1321 987 ἐναντία·

329 1002 446 1034 ταῦτα
469 1001 534 1046 γὰρ
561 1000 647 1044 ἄκρα
672 999 734 1037 τῆς
759 998 968 1042 μεταβολῆς,
987 997 1074 1030 ὥστε
1098 1000 1156 1030 καὶ
1184 998 1325 1031 ἀλλοιώ-

328 1057 409 1083 σεως
438 1046 561 1083 ποίσης·
597 1043 631 1085 ἐξ
664 1044 826 1076 ἐναντίων
855 1042 920 1088 γαρ
952 1053 1050 1074 τινων
1083 1043 1103 1076 ἢ
1132 1042 1319 1080 ἀλλοίωσις.

325 1091 464 1132 Ὁμοίως
489 1085 526 1121 δὲ
549 1091 607 1120 καὶ
633 1087 803 1129 αὐξήσεως
827 1088 885 1118 καὶ
902 1085 1051 1131 φθίσεως·
1072 1085 1244 1127 αὐξήσεως
1263 1086 1321 1130 μὲν

328 1133 392 1180 γοὶρ
418 1133 458 1166 τὸ
484 1133 588 1177 πέρας
614 1133 675 1166 τοῦ
707 1131 803 1164 κατα
827 1130 889 1167 τήν
918 1131 1041 1162 οἰκείαν
1072 1129 1165 1174 φύσιν
1192 1132 1321 1162 τελείου

329 1176 502 1224 μεγέθους,
529 1176 665 1222 φθίσεως
690 1171 728 1208 δὲ
753 1176 773 1212 ’ἢ
799 1174 925 1208 τούτου
951 1174 1122 1212 ἔκστασις.

222 1342 226 1346 .
259 1303 306 1335 Ἡ·
324 1297 362 1335 δὲ
386 1302 474 1347 φοραὶ
497 1301 586 1335 οὕτω
609 1302 669 1347 μέν
695 1302 755 1334 οὐκ
787 1300 886 1333 ἔσται
918 1298 1167 1353 πεπερασμένη·
1196 1297 1233 1331 οὗ
1258 1299 1322 1345 γὰρ

330 1358 427 1379 πασα
452 1347 485 1378 ἐν
512 1347 688 1384 ἐναντίοις·
717 1343 789 1378 ἀλλ’
819 1338 938 1380 ἐπειδη
968 1343 1010 1376 τὸ
1037 1341 1206 1376 ἀδύνατον
1238 1355 1323 1388 τμη-

328 1389 428 1427 θῆναι
454 1389 564 1432 οὕτω,
594 1391 642 1431 τῷ
668 1390 715 1433 μή
741 1385 934 1434 ἐνδέχεσθαι
960 1387 1130 1432 τμηθῆναι
1154 1389 1324 1429 (πλεονα-

328 1436 394 1480 χῶς
418 1435 482 1481 γαρ
511 1435 652 1481 λέγεται
677 1434 719 1467 τό
745 1429 960 1510 ἀδύνατονέ,
987 1430 1046 1464 οὐκ
1079 1427 1255 1475 ἐνδέχεται
1280 1432 1321 1465 vd

330 1478 437 1517 οὕτως
463 1474 635 1511 ἀδύνατον
660 1477 853 1523 τέμνεσθαι,
881 1476 920 1510 ου’
945 1478 952 1488 “
975 1475 1058 1514 ὅλως
1083 1474 1321 1511 τό·ἀδύνατον

328 1523 484 1569 γενέσθαι
515 1521 679 1568 γίνεσθαι·
706 1518 783 1554 οὐδὲ
808 1522 849 1555 τὸ
881 1520 1110 1565 μεταβάλλειν
1149 1518 1320 1555 ἀδύνατον

329 1563 494 1613 ἐνδέχοιτ’
520 1566 558 1599 ἄν
583 1565 813 1610 μεταβάλλειν
839 1566 882 1603 εἰς
910 1567 925 1598 ὃ
952 1562 1121 1599 ἀδύνατον
1147 1565 1322 1612 μεταβαλ-

326 1614 407 1645 λειν.
441 1612 479 1642 Εἰ
504 1610 559 1643 οὖν
586 1611 628 1642 τὰ
659 1610 836 1653 φερόμενον
866 1609 1080 1655 μεταβάλλοι
1105 1610 1149 1649 εἴς
1176 1622 1231 1650 τι,
1263 1611 1321 1642 καὶ

327 1652 474 1689 δυνατὸν
501 1654 600 1687 ἔσται
650 1654 866 1695 εταβοίλλειν.
887 1654 981 1687 ‘'Qu-‘r'
1004 1652 1063 1685 οὐκ.
1083 1652 1216 1698 ἄπειρος
1236 1655 1256 1690 ἢ
1273 1657 1323 1686 κί-

328 1712 438 1741 νησις,
465 1695 536 1731 οὐδ’
566 1667 763 1735 οὶσθιῆσεται
788 1699 852 1736 τήν
880 1699 1029 1743 ἄπειρον·
1058 1693 1228 1732 ἀδύνατον
1255 1699 1320 1744 γάρ

328 1740 469 1776 διελθεῖν
495 1742 620 1780 αὐτην.
639 1743 717 1776 ’Ότι
741 1743 799 1787 μὲν
827 1741 882 1774 οὖν
909 1742 1015 1780 οὕτως
1037 1742 1096 1773 οὐκ
1115 1744 1205 1776 ἔστιν
1225 1742 1320 1774 ἄπει-

327 1801 380 1833 ρος
405 1787 597 1832 μεταβολή,
624 1787 711 1820 ὥστε
736 1787 782 1831 μή
808 1786 943 1829 ὡρίσθαι
969 1786 1103 1830 πέρασι,
1130 1786 1282 1832 φανερόν.

255 1831 348 1870 ’ῚΑλλ’
369 1834 396 1864 εἱ
424 1831 530 1869 οὕτως
557 1827 733 1876 ἐνδέχεται
758 1830 845 1863 ὥστε
870 1832 917 1872 τῷ
943 1830 1048 1876 χρόνῳ
1074 1829 1159 1864 εἶναι
1186 1831 1320 1875 ἄπειρον

328 1877 392 1913 τήν
419 1874 530 1912 αὐτήν
556 1874 659 1908 οὖσαν
683 1876 741 1907 καὶ
765 1877 858 1919 μίαν,
881 1874 1062 1907 σκεπτέον·
1087 1876 1134 1920 μή
1159 1875 1236 1920 μιᾶς
1261 1874 1319 1918 μὲν

328 1921 392 1967 γάρ
417 1919 590 1967 γινομένης
616 1917 709 1952 οὐθὲν
734 1921 810 1956 ἴσως
835 1919 970 1960 κωλυέι7
998 1919 1064 1950 οἷον
1090 1921 1118 1951 εἰ
1142 1919 1232 1964 μετα
1255 1919 1319 1955 τήν

327 1965 430 2010 φοράν
457 1965 631 2002 ἀλλοίωσις
649 1965 697 2001 εἴη
715 1965 774 1995 καὶ
791 1963 882 2007 μετοὶ
897 1963 962 2000 την
982 1963 1158 2001 ἀλλοίωσιν
1183 1962 1320 2004 αὔξησις

267 2018 270 2019 ’
325 2011 384 2041 καὶ
409 2008 511 2040 ποίλιν
535 2008 675 2054 γένεσις·
698 2007 787 2040 οὕτω
807 2007 872 2053 γαρ
889 2008 940 2039 ἀεὶ
957 2008 1016 2051 μὲν
1034 2007 1133 2041 ἔσται
1151 2009 1198 2049 τῷ
1215 2006 1320 2053 χρόνῳ

326 2055 465 2093 κίνησις,
486 2050 558 2085 ἀλλ’
577 2051 614 2085 οὗ
631 2055 705 2096 μία,
720 2047 779 2083 διὰ
795 2052 836 2083 τὸ
853 2052 899 2096 μή
914 2049 998 2084 εἶναι
1014 2054 1093 2095 μίαν
1112 2053 1146 2094 ἐξ
1166 2052 1319 2085 ἀπασῶν.

320 2096 422 2129 ’Ὦστε
446 2093 484 2129 δὲ
507 2095 658 2143 γίνεσθαι
682 2098 775 2139 μίαν,
794 2096 854 2127 οὐκ
872 2091 1050 2141 ἐνδέχεται
1077 2097 1210 2141 ἄπειρον
1235 2093 1325 2127 εἶναι

329 2142 376 2182 τῷ
401 2141 505 2186 χρόνῳ
530 2141 618 2177 πλὴν
643 2141 733 2183 μιᾶς·
762 2138 850 2177 αὕτη
876 2134 904 2171 δ’
933 2141 1025 2172 ἐστὶν
1051 2141 1072 2177 ’ἡ
1096 2141 1204 2182 κύκλῳ
1220 2139 1316 2184 φορά.

314 2238 462 2266 SYNOPSIS.
478 2252 516 2260 —
539 2246 562 2265 1.
584 2237 794 2274 Argumentum
821 2242 849 2264 et
870 2236 972 2265 divisio
993 2243 1093 2265 textus.
1115 2252 1135 2258 -·
1155 2244 1182 2264 2.
1204 2236 1318 2264 Nullam

261 2277 451 2306 mutationem
469 2286 530 2305 esse
540 2276 680 2304 infinitam
701 2276 860 2304 secundum
875 2276 1022 2313 propriam
1043 2276 1176 2313 speciem,
1192 2275 1319 2304 ostendi-

260 2324 308 2345 tur
328 2317 422 2353 primo
445 2316 475 2344 in
499 2316 561 2344 aliis
582 2315 789 2344 mutationibus
814 2322 926 2352 praeter
946 2322 1058 2344 motum
1079 2316 1209 2344 localem.
1232 2315 1320 2350 Quod

261 2356 383 2384 mutatio
397 2357 500 2384 habeat
520 2355 628 2392 aliquid
642 2355 775 2383 ultimum
790 2355 820 2382 in
837 2356 916 2391 quod
936 2356 1114 2390 terminatur,
1135 2361 1213 2391 patet
1229 2355 1259 2383 in
1272 2364 1321 2392 ge-

261 2395 410 2424 neratione
424 2402 452 2423 et
466 2395 664 2431 corruptione,
686 2404 760 2431 quae
774 2394 964 2423 terminantur
984 2396 1021 2423 ad
1036 2404 1097 2423 esse
1112 2395 1156 2423 vel
1170 2404 1231 2423 non
1245 2403 1320 2430 esse;

262 2435 292 2463 in
312 2434 488 2470 alteratione,
511 2435 590 2463 cuius
611 2434 750 2462 terminus
773 2440 816 2462 est
838 2444 929 2462 unum
951 2443 984 2462 ex
1007 2434 1170 2470 contrariis3
1200 2434 1229 2462 in
1251 2443 1320 2470 aug-

260 2481 376 2510 mento,
402 2475 482 2511 quod
505 2475 542 2502 ad
567 2474 721 2510 perfectam
749 2473 976 2510 magnitudinem
1004 2475 1162 2502 secundum
1184 2474 1321 2510 cuiusque

261 2520 380 2542 naturae
395 2513 590 2542 conditionem
604 2513 786 2548 terminatum
801 2519 829 2541 et
844 2513 873 2541 in
884 2514 1077 2548 decremento,
1089 2513 1169 2542 cuius
1183 2513 1322 2541 terminus

263 2559 305 2582 est
325 2553 355 2581 id
376 2554 455 2590 quod
479 2563 497 2582 a
519 2553 643 2590 perfecta
663 2552 859 2590 magnitudine
883 2553 912 2580 in
940 2553 988 2581 tali
1009 2559 1111 2581 natura
1136 2559 1178 2581 est
1199 2552 1322 2581 maxime

261 2599 416 2622 remotum.
439 2593 527 2628 Quod
540 2592 637 2621 autern
654 2593 740 2621 habet
757 2592 891 2620 ultimum
912 2592 942 2620 in
957 2593 1037 2629 quod
1057 2592 1239 2628 terminatur,
1261 2602 1323 2620 non

263 2638 307 2660 est
326 2632 470 2660 infinitum
491 2633 649 2660 secundum
670 2632 809 2668 speciem:
832 2641 900 2669 ergo
922 2632 1006 2664 nulla,
1020 2632 1230 2668 praedictarum
1258 2642 1322 2660 mu-

263 2671 407 2700 tationum
427 2678 469 2700 est
490 2671 530 2699 sic
547 2671 696 2700 infinita.-
714 2672 739 2699 3.
755 2672 865 2699 Eodem
887 2673 977 2699 modo
999 2672 1160 2700 ostenditur
1180 2681 1240 2700 non
1261 2681 1322 2700 esse

263 2711 423 2739 secundum
444 2710 568 2748 speciem
590 2710 716 2738 infinitos
735 2717 832 2739 motus
853 2711 996 2739 naturales
1016 2711 1145 2748 gravium
1166 2718 1193 2739 et
1206 2711 1322 2740 levium.

408 2825 419 2837 ,
465 2819 476 2829 ψ
504 2808 513 2820 “
530 2809 705 2850 ostquam
739 2802 993 2851 Philosophus
1028 2803 1189 2840 ostendit
1217 2803 1322 2851 quod

518 2854 753 2904 impartibile
773 2867 851 2892 non
876 2863 1065 2902 movetur,
1086 2855 1147 2892 hic
1165 2856 1323 2892 intendit

402 2945 423 2961 .νὶ
473 2906 483 2923 ’“
500 2931 511 2955 ἦ
530 2908 729 2944 ostendere
754 2908 858 2956 quod
878 2909 979 2944 nulla
1000 2908 1156 2944 mutatio
1187 2916 1242 2945 est
1269 2908 1322 2945 in-

330 2984 350 2993 2
390 2955 403 2966 m
460 2955 511 2999 .·””·”
529 2960 654 3006 finita3
689 2960 793 3009 quod
827 2968 882 2997 est
915 2969 1044 2997 contra
1073 2961 1321 3008 Heraclitum,

266 3012 331 3061 qui
358 3013 484 3060 posuit
512 3013 641 3050 omnia
669 3013 816 3049 moveri
845 3026 1007 3062 semper.
1047 3014 1095 3050 Et
1123 3014 1220 3050 circa
1248 3015 1323 3051 hoc

267 3064 344 3101 duo
372 3065 477 3102 facit:
505 3066 629 3114 primo
651 3065 812 3102 ostendit
831 3066 932 3114 quod
962 3067 1063 3103 nulla
1082 3067 1239 3103 mutatio
1269 3075 1324 3104 est

266 3116 411 3154 infinita
448 3119 658 3155 secundum
695 3118 888 3167 propriam
926 3119 1114 3167 speciem3
1153 3120 1321 3156 secundo

267 3169 430 3206 ostendit
457 3171 654 3218 quomodo
683 3171 801 3219 possit
835 3183 916 3208 esse
950 3171 1094 3209 infinita
1127 3180 1321 3220 tempore,

266 3221 334 3258 ibi:
359 3222 432 3258 Sed
452 3223 486 3258 si
501 3223 554 3259 sic
572 3224 752 3273 contingit
771 3225 791 3245 *
812 3231 879 3261 etc.
907 3224 1016 3261 Circa
1047 3224 1216 3272 primum
1246 3225 1322 3262 duo

266 3274 373 3310 facit:
409 3275 540 3322 primo·
563 3276 724 3312 ostendit
752 3277 858 3324 quod
890 3277 1047 3313 mutatio
1075 3289 1154 3313 non
1186 3284 1241 3313 est
1269 3277 1322 3313 in-

265 3327 371 3363 finita
412 3327 622 3364 secundum
659 3328 824 3375 speciem
862 3328 900 3364 in
937 3329 1016 3365 aliis
1053 3328 1322 3366 mutationibus

264 3387 414 3427 praeter
441 3387 590 3416 motum
617 3380 798 3426 localem;
831 3381 998 3417 secundo
1028 3380 1190 3417 ostendit
1220 3380 1322 3417 idem

265 3431 304 3468 in
331 3439 439 3468 motu
466 3432 586 3478 locali,
616 3432 683 3468 ibi:
712 3433 808 3468 Loci
832 3438 956 3468 autem
984 3433 1137 3469 mutatio
1159 3433 1178 3454 ²¹*
1199 3440 1266 3469 etc.

320 3496 356 3521 2:
385 3484 512 3520 Prima
530 3485 550 3505 '¹'
569 3484 661 3521 ratio
690 3484 771 3521 talis
801 3492 865 3521 est.
890 3485 1012 3533 Supra
1033 3486 1076 3506 *²¹²
1096 3485 1237 3521 dictum
1267 3492 1322 3521 est

266 3537 370 3586 quod
399 3536 524 3573 omnis
552 3536 708 3573 mutatio
740 3545 795 3573 est
815 3549 859 3574 ex
879 3537 1046 3585 quodam
1068 3537 1106 3573 in
1125 3537 1318 3586 quiddam.

266 3590 315 3626 Et
332 3590 371 3627 in
390 3589 619 3638 quibusdam
639 3589 792 3638 quidem
821 3589 1103 3637 mutationibus,
1133 3602 1229 3638 quae
1251 3589 1320 3627 sci-

1445 829 1510 853 erat
1533 833 1569 853 ex
1591 822 1733 863 quodam
1755 822 1788 852 in
1812 822 1974 862 quiddam,
1999 829 2029 852 et
2052 832 2133 862 quae
2157 828 2202 852 est
2224 822 2257 851 in
2280 822 2434 852 contradi-

1444 867 1547 896 ctione
1571 872 1600 896 et
1623 866 1655 896 in
1679 866 1850 896 contrariis.
1874 866 1979 903 Quare
2003 875 2111 896 earum
2135 875 2216 905 quae
2235 872 2309 896 sunt
2325 876 2433 896 secun-

1445 910 1523 939 dum
1554 910 1833 947 contradictionem
1866 909 2029 939 affirmatio
2064 916 2094 939 et
2125 909 2249 949 negatio
2283 910 2435 940 terminus

1445 960 1509 992 est,
1533 960 1570 984 ut
1591 953 1799 993 generationis
1829 953 1959 993 quidem
1987 963 2070 991 esse,
2095 953 2305 993 corruptionis
2329 960 2436 984 autern

1444 1007 1510 1026 non
1534 1007 1609 1027 esse.
1634 998 1753 1027 Earum
1775 1004 1882 1027 autem
1905 1007 1986 1037 quae
2010 1003 2083 1027 sunt
2105 996 2138 1026 in
2162 996 2337 1036 contrariis,
2358 1007 2434 1027 con-

1444 1041 1552 1070 traria:
1584 1040 1660 1071 haec
1692 1041 1778 1070 enim
1806 1041 1918 1070 ultima
1948 1047 2021 1071 sunt
2050 1040 2252 1078 mutationis,
2284 1051 2380 1081 quare
2406 1047 2436 1072 et

1444 1083 1634 1114 alterationis
1661 1084 1783 1122 omnis;
1817 1094 1853 1114 ex
1881 1084 2041 1115 contrariis
2073 1084 2158 1114 enim
2176 1084 2366 1125 quibusdam
2390 1091 2436 1115 est

1445 1127 1595 1158 alteratio.
1613 1127 1760 1158 Similiter
1781 1134 1886 1158 autem
1906 1128 2065 1168 augmenti
2082 1134 2112 1158 et
2128 1129 2335 1158 decrementi:
2359 1138 2436 1168 aug-

1445 1171 1542 1201 menti
1558 1171 1687 1211 quidem
1704 1172 1855 1201 terminus
1872 1178 1928 1210 est,
1948 1172 2003 1212 qui
2023 1178 2069 1202 est
2084 1172 2259 1202 secundum
2275 1172 2436 1212 propriam

1444 1222 1590 1246 naturam
1613 1215 1767 1255 perfectae
1790 1215 2032 1255 magnitudinis,
2056 1215 2245 1246 decrementi
2261 1216 2316 1256 qui
2333 1223 2378 1247 est
2397 1217 2434 1247 ab

1443 1259 1501 1289 hac
1524 1258 1669 1289 remotio.

1377 1302 1394 1321 '¹‘
1413 1303 1490 1333 Loci
1506 1309 1613 1333 autem
1628 1302 1762 1333 mutatio
1779 1303 1822 1333 sic
1841 1303 1971 1343 quidem
1987 1312 2052 1333 non
2069 1303 2125 1333 erit
2143 1303 2244 1334 finita:
2269 1314 2334 1334 non
2351 1304 2436 1334 enirn

1445 1347 1549 1377 omnis
1563 1347 1596 1377 in
1607 1347 1770 1377 contrariis
1783 1354 1837 1378 est.
1851 1347 1912 1377 Sed
1922 1347 2075 1387 quoniam
2086 1348 2174 1387 quod
2183 1347 2378 1387 impossibile
2389 1355 2435 1378 est

1444 1391 1584 1422 decisum
1600 1391 1741 1428 esse-sic,
1757 1401 1794 1421 ex
1815 1401 1853 1421 eo
1869 1391 1944 1431 quia
1959 1400 2025 1420 non
2042 1391 2194 1431 contingit
2210 1401 2276 1421 esse
2293 1392 2434 1421 decisum

1444 1433 1673 1477 (multipliciter
1696 1435 1781 1465 enim
1805 1434 1917 1465 dicitur
1939 1433 2164 1477 impossibile),
2189 1445 2254 1465 non
2284 1435 2436 1475 contingit

1444 1479 1487 1509 sic
1501 1479 1696 1519 impossibile
1717 1479 1833 1518 decidi;
1850 1489 1953 1520 neque
1964 1479 2096 1509 omnino
2112 1479 2306 1518 impossibile
2318 1479 2437 1509 factum

1444 1533 1525 1561 esse,
1549 1523 1632 1554 fieri:
1657 1533 1760 1563 neque
1783 1523 1898 1553 mutari
1927 1523 2122 1563 impossibile
2146 1523 2299 1563 contingit
2326 1523 2436 1564 utique

1443 1567 1557 1597 mutari
1580 1567 1613 1597 in
1637 1568 1725 1608 quod
1749 1567 2004 1607 impossibile.est
2019 1567 2144 1598 mutari.
2168 1567 2185 1586 *
2201 1567 2233 1598 Si
2257 1577 2331 1606 ergo
2348 1567 2436 1608 quod

1443 1611 1539 1642 fertur
1554 1618 1694 1642 mutatur
1709 1611 1742 1641 in
1758 1611 1888 1652 aliquid,
1905 1618 1935 1641 et
1953 1610 2100 1651 possibile
2122 1617 2168 1641 est
2186 1611 2309 1642 mutari.
2331 1612 2436 1648 Quare

1443 1665 1507 1685 non
1534 1655 1590 1686 erit
1612 1655 1753 1685 infinitus
1777 1662 1894 1693 motus,
1912 1665 2015 1696 neque
2032 1654 2147 1686 feretur
2169 1655 2201 1685 in
2221 1655 2359 1686 infinito:
2376 1655 2434 1685 im-

1442 1699 1591 1739 possibile
1615 1705 1661 1729 est
1684 1699 1769 1729 enim
1791 1699 1920 1730 transire
1942 1699 2058 1739 ipsum.
2084 1700 2182 1737 Quod
2197 1699 2291 1739 igitur
2305 1699 2350 1729 sic
2369 1709 2435 1729 non

1443 1743 1482 1773 sit
1504 1742 1626 1773 infinita
1654 1743 1788 1774 mutatio
1812 1749 1848 1774 ut
1870 1753 1936 1773 non
1964 1742 2091 1774 finiatur
2119 1743 2280 1783 terminis,
2304 1743 2434 1774 manife—

1442 1794 1527 1817 stum
1551 1794 1605 1818 est.

1375 1830 1392 1849 *
1411 1830 1473 1861 Sed
1495 1831 1521 1860 si
1545 1831 1588 1861 sic
1603 1831 1755 1870 contingit
1774 1838 1810 1862 ut
1828 1837 1970 1871 tempore
1989 1831 2028 1862 sit
2045 1830 2185 1862 infinitus
2201 1832 2286 1862 idem
2303 1832 2435 1863 existens

1443 1881 1472 1905 et
1496 1885 1597 1912 unus,
1631 1875 1895 1905 considerandum
1924 1882 1978 1906 est.
2005 1876 2079 1906 Non
2104 1886 2169 1906 uno
2193 1876 2322 1917 quidem
2350 1876 2436 1906 enim

1442 1918 1536 1957 facto,
1553 1918 1631 1949 nihil
1646 1919 1726 1949 forte
1748 1919 1910 1959 prohibet;
1934 1926 1970 1950 ut
1993 1920 2018 1949 si
2041 1926 2114 1959 post
2136 1920 2198 1950 loci
2224 1920 2435 1951 mutationem

1443 1963 1582 1993 alteratio
1602 1963 1651 2001 sit,
1669 1969 1699 1993 et
1717 1970 1790 2003 post
1808 1963 2024 1994 alterationem
2040 1971 2257 2003 augmentum,
2276 1971 2306 1995 et
2320 1964 2435 1995 iterum

1441 2007 1609 2047 generatio.
1640 2007 1689 2037 Sic
1719 2007 1803 2037 enim
1832 2017 1955 2047 semper
1985 2007 2116 2048 quidem
2139 2008 2195 2038 erit
2227 2008 2259 2038 in
2292 2014 2434 2048 tempore

1442 2058 1565 2090 motus;
1586 2051 1641 2081 sed
1664 2061 1728 2081 non
1746 2061 1839 2088 unus,
1856 2058 1984 2091 propter
1997 2052 2029 2081 id
2046 2052 2135 2092 quod
2151 2062 2215 2082 non
2231 2059 2277 2082 est
2300 2063 2382 2082 unus
2399 2063 2436 2083 ex

1442 2095 1601 2126 omnibus.
1626 2095 1669 2126 Ut
1692 2102 1798 2126 autem
1821 2095 1875 2126 fiat
1897 2105 1991 2134 unus,
2013 2106 2079 2126 non
2103 2096 2254 2135 contingit
2276 2095 2436 2127 infinitum

1444 2149 1510 2169 esse
1533 2146 1676 2180 tempore
1699 2146 1820 2179 praeter
1842 2147 1961 2170 unum:
1990 2140 2040 2170 hic
2064 2146 2170 2170 autem
2194 2147 2240 2170 est
2263 2140 2434 2171 circulatio.

1372 2237 1451 2264 Haec
1473 2235 1548 2263 enim
1570 2236 1692 2263 tendunt
1706 2235 1735 2263 in
1749 2236 1813 2264 loca
1834 2235 1956 2265 maxime
1977 2235 2111 2264 distantia
2131 2237 2167 2264 ab
2181 2236 2312 2272 invicem,
2335 2246 2435 2264 secun-

1373 2276 1442 2303 dum
1458 2274 1606 2303 distantias
1620 2284 1638 2303 a
1650 2281 1753 2302 natura
1767 2275 1985 2310 determinatas;
2007 2282 2035 2304 et
2048 2275 2113 2304 ideo
2135 2282 2232 2304 motus
2254 2286 2354 2304 eorum
2370 2283 2436 2304 sunt

1374 2315 1448 2343 inter
1468 2314 1611 2342 contraria
1625 2314 1797 2350 simpliciter,
1810 2321 1838 2342 et
1851 2315 1888 2343 ad
1909 2324 1943 2343 ea
1963 2314 2160 2343 terminantur.
2182 2317 2225 2343 De
2242 2315 2368 2344 motibus
2385 2325 2436 2343 au-

1373 2361 1432 2382 tem
1455 2354 1621 2382 voluntariis
1649 2360 1677 2381 et
1700 2354 1847 2389 violentis,
1872 2364 1921 2391 qui
1945 2355 2038 2382 solum
2066 2356 2224 2383 secundum
2253 2355 2435 2391 propositum

2462 782 2471 790 ·
2487 780 2541 808 Seq.
2556 786 2606 808 cap.
2621 787 2646 803 x.

2462 806 2530 828 Text.
2545 813 2577 835 91.

2464 1310 2473 1320 '
2487 1309 2554 1331 Text.
2569 1316 2595 1338 92
2600 1326 2606 1332 .

2463 1573 2472 1582 '¹
2487 1571 2553 1594 Text.
2568 1578 2604 1600 93.

2461 1837 2471 1846 *
2485 1835 2553 1857 Text.
2571 1841 2609 1863 94.

1374 2400 1424 2422 aut
1443 2394 1610 2422 violentiam
1632 2393 1772 2421 moventis
1794 2400 1860 2421 sunt
1880 2394 2076 2429 determinati,
2105 2404 2166 2422 non
2191 2395 2292 2422 eadem
2314 2395 2435 2423 omnino
2467 2416 2470 2419 .

1375 2433 1447 2462 ratio
1477 2439 1527 2461 est.
1550 2450 1568 2454 -
1590 2442 1618 2468 4.
1642 2434 1725 2460 Unde
1746 2433 1801 2461 alia
1821 2433 1866 2461 via
1887 2434 2026 2469 probatur
2045 2434 2203 2471 generatim
2225 2440 2337 2462 motum
2359 2435 2436 2462 loca-

1375 2473 1432 2501 lem
1462 2482 1523 2501 non
1555 2482 1616 2500 esse
1640 2472 1783 2500 infinitum
1811 2473 1914 2510 specie.
1943 2473 2039 2501 Omne
2069 2474 2149 2510 quod
2177 2480 2303 2501 mutatur
2334 2483 2435 2502 secun-

1376 2514 1446 2540 dum
1467 2513 1578 2547 locum,
1601 2518 1727 2540 mutatur
1740 2512 1769 2539 in
1784 2511 1907 2549 aliquid:
1936 2522 2004 2549 ergo
2027 2513 2163 2549 possibile
2184 2519 2226 2541 est
2252 2522 2303 2550 per
2324 2519 2436 2541 motum

1376 2552 1524 2589 pervenire
1548 2552 1577 2579 in
1598 2552 1682 2587 illud3
1710 2551 1780 2579 nihil
1800 2551 1876 2580 enlm
1897 2552 1988 2580 tendit
2015 2553 2052 2580 ad
2078 2552 2264 2589 impossibile.
2293 2553 2351 2580 Sed
2372 2552 2436 2580 infi-

1377 2591 1469 2620 nitum
1483 2591 1563 2619 nullo
1585 2592 1675 2619 modo
1697 2597 1791 2627 potest
1812 2591 1942 2627 transiri;
1965 2600 2032 2628 ergo
2054 2591 2125 2619 nihil
2142 2592 2230 2620 fertur
2244 2592 2372 2620 localiter
2385 2601 2436 2628 per

1376 2631 1488 2668 ipsum3
1511 2641 1578 2667 ergo
1600 2631 1694 2658 nullus
1708 2637 1804 2659 motus
1819 2631 1916 2659 localis
1937 2637 1979 2659 est
1992 2631 2128 2659 infinitus.
2148 2648 2168 2653 «-
2190 2632 2215 2659 5.
2234 2632 2318 2659 Solus
2339 2638 2436 2659 motus

1377 2671 1529 2705 circularis,
1544 2680 1619 2698 unus
1631 2679 1753 2698 nurnero
1769 2670 1898 2706 existens,
1913 2677 2007 2707 potest
2021 2680 2083 2699 esse
2097 2671 2224 2698 infinitus
2239 2676 2377 2708 tempore,
2386 2681 2437 2699 seu

1378 2711 1482 2739 durare
1502 2717 1632 2747 tempore
1653 2710 1779 2746 infinito,
1801 2717 1832 2738 ut
1853 2710 1883 2738 in
1899 2716 2001 2738 octavo
2023 2711 2197 2739 ostendetur.

1377 2803 1462 2839 licet
1481 2810 1567 2839 sunt
1594 2803 1690 2840 inter
1709 2803 1995 2840 contradictorie
2016 2802 2199 2851 opposita,
2220 2810 2435 2855 utgenera-

1377 2855 1428 2892 tio
1459 2863 1494 2892 et
1523 2856 1733 2904 corruptio,
1762 2857 1824 2893 vel
1853 2856 1948 2892 inter
1977 2855 2171 2902 contraria,
2196 2862 2237 2892 ut
2256 2856 2446 2904 alteratio,-

1378 2916 1414 2945 et
1442 2916 1689 2956 augmentum
1719 2916 1755 2945 et
1782 2909 2080 2956 decrementum,
2111 2908 2352 2945 manifestum
2382 2916 2437 2946 est

1377 2962 1483 3010 quod
1522 2962 1663 2998 habent
1698 2962 1886 3010 praefixos
1923 2961 2116 2998 terminos.
2155 2961 2265 2998 Unde
2304 2961 2342 2998 in
2379 2962 2436 2998 his

1377 3014 1650 3051 mutationibus
1683 3027 1780 3062 quae
1809 3022 1895 3051 sunt
1929 3015 2022 3051 inter
2055 3014 2340 3051 contradictorie
2370 3028 2436 3063 op-

1376 3067 1519 3116 posita,
1549 3067 1731 3105 terminus
1761 3074 1815 3104 est
1842 3068 1904 3104 vel
1936 3067 2137 3104 affirmatio
2170 3068 2232 3103 vel
2265 3067 2434 3114 negatio,

1377 3120 1472 3156 sicut
1496 3120 1678 3156 terminus
1706 3119 1954 3167 generationis
1982 3127 2036 3156 est
2060 3132 2156 3166 esse,
2188 3119 2435 3167 corruptionis

1375 3185 1469 3210 vero
1490 3185 1567 3209 non
1589 3185 1681 3209 esse.
1705 3173 1882 3209 Similiter
1897 3173 2043 3209 illarum
2063 3172 2316 3208 mutationum
2336 3183 2434 3219 quae

1377 3232 1463 3262 sunt
1495 3225 1590 3261 inter
1618 3226 1813 3271 contraria,
1843 3225 1924 3273 ipsa
1956 3224 2140 3260 contraria
2168 3231 2254 3260 sunt
2286 3223 2435 3259 termini

1377 3278 1426 3314 ad
1454 3289 1565 3325 quos,
1600 3278 1695 3314 sicut
1723 3278 1770 3314 ad
1799 3277 1989 3326 quaedam
2021 3276 2172 3322 ultima,
2207 3275 2434 3312 mutationes

1377 3329 1595 3367 huiusmodi
1619 3330 1874 3366 terminantur.
1896 3329 2005 3366 Unde
2026 3328 2193 3376 sequitur
2212 3328 2326 3376 quod,
2345 3340 2432 3364 cum

1378 3382 1501 3418 omnis
1535 3383 1700 3418 alteratio
1734 3382 1779 3417 sit
1808 3381 1854 3417 de
1884 3380 2069 3416 contrario
2107 3380 2144 3416 in
2182 3380 2431 3428 contrarium,

1376 3434 1481 3482 quod
1509 3435 1633 3470 omnis
1662 3433 1827 3470 alteratio
1856 3433 1993 3469 habeat
2022 3432 2187 3480 aliquem
2215 3432 2431 3470 terminum.

1376 3487 1426 3522 Et
1453 3486 1619 3523 similiter
1648 3485 1849 3522 dicendum
1885 3492 1940 3521 est
1967 3484 2004 3520 in
2027 3485 2047 3505 '¹‘
2071 3493 2274 3532 augmento
2305 3493 2340 3522 et
2369 3486 2431 3523 de-

1377 3546 1590 3576 cremento:
1625 3538 1712 3587 quia
1744 3537 1925 3573 terminus
1958 3537 2149 3585 augmenti
2182 3545 2237 3574 est
2268 3539 2433 3587 perfecta

1375 3591 1594 3638 magnitudo
1624 3593 1681 3636 (et
1711 3590 1794 3626 dieo
1822 3590 2028 3638 perfectam
2062 3590 2272 3627 secundum
2303 3591 2431 3628 condi-

2461 3498 2469 3506 ·
2485 3496 2514 3518 de
2527 3503 2645 3525 stri-iuno.
