2898 3996
2 1511 17 1546 {j
24 1543 26 1545 ,

6 1554 29 1591 ,ᾗ

11 1599 28 1609 ,ὴ

6 1614 33 1635 4²*

11 1729 31 1765 2⁵

23 1774 27 1781 .

1151 319 1262 356 CAP.
1292 319 1341 366 11,
1372 319 1522 356 LECT.
1553 320 1601 355 111
2387 320 2460 366 273

1052 528 1351 584 LECTIO
1390 528 1706 584 TERTIA

597 687 767 719 TEMPUS
791 687 834 718 1N
856 686 1181 718 DIVISIBILITATE
1205 686 1542 718 MAGNITUDINEM
1565 688 1782 725 SEQUITUR
1804 689 1861 719 ET
1885 690 1911 720 E
1936 689 2164 721 CONVERSO

292 818 430 862 Ὀμοίως
455 810 482 846 δ’
506 813 637 862 ἀνάγκη
662 816 711 857 τῷ
736 814 836 859 μήκει
858 817 917 846 καὶ
942 816 987 857 τῇ
1011 814 1139 851 κινήσει
1162 812 1352 870 ἀδιαίρετον

362 857 448 891 εἶναι
471 859 531 892 τόν
555 859 687 904 χρόνον,
712 861 770 890 καὶ
794 858 987 905 συγκεῖσθαι
1013 859 1049 891 ἐκ
1074 861 1140 891 τῶν
1165 861 1221 891 νῦν
1249 872 1352 893 οντων

364 899 578 947 ἀδιαιρέτων·

296 948 324 980 εἰ
347 947 411 992 γάρ
437 947 534 979 πᾶσα,
558 941 739 991 διαιρετός,
766 947 798 978 ἐν
823 947 871 987 τῷ
898 946 1059 979 ἐλάττονι
1083 942 1121 979 δὲ
1139 947 1179 978 τό
1197 947 1353 984 ἱσοταλές

362 986 476 1022 δίεισιν
510 990 677 1032 ἔλαττον,
708 987 876 1036 διαιρετὸς
902 991 1001 1023 ἔσται
1024 993 1081 1022 καὶ
1108 992 1124 1023 ὀ
1149 991 1278 1036 χρόνος.
1316 992 1354 1022 Εἰ

361 1029 389 1066 δ’
420 1034 436 1064 ὁ
459 1034 576 1080 χρόνος
607 1030 776 1079 διαιρετός
802 1035 834 1067 ἐν
861 1034 884 1076 ᾦ
909 1034 1044 1079 φέρεταί
1070 1046 1104 1067 τι
1134 1036 1197 1071 τήν
1223 1037 1266 1076 A,
1296 1037 1354 1066 καὶ

362 1078 382 1115 ἡ
408 1077 449 1110 τὸ
474 1082 499 1110 Α
524 1077 622 1110 ἔσται
646 1075 815 1124 διαιρετῆ.

289 1122 389 1154 Ἐπεὶ
414 1117 451 1154 δὲ
477 1123 544 1155 πᾶν
570 1122 709 1168 μέγεθος
739 1124 782 1161 εἰς
808 1122 931 1167 μεγέθη
964 1117 1132 1166 διαιρετόν
1160 1117 1354 1165 (δέδεικται

361 1165 424 1212 γάρ
452 1165 505 1199 ὅτι
531 1162 702 1200 ἀδύνατον
727 1165 762 1208 ἐξ
789 1165 923 1210 ἀτόμων
949 1163 1034 1198 εἷναί
1059 1178 1093 1198 τι
1117 1167 1272 1211 συνεχές,
1298 1166 1354 1210 με’-

362 1209 457 1255 γεθος
481 1207 510 1242 δ’
532 1212 623 1243 ἐστὶν
651 1211 742 1244 ἅπαν
767 1211 936 1255 συνεχές),
957 1210 1087 1255 ἀνάγκη
1113 1211 1154 1242 τὸ
1173 1209 1301 1244 θᾶττον
1320 1212 1354 1243 ἐν

362 1254 411 1294 τῷ
435 1256 494 1297 ἴσῳ
518 1254 632 1300 χρόνῳ,
655 1256 767 1300 μεῖζον
798 1258 856 1288 καὶ
881 1256 913 1288 ἐν
938 1255 986 1295 τῷ
1012 1254 1174 1287 ἐλάττονι
1201 1258 1272 1287 ἴσον
1295 1257 1355 1287 καὶ

363 1298 396 1329 ἐν
421 1299 470 1339 τῷ
495 1298 656 1332 ἐλάττονι
682 1301 795 1332 πλεῖον
812 1299 988 1340 κινεῖσθαι,
1005 1298 1159 1344 καθάπερ
1186 1300 1353 1344 ὀρίζονταί

363 1348 450 1379 τινες
475 1343 516 1375 τό
542 1342 683 1375 θᾶττον.

288 1386 401 1418 Ἔστω
425 1386 491 1432 γάρ
516 1387 557 1419 τὸ
582 1388 628 1431 ἐφ’
653 1387 676 1429 ᾦ
694 1388 719 1418 A
736 1388 798 1420 τοῦ
816 1385 864 1431 ἐφ’
886 1386 909 1428 ᾤ
928 1388 953 1417 Β
969 1385 1110 1420 θᾶττον.
1130 1388 1227 1419 Ἐπεὶ
1245 1389 1355 1419 τοίνυν

363 1428 493 1462 θᾶττόν
519 1432 593 1464 ἐστι
618 1431 659 1464 τὸ
684 1431 845 1476 πρότερον
870 1430 1112 1475 μεταβάλλον,
1145 1431 1178 1463 ἐν
1205 1431 1227 1472 ᾧ
1248 1430 1354 1475 χρόνῳ

363 1473 406 1506 τὸ
430 1476 456 1506 A
479 1474 734 1518 μεταβέβληκεν
769 1474 837 1508 ἀπὸ
867 1475 930 1508 τοῦ
955 1476 976 1505 Γ
1003 1476 1046 1512 εὶς
1079 1475 1120 1507 τὸ
1149 1476 1189 1516 Δ,
1224 1476 1291 1507 οἷον
1322 1475 1354 1507 ἐν

365 1518 414 1558 τῷ
438 1520 512 1560 ΖΗ,
540 1520 572 1552 ἐν
598 1519 709 1560 τούτῳ
739 1519 781 1552 τὸ
804 1522 850 1561 Β,
883 1518 975 1551 οὔπω
1002 1519 1100 1551 ἔσται
1132 1519 1212 1564 πρὸς
1236 1519 1283 1559 τῷ
1310 1521 1354 1560 Δ,

367 1561 440 1593 ἀλλ’
464 1563 650 1607 ἀπολείψει·
676 1562 758 1596 ὥστ’
780 1563 811 1596 ἐν
838 1564 885 1604 τῷ
909 1565 966 1604 ’ίσῳ
991 1562 1096 1608 χρόνῳ
1121 1564 1235 1595 πλεῖον
1260 1558 1357 1595 δίεισι

365 1605 406 1637 τὸ
430 1605 572 1639 Θόἰττον.

293 1649 401 1682 Ἀλλά
424 1650 489 1694 μήν
513 1653 572 1683 καὶ
596 1651 628 1683 ἐν
654 1651 703 1692 τῷ
727 1650 903 1691 ἐλάττονι,
930 1652 1057 1683 πλεῖον·
1084 1651 1116 1682 ἑν
1143 1650 1167 1691 ᾦ
1191 1651 1255 1696 γάρ
1272 1650 1314 1682 τὸ
1331 1651 1357 1681 A

363 1693 549 1740 γεγένηται
578 1694 657 1737 πρὸς
690 1695 737 1735 τῷ
764 1696 806 1736 Δ,
843 1694 883 1726 τὸ
907 1697 931 1726 Β
956 1695 1042 1726 ἔστω
1075 1694 1154 1738 πρὸς
1187 1696 1233 1735 τῷ
1258 1696 1282 1724 Ε
1315 1694 1356 1726 τό

364 1734 571 1784 βραδύτερον
599 1739 645 1770 ὄν.
672 1739 799 1770 Οὐκοῦν
826 1739 899 1770 ἐπεὶ
923 1738 964 1770 τό
990 1741 1014 1769 Α
1039 1738 1119 1781 πρός
1145 1739 1192 1778 τῷ
1216 1740 1238 1768 Δ
1286 1737 1358 1782 εγέ-

365 1793 467 1819 νηται
493 1785 524 1815 ἐν
552 1782 682 1815 ἅπαντι
708 1783 755 1824 τῷ
780 1784 834 1813 ΖΗ
865 1782 991 1826 χρόνῳ,
1025 1781 1104 1823 πρὸς
1137 1783 1184 1822 τῷ
1208 1782 1232 1811 Θ
1259 1793 1358 1813 εσται

368 1827 401 1858 ἐν
427 1826 590 1860 ἐλάττονι
623 1826 762 1859 τούτου·
792 1828 850 1857 καὶ
881 1827 967 1858 ἔστω
1000 1825 1032 1857 ἐν
1057 1827 1106 1866 τῷ
1130 1827 1193 1857 ΖΚ.
1229 1826 1273 1857 Τὸ
1299 1825 1356 1868 μὲν

367 1867 423 1902 οὖν
448 1872 517 1912 ΓΘ,
545 1871 560 1902 ὃ
585 1866 759 1906 διελήλυθε
785 1870 826 1902 τὸ
851 1870 893 1911 A,
921 1868 1033 1914 μεῖζόν
1058 1869 1131 1901 ἐστι
1158 1869 1219 1900 τοῦ
1244 1870 1310 1908 ΓΕ,
1342 1870 1358 1900 ὁ

365 1909 403 1946 δὲ
425 1914 542 1959 χρόνος
562 1915 578 1945 ὀ
598 1914 652 1948 ΖΚ
677 1913 832 1946 ἐλάττων
857 1914 919 1946 τοῦ
946 1913 1075 1950 παντὸς
1101 1914 1163 1945 τοῦ
1184 1915 1251 1944 ΖΗ·
1271 1913 1358 1945 ὥστε

366 1958 398 1989 ἐν
426 1958 589 1990 ἐλάττονι
613 1959 724 2002 μεῖζον
749 1953 858 1989 δίεισι.
1102 1970 1105 1973 ’

298 2003 447 2045 Φανερόν
471 1998 510 2034 δὲ
535 2002 571 2034 ἐκ
595 2001 729 2035 τούτων
753 2004 810 2034 καὶ
837 2001 890 2034 ὅτι
915 2001 956 2034 τό
985 2000 1112 2032 θᾶττον
1140 2001 1170 2032 ἐν
1199 2000 1360 2032 ἐλάττονι

365 2045 472 2090 χρόνῳ
497 2043 594 2078 δίεισι
619 2046 660 2078 τὸ
683 2048 769 2078 ἴσον.

293 2089 393 2121 Ἐπεὶ
417 2091 481 2137 γάρ
507 2090 571 2126 τήν
596 2090 696 2132 μείζω
723 2087 754 2120 ἐν
782 2088 942 2121 ἐλάττονι
959 2083 1132 2132 διέρχεται
1151 2089 1212 2119 τοῦ
1238 2082 1360 2131 βραδυ-

368 2132 480 2178 τέρου,
507 2133 595 2166 αὐτὸ
620 2129 658 2165 δὲ
680 2131 755 2164 καθ’
777 2132 864 2164 αὐτὸ
887 2132 1145 2176 λαμβανόμενον
1172 2133 1203 2163 ἐν
1230 2133 1359 2163 πλείονι

367 2177 472 2221 χρόνῳ
497 2178 561 2213 τήν
587 2178 686 2229 μείζω
712 2178 774 2213 τῆς
801 2176 998 2215 ἐλάττονος,
1027 2177 1094 2208 οἷον
1120 2174 1183 2211 τήν
1210 2177 1272 2206 ΑΜ
1296 2176 1358 2212 τῆς

368 2221 446 2262 ΛΞ,
481 2223 602 2252 πλείων
634 2223 673 2252 ἀν
699 2222 747 2257 ε’ίη
774 2221 790 2251 ό
815 2219 930 2264 χρόνος
956 2220 972 2250 ὁ
996 2220 1066 2260 ΠΡ,
1098 2219 1130 2250 ἐν
1156 2218 1180 2260 ᾦ
1205 2219 1268 2255 τήν
1297 2219 1358 2249 ΛΜ

367 2259 562 2318 διέρχεται,
592 2262 613 2300 ἦ
641 2265 656 2295 ὀ
679 2265 750 2304 ΠΣ,
787 2263 819 2295 ἐν
845 2264 868 2305 ᾦ
894 2263 957 2299 τήν
991 2263 1056 2294 ΛΞ.
1087 2261 1190 2294 Ὥστε
1215 2263 1243 2293 εἱ
1269 2263 1284 2293 ὀ
1308 2263 1358 2292 ΠΡ

366 2319 484 2353 χρονος
510 2307 665 2341 ἐλάττων
692 2309 764 2340 ἐστὶ
790 2308 852 2340 τοῦ
877 2308 950 2346 ΠΧ,
978 2305 1011 2338 ἐν
1038 2308 1060 2348 ᾤ
1086 2306 1126 2338 τὸ
1152 2302 1357 2348 βραδύτερον

370 2354 543 2398 διέρχεται
572 2352 635 2388 τήν
665 2352 737 2392 ΛΞ,
767 2353 826 2383 καὶ
855 2351 871 2382 ὁ
895 2352 947 2381 ΠΣ
980 2350 1134 2383 ἐλάττων
1166 2350 1263 2382 ἐσται
1298 2350 1358 2382 τοῦ

370 2397 416 2443 ἐφ’
446 2399 469 2439 ᾤ
492 2397 560 2427 ΠΧ·
589 2397 650 2429 τοῦ
675 2396 738 2442 γάρ
762 2396 813 2425 ΠΡ
839 2394 1015 2436 ἐλάττων,
1044 2394 1084 2426 τὸ
1108 2389 1146 2425 δὲ
1172 2395 1233 2425 τοῦ
1259 2393 1359 2426 ἐλάτ-

370 2454 465 2480 τονος
491 2441 638 2473 ἐλαττον
661 2442 719 2471 καὶ
745 2438 832 2471 αὐτὸ
859 2439 1018 2471 ἔλαττον·
1038 2437 1124 2471 ὥστε
1145 2437 1177 2469 ἐν
1199 2437 1359 2470 ἐλάττονι

366 2484 587 2523 κινηθήσεται
612 2483 653 2515 τὸ
675 2486 759 2515 ἴσον.

297 2527 373 2561 Ἔτι
399 2526 429 2562 δ’
457 2530 484 2562 εἱ
510 2529 576 2560 πᾶν
609 2527 739 2574 ἀνάγκη
766 2524 786 2563 ἦ
813 2526 845 2558 ἐν
869 2527 927 2567 ἴσῳ
955 2525 1060 2570 χρόνῳ
1085 2525 1105 2561 ἦ
1132 2525 1164 2557 ἐν
1198 2522 1359 2557 ἐλάττονι

369 2573 390 2611 ἦ
417 2572 450 2606 ἐν
476 2574 603 2605 πλείονι
627 2570 810 2611 κινεΐσθαι,
838 2572 895 2601 καὶ
920 2570 961 2602 τὸ
986 2570 1045 2612 μὲν
1071 2570 1103 2601 ἐν
1129 2570 1257 2600 πλείονι
1282 2569 1362 2611 βρα-

368 2614 523 2658 δύτερον,
542 2616 583 2648 τὸ
607 2610 637 2646 δ’
659 2617 692 2648 ἐν
716 2617 774 2655 ἴσῳ
798 2613 973 2659 ὶσοταχές,
1000 2614 1041 2646 τὸ
1066 2609 1103 2644 δὲ
1127 2611 1255 2644 θᾶττον
1282 2614 1360 2644 οὔτε

368 2661 529 2705 ἱσοταχές
559 2659 639 2691 οὔτε
669 2655 893 2704 βραδύτερον,
920 2658 991 2690 οὔτ’
1023 2657 1060 2690 ἂν
1087 2657 1119 2689 ἐν
1143 2659 1200 2698 ’ίσῳ
1227 2656 1298 2688 οὔτ’
1328 2657 1360 2688 ἐν

370 2707 498 2738 πλείονι
526 2706 654 2735 κινοῖτο
679 2703 721 2735 τὸ
745 2702 885 2735 θᾶττον.
919 2703 1086 2734 Λείπεται
1121 2699 1176 2733 οὖν
1203 2701 1234 2732 ἐν
1261 2700 1362 2733 ἐλάτ-

370 2761 456 2790 τονι,
475 2747 554 2779 ὥστ’
581 2745 711 2792 ἀνάγκη
735 2748 793 2778 καὶ
818 2745 860 2777 τό
883 2747 953 2777 ἴσον
979 2744 1117 2791 μέγεθος
1143 2746 1175 2778 ἐν
1201 2743 1362 2776 ἐλάττονι

370 2791 475 2838 χρόνῳ
500 2786 621 2822 διιέναι
646 2790 687 2823 τὸ
710 2789 853 2822 θᾶττον.

298 2837 396 2868 Ἐπεὶ
413 2832 451 2868 δὲ
468 2836 564 2868 πᾶσα
582 2834 639 2878 μὲν
657 2836 783 2871 κίνησις
801 2834 832 2865 ἐν
850 2831 968 2876 χρόνῳ,
982 2834 1038 2864 καὶ
1058 2833 1090 2864 ἐν
1110 2831 1239 2864 ἅπαντι
1256 2830 1361 2876 χρόνῳ

370 2877 515 2913 δυνατόν
540 2876 729 2918 κινηθῆναι,
748 2878 815 2909 πᾶν
839 2874 877 2910 δέ
903 2876 943 2908 τό
967 2875 1158 2919 κινούμενον
1184 2871 1361 2920 ἐνδέχεται

369 2927 428 2957 καὶ
459 2923 586 2955 θᾶττον
626 2921 787 2953 κινεῖσθαι
817 2923 876 2954 καὶ
909 2915 1134 2964 βραδύτερον,
1170 2921 1201 2951 ἐν
1232 2919 1362 2951 ἅπαντι

372 2968 477 3015 χρόνῳ
502 2967 600 2999 ἔσται
626 2966 666 2998 τὸ
691 2965 820 2998 θᾶττον
844 2963 1005 2997 κινεῖσθαι
1030 2965 1087 2995 καὶ
1112 2958 1329 3007 βραδύτερον.

305 3013 443 3045 Τούτων
472 3008 499 3044 δ’
522 3011 640 3051 ὄντων,
662 3009 792 3055 ἀνάγκη
816 3011 873 3042 καὶ
898 3008 957 3041 τόν
982 3007 1099 3052 χρόνον
1120 3009 1243 3052 συνεχῆ
1261 3005 1360 3040 εἶναι.

372 3056 469 3102 Λέγω
493 3050 533 3086 δὲ
555 3053 687 3099 συνεχὲς
713 3054 754 3085 τὸ
774 3048 943 3097 διαιρετόν
961 3053 1004 3088 εἰς
1028 3052 1079 3084 ἀεὶ
1096 3047 1264 3096 διαιρετά·
1285 3050 1362 3083 τού-

373 3111 434 3132 του
459 3098 522 3145 γοὶρ
548 3097 767 3141 ὑποκειμένου
794 3100 856 3129 τοῦ
884 3097 1053 3141 συνεχοῦς,
1082 3095 1212 3142 ἀνάγκη
1239 3095 1361 3139 συνεχῆ

374 3140 459 3175 εἶναι
484 3142 542 3176 τὸν
567 3141 698 3186 χρόνον.

301 3188 398 3220 Ἐπεὶ
421 3186 486 3232 γάρ
511 3181 684 3218 δέδεικται
716 3183 768 3217 ὅτι
793 3184 834 3218 τὸ
858 3184 988 3217 θᾶττον
1014 3181 1046 3215 ἐν
1072 3182 1232 3216 ἐλάττονι
1257 3181 1361 3228 χρόνῳ

372 3226 470 3262 δίεισι
494 3229 535 3262 τὸ
558 3231 643 3271 ἴσον,
670 3229 758 3262 ἔστω
784 3229 825 3260 τὸ
849 3229 907 3272 μὲν
935 3228 982 3272 ἐφ’
1005 3226 1027 3268 ᾧ
1052 3228 1078 3258 A
1102 3226 1243 3266 θᾶττον,
1263 3226 1304 3259 τό
1330 3221 1359 3257 δ’

375 3275 421 3317 ἐφ’
452 3274 474 3315 ᾦ
498 3275 522 3304 Β
547 3269 771 3317 βραδύτερον,
799 3274 857 3304 καὶ
883 3269 1065 3309 κεκινήσθω
1091 3271 1131 3302 τὸ
1157 3267 1361 3312 βραδύτερον

373 3318 414 3350 τὸ
441 3316 487 3360 ἐφ’
510 3316 534 3359 ᾦ
551 3318 598 3346 ΓΔ
623 3315 761 3362 μέγεθος
787 3316 818 3348 ἐν
845 3317 892 3357 τῷ
917 3317 971 3346 ΖΗ
993 3314 1112 3358 χρόνῳ·
1130 3309 1232 3350 δῆλον
1251 3316 1360 3346 τοίνυν

376 3361 428 3394 ὅτι
461 3361 503 3394 τό
534 3359 662 3392 θᾶττον
696 3361 728 3392 ἐν
763 3358 923 3392 ἐλάττονι
955 3359 1080 3390 τούτου
1113 3357 1290 3392 κιντῖσεται
1321 3357 1362 3389 τό

376 3406 463 3438 αὐτὸ
495 3403 646 3449 μέγεθος·
678 3405 736 3435 καὶ
767 3402 948 3439 κεκινήσθω
979 3403 1010 3434 ἐν
1036 3402 1084 3442 τῷ
1107 3402 1167 3432 ΖΘ.
1203 3401 1305 3433 Πάλιν
1331 3395 1359 3431 δ’

376 3451 449 3483 ἐπεὶ
474 3449 515 3481 τὸ
546 3449 674 3480 θάττον
700 3448 732 3479 ἐν
758 3447 805 3487 τῷ
830 3447 879 3477 ΖΘ
903 3442 1076 3482 διελήλυθε
1106 3445 1168 3480 τήν
1195 3444 1273 3481 ὅλην
1299 3443 1362 3480 τήν

374 3495 434 3534 ΓΔ,
460 3493 502 3525 τὸ
526 3488 731 3535 βραδύτερον
758 3491 789 3522 ἐν
816 3491 862 3531 τῷ
890 3490 983 3531 αὐτῷ
1007 3487 1111 3534 χρόνῳ
1137 3487 1200 3524 τήν
1227 3487 1362 3520 ἐλάττω

375 3534 503 3570 δίεισιν·
531 3537 629 3569 ἔσται
655 3534 711 3568 οὖν
737 3535 783 3579 ἐφ’
813 3533 850 3571 ἦς
875 3535 937 3566 ΓΚ.
958 3534 1053 3565 Ἐπεὶ
1077 3527 1115 3563 δὲ
1140 3531 1180 3563 τὸ
1199 3527 1364 3576 βραδύτε-

396 3593 430 3614 ον
455 3581 496 3614 τὸ
520 3582 544 3611 Β
570 3581 602 3612 ἐν
629 3581 675 3621 τῷ·
707 3580 756 3610 ΖΘ
787 3578 892 3623 χρόνῳ
919 3577 982 3613 τήν
1014 3578 1064 3607 ΓΚ
1095 3571 1287 3615 διελήλυθε,
1322 3575 1363 3606 τό

376 3595 505 3658 εᾶττον
531 3626 564 3657 ἐν
590 3623 751 3656 ἐλάττονι
773 3618 902 3654 δίεισιν·
928 3620 1014 3654 ὥστε
1040 3618 1140 3652 πάλιν
1158 3614 1363 3663 διαιρεθήσε-

453 3689 520 3720 Opp.
541 3688 571 3711 D.
586 3687 699 3711 ‘summa
718 3686 749 3709 T.
764 3685 785 3709 11

1409 825 1426 844 *
1441 826 1588 858 Similiter
1611 834 1716 858 autem
1740 838 1863 858 necesse
1886 828 2075 869 longitudini
2099 836 2129 859 et
2157 829 2258 859 motui
2282 829 2466 860 indivisibile

1476 880 1542 901 esse
1558 878 1694 911 tempus,
1715 879 1745 902 et
1764 872 1915 912 componi
1930 883 1966 903 ex
1979 872 2054 913 ipsis
2071 882 2154 903 nunc
2172 873 2371 903 existentibus
2386 873 2466 903 indi-

1475 914 1657 945 visibilibus.
1748 948 1754 953 ,

1410 957 1442 987 Si
1466 958 1552 988 enim
1583 959 1686 988 omnis
1718 959 1879 989 divisibilis
1908 966 1970 997 est,
1990 960 2023 989 in
2053 959 2168 990 minori
2192 966 2297 990 autem
2325 967 2466 1000 tempore

1477 1002 1646 1042 aequaliter
1671 1003 1762 1033 velox
1792 1003 1932 1033 transibit
1963 1004 2139 1040 minorem,
2171 1003 2322 1034 divisibile
2354 1004 2409 1034 erit
2437 1011 2467 1034 et

1477 1052 1612 1085 ternpus.
1628 1046 1660 1076 Si
1677 1053 1783 1076 autem
1797 1053 1922 1086 tempus
1939 1047 2090 1077 divisibile
2106 1047 2162 1077 erit
2177 1047 2210 1077 in
2223 1058 2288 1088 quo
2304 1047 2399 1078 fertur
2414 1047 2466 1077 ali-

1476 1089 1554 1128 quid
1576 1099 1631 1129 per
1654 1089 1760 1128 ipsum
1783 1092 1822 1128 A,
1840 1097 1869 1120 et
1892 1101 1972 1130 quae
1987 1097 2032 1121 est
2049 1091 2155 1130 ipsum
2171 1093 2200 1121 A
2223 1091 2279 1121 erit
2303 1091 2465 1121 divisibile.

1410 1131 1427 1149 *
1443 1131 1606 1168 Quoniam
1629 1140 1734 1163 autem
1758 1134 1861 1163 omnis
1884 1134 2068 1173 magnitudo
2085 1134 2117 1164 in
2136 1135 2367 1174 magnitudines
2390 1135 2467 1165 divi-

1478 1176 1573 1206 sibilis
1606 1183 1652 1206 est
1683 1175 1865 1218 (ostensum
1898 1184 1943 1207 est
1973 1178 2057 1207 enim
2085 1178 2172 1218 quod
2203 1178 2395 1218 impossibile
2423 1185 2468 1209 est

1477 1229 1514 1250 ex
1532 1220 1646 1250 atomis
1671 1220 1859 1250 continuum
1882 1230 1948 1250 esse
1978 1221 2121 1261 aliquod:
2147 1222 2331 1261 magnitudo
2361 1229 2467 1252 autem

1478 1263 1581 1294 omnis
1598 1263 1748 1294 continua
1763 1262 1838 1306 est),
1854 1274 1977 1294 necesse
1993 1271 2038 1295 est
2051 1266 2190 1295 velocius
2206 1266 2237 1295 in
2255 1266 2374 1306 aequali
2389 1272 2468 1295 tem-

1477 1317 1553 1347 pore
1577 1307 1690 1345 maius,
1715 1314 1745 1338 et
1768 1308 1800 1338 in
1824 1308 1938 1337 minori
1961 1308 2033 1348 plus
2052 1309 2189 1347 moveri,
2214 1309 2293 1339 sicut
2316 1309 2469 1339 definiunt

1477 1351 1607 1391 quidam
1629 1351 1735 1392 ipsum
1758 1351 1907 1382 velocius.

1411 1393 1457 1424 Sit
1480 1395 1565 1425 enim
1588 1395 1694 1435 ipsum
1709 1395 1741 1424 in
1765 1405 1830 1436 quo
1846 1397 1876 1425 A
1892 1405 1930 1425 eo
1954 1395 1986 1425 in
2001 1405 2065 1435 quo
2089 1395 2114 1425 B
2141 1396 2288 1426 velocius.
2307 1395 2469 1432 Quoniam

1476 1438 1571 1478 igitur
1592 1439 1731 1469 velocius
1755 1446 1801 1469 est
1823 1438 1855 1468 id
1879 1439 1968 1479 quod
1997 1439 2137 1478 primum
2167 1446 2323 1478 mutatur,
2347 1439 2379 1468 in
2403 1449 2468 1479 quo

1477 1489 1620 1522 tempore
1641 1482 1748 1522 ipsum
1770 1485 1799 1513 A
1815 1489 1975 1513 mutatum
1993 1489 2039 1513 est
2054 1483 2091 1513 ab
2108 1483 2177 1522 ipso
2202 1483 2228 1513 C
2252 1483 2284 1513 in
2301 1483 2405 1522 ipsum
2428 1483 2468 1520 D,

1477 1526 1592 1556 scilicet
1610 1526 1642 1556 in
1658 1533 1801 1566 tempore
1824 1527 1881 1564 ΖΙ,
1900 1526 1934 1556 in
1957 1526 2018 1556 hoc
2040 1526 2146 1566 ipsum
2168 1527 2193 1556 B
2217 1536 2282 1556 non
2306 1526 2362 1557 erit
2384 1526 2469 1556 iuxta

1476 1570 1582 1609 ipsum
1597 1570 1647 1608 D,
1659 1570 1715 1600 sed
1738 1569 1868 1600 deficiet.
1893 1570 1999 1607 Quare
2028 1570 2061 1600 in
2087 1570 2209 1610 aequali
2232 1577 2374 1610 tempore
2398 1570 2469 1609 plus

1477 1613 1573 1643 abibit
1594 1613 1743 1644 velocius.

1410 1656 1427 1675 *
1442 1658 1485 1687 At
1500 1667 1574 1687 vero
1591 1663 1621 1687 et
1635 1657 1667 1687 in
1683 1657 1798 1687 minori
1814 1657 1896 1696 plus.
1913 1657 1948 1687 In
1964 1666 2029 1697 quo
2047 1657 2131 1687 enim
2146 1659 2175 1687 A
2191 1657 2309 1688 factum
2325 1663 2371 1687 est
2385 1656 2470 1687 iuxta

1477 1701 1584 1740 ipsum
1602 1701 1641 1739 D,
1661 1701 1767 1740 ipsum
1789 1701 1814 1730 B
1839 1700 1895 1730 erit
1909 1701 1993 1731 iuxta
2015 1701 2053 1738 E,
2071 1711 2144 1731 cum
2163 1700 2280 1731 tardius
2304 1706 2358 1730 est.
2384 1700 2468 1740 Ergo

1478 1744 1631 1784 quoniam
1654 1745 1761 1784 ipsum
1775 1746 1805 1774 A
1828 1744 1867 1773 ad
1890 1744 1995 1784 ipsum
2019 1744 2047 1774 D
2064 1743 2182 1774 factum
2202 1751 2248 1775 est
2269 1745 2301 1774 in
2325 1743 2413 1774 omni
2436 1744 2469 1773 in

1479 1798 1545 1827 quo
1570 1794 1615 1818 est
1633 1789 1671 1818 ΖΙ
1695 1794 1855 1827 tempore,
1879 1788 1919 1816 ad
1941 1787 2047 1827 ipsum
2070 1788 2099 1817 T
2123 1788 2179 1818 erit
2202 1788 2234 1817 in
2253 1787 2367 1818 minori
2387 1787 2468 1825 hoc;

1480 1838 1510 1862 et
1532 1831 1589 1861 erit
1617 1831 1649 1861 in
1677 1841 1742 1872 quo
1766 1831 1831 1861 ZK.
1862 1831 1971 1870 Ipsum
1999 1831 2128 1871 quidem
2155 1831 2249 1870 igitur
2277 1831 2351 1869 CT,
2382 1830 2470 1871 quod

1479 1874 1632 1905 transierit
1654 1875 1760 1914 ipsum
1776 1876 1815 1912 A,
1835 1874 1936 1904 maius
1961 1881 2006 1904 est
2025 1874 2094 1914 ipso
2115 1874 2179 1905 CE.
2203 1875 2348 1915 Tempus
2364 1881 2470 1904 autem

1480 1918 1568 1959 quod
1584 1925 1630 1949 est
1652 1919 1722 1956 ZK,
1739 1917 1844 1948 minus
1871 1924 1916 1948 est
1939 1918 2027 1948 omni
2050 1928 2088 1948 eo
2121 1918 2209 1958 quod
2234 1925 2279 1948 est
2301 1919 2354 1948 ZI:
2375 1927 2471 1958 quare

1479 1962 1512 1992 in
1535 1962 1651 1992 minori
1674 1962 1815 1992 transibit
1838 1961 1948 1991 maius.

1412 2005 1430 2024 ’¹‘
1445 2005 1648 2036 Manifestum
1663 2012 1770 2036 autem
1785 2015 1822 2035 ex
1837 2005 1884 2035 his
1901 2012 1931 2035 et
1945 2005 2033 2045 quod
2047 2004 2185 2035 velocius
2208 2005 2241 2034 in
2262 2004 2377 2035 minori
2393 2011 2472 2035 tem-

1480 2060 1557 2089 pore
1580 2049 1777 2089 pertransibit
1800 2049 1938 2089 aequale.

1415 2093 1577 2129 Quoniam
1600 2093 1685 2123 enim
1707 2093 1860 2123 maiorem
1882 2092 1915 2122 in
1938 2092 2054 2122 minori
2072 2091 2180 2122 transit
2201 2092 2344 2130 tardiori,
2364 2092 2471 2131 ipsum

1480 2143 1588 2168 autem
1611 2137 1787 2168 secundum
1810 2136 1950 2176 seipsum
1977 2142 2141 2176 acceptum
2163 2135 2196 2165 in
2225 2135 2308 2175 pluri
2330 2142 2472 2175 tempore

1479 2181 1634 2211 maiorem
1649 2180 1780 2218 minori,
1800 2187 1836 2210 ut
1851 2190 1931 2220 quae
1951 2186 1997 2210 est
2012 2180 2073 2210 LM
2090 2189 2125 2209 ea
2141 2189 2221 2219 quae
2245 2186 2290 2209 est
2306 2179 2379 2216 LX;
2402 2179 2472 2218 plus

1481 2224 1590 2264 utique
1609 2224 1666 2254 erit
1688 2230 1813 2263 tempus
1837 2223 1925 2264 quod
1947 2224 2018 2262 PR,
2042 2223 2075 2253 in
2098 2233 2163 2263 quo
2190 2223 2296 2263 ipsum
2315 2225 2344 2253 A
2366 2222 2474 2253 transit

1480 2268 1558 2305 LM,
1588 2277 1686 2307 quam
1715 2267 1804 2307 quod
1829 2274 1874 2297 est
1898 2266 1960 2305 PS,
1985 2267 2018 2296 in
2040 2276 2104 2307 quo
2136 2266 2244 2297 transit
2271 2266 2377 2306 ipsum
2406 2267 2472 2296 LX.

1480 2311 1586 2347 Quare
1609 2310 1634 2340 si
1656 2311 1710 2340 PR
1732 2317 1858 2350 tempus
1881 2310 1985 2340 minus
2009 2317 2055 2340 est
2078 2319 2116 2340 eo
2139 2310 2172 2340 in
2189 2319 2254 2350 quo
2275 2316 2321 2340 est
2349 2310 2417 2348 PH,
2441 2309 2474 2339 in

1480 2364 1546 2394 quo
1570 2354 1659 2394 quod
1682 2360 1728 2384 est
1754 2353 1871 2385 tardius
1904 2354 2013 2384 transit
2035 2354 2142 2393 ipsum
2164 2354 2240 2391 LX,
2265 2360 2295 2384 et
2317 2353 2405 2394 quod
2428 2359 2474 2383 est

1479 2398 1526 2428 ΡΞ
1549 2404 1693 2438 tempus,
1717 2398 1822 2427 minus
1846 2403 1891 2428 est
1921 2407 1959 2427 eo
1983 2397 2015 2427 in
2035 2407 2100 2438 quo
2126 2403 2172 2427 est
2193 2397 2270 2427 PH:
2293 2397 2364 2436 ipso
2388 2396 2473 2427 enim

1479 2442 1534 2472 PR
1557 2441 1662 2471 minus
1686 2447 1748 2480 est,
1773 2441 1894 2471 minore
1918 2447 2023 2471 autem
2053 2441 2158 2470 minus
2182 2447 2212 2470 et
2239 2441 2345 2480 ipsum
2367 2440 2473 2470 minus

1481 2492 1536 2515 est.
1562 2486 1666 2522 Quare
1689 2485 1722 2514 in
1754 2484 1868 2514 minori
1892 2484 2069 2514 movebitur
2087 2494 2142 2524 per
2165 2484 2303 2524 aequale.

1414 2528 1432 2547 *
1443 2529 1589 2569 Amplius
1602 2535 1719 2565 autem,
1736 2528 1761 2558 si
1777 2537 1871 2558 omne
1884 2537 2007 2558 necesse
2023 2527 2152 2568 quidem
2167 2534 2213 2557 est
2231 2534 2285 2557 aut
2300 2527 2332 2556 in
2351 2526 2473 2567 aequali

1482 2579 1536 2603 aut
1558 2572 1590 2602 in
1607 2572 1722 2602 minori
1745 2571 1848 2602 autin
1872 2571 1953 2611 pluri
1970 2571 2107 2609 moveri;
2131 2577 2162 2601 et
2176 2570 2264 2610 quod
2287 2570 2416 2610 quidem
2438 2569 2472 2600 in

1482 2616 1575 2656 pluri,
1598 2616 1716 2646 tardius
1739 2622 1799 2653 est,
1823 2615 1911 2655 quod
1929 2621 2036 2645 autem
2050 2615 2083 2644 in
2099 2613 2232 2654 aequali,
2252 2623 2350 2654 aeque
2365 2614 2471 2651 velox3

1482 2660 1621 2690 velocius
1637 2666 1743 2690 autem
1766 2669 1831 2689 non
1848 2665 1893 2689 est
1915 2659 2084 2698 aequaliter
2101 2658 2193 2688 velox
2216 2667 2317 2698 neque
2333 2657 2469 2687 tardius:

1483 2714 1586 2745 neque
1609 2703 1719 2743 utique
1741 2703 1774 2733 in
1790 2702 1871 2743 pluri
1895 2709 1949 2733 aut
1963 2701 2084 2742 aequali
2103 2706 2248 2731 movetur
2263 2701 2369 2741 ipsum
2387 2701 2472 2730 velo-

1484 2747 1560 2778 cius.
1577 2746 1775 2787 Relinquitur
1791 2746 1884 2786 igitur
1898 2745 1930 2775 in
1947 2745 2070 2776 minori.
2088 2746 2191 2782 Quare
2209 2755 2332 2775 necesse
2356 2751 2401 2774 est
2419 2754 2470 2774 ae-

1484 2791 1612 2832 qualem
1625 2790 1875 2831 magnitudinem
1889 2789 2004 2819 minori
2019 2796 2160 2829 tempore
2185 2788 2311 2819 transire
2323 2787 2471 2818 velocius.

1416 2834 1434 2853 *
1449 2835 1611 2872 Quoniam
1634 2841 1740 2865 autem
1764 2833 1867 2864 omnis
1881 2833 2011 2874 quidem
2033 2839 2140 2863 motus
2158 2833 2191 2862 in
2206 2838 2348 2871 tempore
2371 2838 2426 2869 est,
2443 2837 2473 2862 et

1483 2879 1517 2908 in
1547 2878 1636 2908 omni
1659 2884 1802 2918 ternpore
1830 2877 1977 2917 possibile
2000 2883 2046 2907 est
2072 2876 2207 2914 moveri;
2240 2885 2334 2905 omne
2366 2882 2473 2905 autem

1484 2922 1572 2963 quod
1594 2928 1752 2960 movetur,
1776 2921 1928 2960 contingit
1942 2927 1973 2951 et
1994 2920 2132 2950 velocius
2148 2919 2266 2950 moveri
2289 2926 2319 2949 et
2341 2918 2473 2956 tardius3

1483 2966 1516 2996 in
1540 2965 1628 2996 omni
1644 2972 1786 3006 tempore
1811 2965 1867 2995 erit
1880 2964 1986 3004 ipsum
2005 2964 2143 2994 velocius
2158 2970 2188 2994 et
2210 2962 2326 2993 tardius
2343 2962 2472 2993 moveri.

1418 3010 1504 3040 Haec
1527 3016 1633 3040 autem
1664 3019 1737 3039 cum
1761 3009 1838 3047 sint,
1863 3018 1986 3038 necesse
2010 3014 2055 3038 est
2078 3014 2108 3038 et
2137 3014 2262 3047 tempus
2286 3006 2473 3036 continuum

1483 3063 1559 3084 esse.
1574 3053 1654 3083 Dico
1669 3059 1775 3083 autem
1792 3052 1990 3090 continuum,
2008 3052 2096 3091 quod
2114 3058 2159 3081 est
2174 3050 2325 3081 divisibile
2344 3049 2376 3079 in
2391 3059 2470 3079 sern-

1483 3107 1538 3137 per
1566 3096 1740 3127 divisibilia.
1772 3095 1965 3126 Huiusmodi
1996 3095 2080 3125 enim
2109 3094 2274 3134 supposito
2305 3093 2473 3130 continuo,

1485 3150 1608 3171 necesse
1631 3147 1677 3171 est
1700 3147 1730 3170 et
1752 3147 1878 3179 tempus
1901 3139 2090 3170 continuum
2112 3148 2188 3168 esse.

1416 3185 1433 3204 *
1457 3184 1619 3221 Quoniam
1641 3184 1726 3214 enim
1763 3190 1925 3214 ostensum
1950 3189 1995 3213 est
2022 3182 2110 3222 quod
2136 3180 2273 3211 velocius
2302 3180 2335 3209 in
2357 3178 2471 3208 minori

1484 3235 1625 3267 ternpore
1641 3227 1782 3258 transibit
1795 3226 1935 3267 aequale,
1952 3225 1990 3256 sit
2005 3225 2092 3265 quod
2107 3224 2235 3264 quidem
2249 3223 2282 3253 in
2297 3231 2362 3262 quo
2377 3223 2405 3251 A
2419 3231 2470 3251 ve-

1482 3271 1594 3309 locius,
1618 3271 1706 3312 quod
1729 3277 1834 3301 autem
1854 3276 1899 3300 est
1921 3269 1952 3299 in
1976 3278 2041 3308 quo
2060 3268 2085 3298 B
2102 3267 2227 3304 tardius,
2243 3273 2272 3296 et
2291 3265 2330 3295 sit
2346 3272 2471 3295 motum

1483 3315 1516 3345 id
1538 3316 1626 3355 quod
1649 3314 1766 3345 tardius
1790 3320 1835 3344 est
1857 3322 1912 3353 per
1938 3310 2187 3350 magnitudinem
2217 3318 2297 3349 quae
2325 3315 2370 3338 est
2394 3308 2468 3347 CD,

1483 3358 1515 3388 in
1539 3368 1604 3399 quo
1629 3365 1674 3388 est
1700 3358 1737 3387 ΖΙ
1762 3364 1912 3396 tempore.
1954 3354 2154 3385 Manifestum
2186 3352 2279 3392 igitur
2306 3358 2352 3382 est
2383 3352 2471 3392 quod

1483 3402 1622 3432 velocius
1645 3402 1677 3431 in
1700 3400 1814 3430 minori
1842 3408 1939 3439 quam
1961 3398 2022 3428 hoc
2055 3396 2232 3427 movebitur
2254 3406 2310 3436 per
2338 3396 2470 3426 eandem

1484 3445 1749 3485 magnitudinem3
1773 3450 1803 3473 et
1826 3443 1864 3473 sit
1879 3448 2004 3472 motum
2018 3443 2047 3471 A
2069 3441 2099 3470 in
2116 3450 2182 3480 quo
2197 3446 2243 3470 est
2258 3439 2322 3470 ZT.
2355 3439 2471 3470 Iterum

1485 3496 1602 3526 autem,
1626 3487 1778 3529 quoniam
1793 3489 1822 3516 A
1845 3485 1933 3526 quod
1951 3491 1996 3515 est
2018 3483 2175 3521 velocius,
2199 3483 2231 3513 in
2260 3493 2298 3513 eo
2322 3483 2410 3523 quod
2425 3489 2471 3513 est

1484 3533 1539 3562 ZT
1569 3531 1710 3562 transivit
1739 3537 1838 3560 totam
1867 3538 1948 3569 quae
1985 3534 2030 3558 est
2052 3526 2127 3565 CD,
2158 3527 2265 3566 ipsum
2293 3526 2411 3557 tardius
2439 3526 2471 3556 in

1485 3575 1598 3605 eodem
1621 3581 1762 3614 ternpore
1783 3572 1939 3602 minorem
1961 3571 2086 3602 transit:
2106 3570 2145 3600 sit
2160 3570 2253 3610 igitur
2267 3569 2300 3600 in
2319 3579 2384 3610 quo
2401 3569 2470 3600 CK.

1485 3619 1647 3656 Quoniam
1671 3624 1775 3648 autem
1798 3615 1914 3647 tardius
1938 3615 2025 3656 quod
2041 3621 2086 3645 est
2101 3614 2205 3655 ipsum
2219 3614 2255 3652 B,
2275 3614 2307 3644 in
2326 3623 2364 3644 eo
2383 3613 2471 3654 quod

2264 3673 2293 3698 35

2492 836 2503 846 ⁸
2517 835 2571 863 Seq.
2587 842 2636 863 cap.
2653 842 2669 857 ι.

2492 861 2559 884 Text.
2575 867 2607 883 ιο.

2493 1138 2504 1149 “
2513 1138 2636 1165 (Σορ.η.Τ,

2495 1665 2506 1675 ‘
2520 1664 2588 1686 Text.
2603 1670 2634 1686 12.

2498 2013 2509 2023 '²
2523 2012 2591 2034 Text.
2606 2018 2635 2040 ¹3-

2498 2536 2507 2547 ·
2521 2535 2588 2557 Text.
2604 2542 2636 2564 ¹4·

2498 2840 2507 2850 “
2522 2839 2588 2861 Text.
2605 2845 2634 2867 ¹5·

2498 3186 2508 3197 ⁸
2522 3185 2591 3207 Text.
2605 3185 2637 3207 16.

2666 1154 2671 1160 .
2680 1144 2706 1160 u.
