2950 4004
4 106 18 145 {3-

2 145 14 169 (ζ

2 170 19 191 ,5

2 194 15 217 ’,τ

1 216 17 228 7(

59 641 68 650 ·
89 641 126 661 εει
145 638 198 660 add.
222 639 271 666 ab,

59 671 110 688 esee
122 665 175 687 add.
189 671 212 687 ι’.

16 847 20 873 ζ’
58 849 68 859 ·
83 848 221 870 continetur.
234 848 271 870 γὸ.

17 1091 20 1094 v
58 1059 68 1069 ·
82 1057 153 1080 Num.
167 1062 242 1085 praec.

1143 284 1254 321 CAP.
1282 284 1351 330 Vl,
1381 284 1531 321 LECT.
1560 285 1612 320 xi

297 373 352 403 est
378 365 609 414 imperfecta.
639 365 688 401 Et
708 364 950 401 manifestum
970 371 1025 400 est
1053 362 1168 412 quod,
1190 374 1276 399 cum
1296 369 1352 398 to-

295 418 368 456 tius
392 418 437 455 sit
456 418 658 465 continere,
679 417 859 454 materiae
884 423 1014 466 'autern
1035 414 1228 461 contineri,
1249 414 1352 463 quod

296 471 486 508 infinitum
513 471 738 519 inquantum
757 469 976 506 huiusmodi
995 480 1073 505 non
1093 467 1269 514 continet,
1286 466 1354 503 sed

298 524 525 560 continetur:
554 524 778 572 inquantum
803 522 941 558 scilicet
959 521 998 558 id
1017 520 1122 569 quod
1141 519 1188 556 de
1207 518 1352 555 infinito

299 583 354 613 est
381 576 419 613 in
447 584 544 624 actu,
565 588 716 625 semper
737 574 948 612 continetur
975 574 1023 609 ab
1052 572 1177 620 aliquo
1206 571 1352 618 maiori,

299 629 510 666 secundum
538 628 642 678 quod
669 626 846 677 possibile
876 634 930 663 est
957 625 1098 673 aliquid
1116 625 1136 646 '¹‘
1164 631 1266 660 extra
1294 636 1354 661 ac-

299 681 435 730 cipere.

352 747 389 783 7.
409 735 468 771 Ex
494 734 569 770 hoc
596 740 723 770 autem
742 731 847 779 quod
875 737 931 767 est
958 730 1052 767 sicut
1071 742 1138 766 ens
1165 729 1203 766 in
1221 736 1354 778 poten-

297 787 359 835 tia,
379 799 457 824 non
476 787 600 822 solum
628 786 703 821 hoc
722 784 900 832 sequitur,
922 784 1036 831 quod.
1054 782 1243 819 infinitum
1265 794 1354 818 con-

297 839 458 877 tineatur
477 839 497 859 *²
526 845 562 874 et
588 849 667 874 non
687 836 891 874 contineat:
921 835 989 872 sed
1009 835 1122 872 etiam
1146 842 1355 883 sequuntur

299 892 397 930 duae
425 889 518 927 aliae
547 889 819 926 conclusiones.
851 889 1024 935 Quarum
1051 900 1129 925 una
1158 895 1223 935 est,
1251 887 1354 936 quod

295 942 485 980 infinitum
504 942 728 990 inquantum
748 941 967 979 huiusmodi
988 948 1043 978 est
1060 941 1244 988 ignotum,
1266 940 1355 988 quia

297 1002 352 1033 est
379 995 474 1032 sicut
501 994 658 1031 materia
685 1007 764 1031 non
786 995 931 1032 habens
959 993 1138 1042 speciem,
1158 993 1254 1030 idest
1281 993 1355 1029 for-

296 1059 417 1095 mam,
437 1054 479 1084 ut
499 1047 640 1084 dictum
660 1055 715 1084 est
735 1048 770 1094 *ς
790 1046 947 1084 materia
966 1053 1093 1083 autem
1113 1058 1191 1082 non
1215 1057 1354 1093 cogno-

297 1100 410 1138 scitur
438 1099 508 1137 nisi
535 1112 604 1149 per
630 1100 805 1137 formam.

349 1153 434 1190 Alia
468 1153 659 1190 conclusio
690 1159 764 1201 est,
794 1165 891 1202 quae
925 1164 970 1189 ex
999 1151 1136 1188 eodem
1169 1151 1353 1200 sequitur,

297 1205 401 1255 quod
419 1205 609 1243 infinitum
628 1205 747 1254 magis
766 1206 880 1243 habet
899 1205 1084 1242 rationem
1102 1204 1218 1253 partis
1238 1216 1353 1253 quarn

2394 287 2462 334 137

1406 362 1530 409 totius,
1552 362 1639 411 quia
1658 363 1814 399 materia
1835 369 2076 412 comparatur
2094 363 2141 400 ad
2165 370 2287 399 totum
2305 371 2346 399 ut
2364 376 2462 412 pars.

1407 415 1456 450 Et
1483 423 1582 451 recte
1611 415 1799 452 infinitum
1829 428 1868 452 se
1897 417 2011 452 habet
2037 424 2078 453 ut
2105 428 2210 464 pars,
2239 415 2464 464 inquantum

1407 479 1485 503 non
1514 475 1569 504 est
1605 468 1651 504 de
1680 467 1762 516 ipso
1801 468 1971 517 accipere
2008 469 2078 505 nisi
2116 468 2280 517 aliquam
2317 476 2463 517 partem

1407 532 1445 556 ln
1473 527 1569 556 actu.

1462 573 1496 608 8.
1518 572 1665 609 Deinde
1691 585 1778 609 curn
1807 574 1914 610 dicit:
1949 575 2134 616 Quoniam
2153 575 2187 610 si
2204 573 2365 610 continet
2382 581 2463 621 etc„

1409 624 1570 661 excludit
1597 625 1818 673 opinionem
1851 627 2029 674 Platonis7
2055 627 2119 675 qui
2146 627 2314 675 ponebat
2341 626 2463 663 infini-

1408 684 1488 713 tum
1517 684 1595 713 tam
1623 677 1662 714 in
1690 678 1925 715 sensibilibus
1954 692 2070 728 quam
2098 679 2136 716 in
2164 679 2462 727 intelligibilibus.

1408 730 1457 766 Et
1476 729 1563 766 dicit
1590 730 1694 778 quod
1714 743 1759 767 ex
1778 732 1851 767 hoc
1871 732 2112 768 manifestum
2133 739 2188 768 est
2207 732 2319 768 etiam
2348 732 2463 780 quod,

1408 782 1438 818 si
1466 794 1648 830 magnum
1674 791 1709 820 et
1735 796 1911 832 parvum,
1933 784 2068 833 quibus
2093 785 2199 821 Plato
2229 784 2393 821 attribuit
2411 785 2465 821 in-

1408 835 1572 882 finitum,
1603 843 1689 872 sunt
1715 835 1753 872 in
1778 836 2015 874 sensibilibus
2045 844 2080 873 et
2107 837 2144 873 in
2176 836 2465 885 intelligibilibus

1408 894 1589 936 tanquam
1610 888 1837 926 continentia
1856 891 2024 938 (propter
2042 890 2118 926 hoc
2141 889 2246 938 quod
2275 890 2463 926 continere

1409 940 1618 977 attribuitur
1644 941 1822 987 infinito);
1844 942 2011 990 sequitur
2035 942 2140 991 quod
2166 942 2355 979 infinitum
2377 955 2464 979 con-

1408 993 1523 1029 tineat
1550 993 1799 1041 intelligibilia.
1831 995 1907 1032 Sed
1935 995 2009 1031 hoc
2044 995 2194 1032 videtur
2226 1007 2306 1031 esse
2335 995 2464 1032 incon-

1407 1045 1565 1082 veniens
1595 1053 1629 1082 et
1656 1046 1900 1094 impossibile,
1931 1048 2035 1096 quod
2064 1048 2273 1094 infinitum,
2305 1060 2392 1084 cum
2421 1048 2466 1084 sit

1407 1098 1579 1146 ignotum
1600 1106 1635 1135 et
1662 1098 2005 1147 indeterminatum,
2028 1101 2216 1137 contineat
2236 1107 2272 1136 et
2291 1100 2464 1137 determi-

1408 1158 1472 1188 net
1498 1151 1748 1198 intelligibilia.
1778 1153 1870 1188 Non
1909 1153 2009 1190 enim
2047 1153 2342 1190 determinantur
2376 1161 2465 1190 nota

1408 1216 1476 1253 per
1502 1204 1640 1252 ignota,
1662 1204 1729 1241 sed
1757 1204 1876 1253 magis
1906 1218 1925 1241 e
1955 1218 2153 1243 converso,

434 3647 503 3680 Opp.
522 3648 553 3672 D.
568 3647 681 3672 Tuomst:
699 3647 731 3673 T.
745 3648 775 3673 11.

2253 3652 2282 3678 18
