2982 4022
0 1434 18 1488 ΕΛΚ
73 1451 130 1478 grai
141 1457 171 1472 »u
179 1467 186 1478 ,

74 479 85 490 ⁸
99 480 188 500 tantum
202 477 255 499 add.
264 483 285 502 P,

74 507 185 542 quantum
199 504 235 525 ed.
247 509 271 524 a.

75 563 90 579 a
101 531 148 579 'fed
165 535 286 552 Post-*enuit

74 584 86 596 ⁶
100 589 169 605 unam
183 588 232 604 om.
245 588 267 603 Ρ.

76 636 84 645 ”
92 640 146 656 ene
152 633 286 656 ommmab.

75 793 86 805 ⁶
88 798 163 820 posse
169 791 286 814 om.codd.

76 825 125 840 exc.
136 824 178 840 un.

75 846 86 857 ⁸
94 845 186 867 tertium
196 850 244 866 om.
251 849 288 865 aei

75 877 215 896 xmmzrvxr
223 871 287 898 (pstlt

76 897 106 919 cf.
120 897 188 919 infra.

75 1061 87 1072 ⁸
114 1065 189 1087 vapor
218 1057 286 1079 codd.

75 1092 124 1108 exc.
149 1090 248 1107 cecum«.
276 1095 286 1099 -

75 1112 116 1134 vel
122 1111 212 1139 aliquid
217 1109 277 1131 codd
282 1126 288 1131 .

75 1143 126 1160 exc.
140 1143 182 1159 im.

75 1217 85 1226 '
99 1217 126 1237 nt
146 1221 194 1236 om.
217 1214 286 1236 codd.

74 1248 125 1264 exc.
139 1247 182 1263 ιω.

74 1321 87 1332 ⁸
101 1319 246 1341 contrarium
259 1324 288 1340 Ac

75 1351 216 1372 ixx-oqsvxr.

74 1426 87 1436 ⁴⁸
101 1424 190 1446 humidi
206 1423 291 1471 exst-§2

76 1479 101 1499 et
113 1449 263 1498 stammas?
280 1456 289 1471 ι

74 1529 87 1540 ¹·
101 1528 125 1549 in
140 1534 188 1549 om.
203 1533 224 1549 Ρ.
237 1538 247 1543 -
260 1527 290 1548 de

77 1561 126 1576 orn.
140 1554 208 1575 ruah.

77 1583 86 1591 ·
102 1581 146 1602 Ιιοε
160 1585 261 1607 Αωιρθ.

76 1687 86 1696 “
100 1685 194 1706 activae
206 1691 243 1706 zo.

75 1741 88 1754 ⁴
107 1742 184 1762 autem
213 1740 266 1762 add.

76 1767 149 1790 codd„
157 1773 207 1788 exc.
222 1773 262 1788 nu.

73 1794 87 1806 ⁴
94 1799 154 1822 ergo
161 1793 288 1815 omnnzab.

75 1845 156 1894 gaguia
170 1851 262 1867 puni-nm

77 2113 88 2123 ⁴
102 2113 139 2135 De
157 2113 229 2136 Caelo
242 2112 289 2140 111,

77 2146 101 2167 v,
110 2145 117 2161 1
125 2146 152 2168 sq
170 2155 175 2161 .
183 2139 290 2161 -che-

76 2166 143 2194 naph-
165 2171 228 2204 ‚jub
243 2172 258 2191 4
268 2168 290 2186 et

78 2191 290 2244 {thanat-31

81 2245 103 2254 ··
112 2243 176 2275 quod
182 2243 242 2264 enim
256 2243 290 2270 Pb,

2 2262 5 2272 ⁵
40 2269 43 2271 “
78 2269 232 2298 qumquidem
241 2275 291 2294 cxs,

80 2295 144 2324 quod
168 2294 259 2324 quidem
277 2301 291 2316 ι)

80 2328 292 2376 ῐωὲτοειίηιᾱίγιεεηι

81 2381 131 2422 f'f„
152 2399 220 2422 codd.
242 2405 291 2420 exc.

80 2432 196 2448 neema.

81 2453 93 2464 ⁸
106 2453 176 2474 etiam
196 2452 249 2474 add.
263 2458 292 2473 m:

81 2485 133 2501 ouz-

80 2587 94 2597 ⁸
106 2586 140 2608 ad
153 2592 200 2608 om.
219 2593 241 2607 P.

78 2692 94 2704 ⁸
106 2694 162 2713 eunt
168 2691 236 2714 codd.
244 2698 294 2714 exc.

82 2724 182 2740 namn.

81 2981 94 2993 ⁴
107 2981 171 3009 quoa
185 2987 220 3007 xz,
231 2988 279 3004 om.

79 3013 127 3035 1723
137 3014 171 3035 pc
185 3009 230 3030 lac.

1165 274 1374 320 CAP.VL

313 359 483 396 bandum
517 357 623 407 quod
656 356 841 393 contraria
873 368 951 392 non
988 354 1180 391 sufficiunt
1215 352 1263 389 ad
1299 351 1375 409 hoc

313 412 418 460 quod
447 423 492 447 ex
513 411 564 446 eis
590 416 814 458 generentur
842 421 912 445 res.
933 409 982 444 Et
1010 406 1098 455 quia
1117 405 1281 462 ratione-s
1302 403 1374 462 dis-

312 464 504 513 putativae
531 475 667 500 verum
697 461 963 498 concludunt*
986 458 1196 495 secundum
1223 456 1373 514 aliquid,

314 517 399 553 licet
417 517 438 538 ‘¹‘
466 529 545 553 non
565 515 778 552 secundum
797 521 931 559 totum,
954 524 998 548 ex
1026 511 1195 559 utrisque
1224 516 1374 546 rationi-

314 570 386 606 bus
412 582 530 606 unam
546 570 566 590 ’¹‘
593 568 790 605 veritatem
810 564 1008 603 concludit.
1038 565 1087 600 Et
1115 562 1203 600 dicit
1220 561 1325 611 quod
1345 561 1374 597 si

314 622 448 671 aliquis
462 629 569 671 putet
581 632 715 658 veram
736 631 816 656 esse
834 620 853 640 ²²⁴
871 618 1039 667 priorem
1059 616 1257 660 rationem,
1275 626 1374 662 quae
1394 644 1396 646 ,

313 675 502 724 probabat
519 672 702 723 principia
729 683 811 708 esse
840 669 1036 716 contraria,
1059 676 1094 705 et
1113 669 1211 705 hanc
1238 667 1374 704 imme-

316 728 413 765 diate
431 727 608 776 positam,
625 736 722 774 quae
742 724 878 772 probat
898 722 1085 759 contraria
1098 720 1282 770 principia
1296 732 1375 756 non

313 793 427 830 posse
441 781 462 801 *
479 779 670 824 sufficere;
691 777 739 813 ad
759 775 984 813 salvandum
1003 782 1203 823 utramque
1219 784 1373 809 necesse

316 840 371 870 est
390 832 513 869 dicere
533 831 638 879 quod
658 830 855 878 quoddam
882 828 1032 865 tertium
1050 829 1069 849 ’³‘
1089 828 1208 864 subsit
1228 832 1374 862 contra-

315 886 387 932 riis,
408 884 502 921 sicut
521 884 695 920 dixerunt
712 889 897 932 ponentes
912 888 1034 918 totum
1053 881 1275 917 universum
1292 891 1373 915 esse

313 944 486 974 naturam
515 936 710 985 quandam
736 948 870 982 unam,
899 934 1144 982 intelligentes
1172 946 1241 982 per
1267 938 1374 968 natu-

314 1002 397 1027 ram
425 990 635 1036 materiam,
656 989 751 1026 sicut
773 1001 913 1037 aquam
933 995 997 1025 aut
1015 987 1142 1034 ignem
1163 994 1226 1022 aut
1246 996 1374 1021 aerem

315 1050 379 1079 aut
406 1042 577 1079 medium
605 1043 757 1090 horum,
777 1049 819 1078 ut
837 1053 1024 1090 vaporem
1041 1041 1061 1061 ²³⁴
1090 1047 1154 1076 aut
1177 1038 1279 1076 aliud
1307 1038 1376 1073 hu-

315 1095 493 1133 iusmodi.
522 1097 572 1132 Et
598 1095 718 1143 magis
745 1095 896 1132 videtur
925 1094 971 1131 de
995 1092 1135 1130 medio.
1167 1093 1253 1128 Hoc
1273 1090 1375 1128 enim

314 1149 466 1186 tertium
494 1148 674 1196 accipitur
700 1155 742 1185 ut
766 1147 978 1189 subiectum
999 1145 1205 1191 contrariis,
1228 1152 1263 1181 et
1282 1156 1376 1193 quo—

317 1201 527 1239 dammodo
546 1209 588 1238 ut
602 1203 622 1221 “⁶
643 1201 858 1238 distinctum
878 1201 926 1237 ab
947 1200 1016 1237 eis:
1036 1199 1140 1236 unde
1159 1198 1251 1235 illud
1271 1196 1376 1246 quod

315 1255 441 1292 minus
468 1255 582 1291 habet
611 1253 658 1291 de
687 1253 964 1301 contrarietate,
995 1251 1281 1290 convenientius
1307 1263 1376 1299 po-

315 1308 416 1344 nitur
433 1302 584 1344 tertiurn
604 1307 831 1356 principium
850 1314 999 1356 praeter
1018 1305 1204 1342 contraria
1217 1305 1247 1341 ³¹⁸.
1279 1303 1377 1351 Ignis

317 1361 418 1398 enim
447 1368 484 1397 et
511 1367 609 1396 terra
638 1367 674 1397 et
701 1372 766 1397 aer
794 1367 829 1396 et
855 1372 955 1408 aqua
972 1359 1114 1396 habent
1139 1357 1376 1395 contrarieta-

315 1422 394 1451 tem
422 1422 631 1460 annexam,
661 1413 800 1450 scilicet
828 1412 936 1449 calidi
965 1419 1001 1448 et
1028 1411 1160 1460 frigidi,
1181 1410 1328 1448 humidi
1358 1411 1377 1431 ²³²

318 1474 353 1503 et
380 1466 488 1503 sicci:
517 1466 619 1503 unde
647 1479 726 1503 non
759 1465 1059 1502 irrationabiliter
1087 1464 1227 1501 faciunt
1254 1463 1378 1500 subie-

317 1527 420 1556 ctum
449 1518 590 1568 aliquid
605 1519 768 1555 alterum
796 1519 843 1554 ab
872 1518 942 1564 his,
963 1518 1001 1555 in
1021 1519 1041 1539 ’²⁴
1070 1530 1146 1567 quo
1177 1517 1302 1554 minus
1325 1524 1379 1553 est

317 1572 364 1609 de
398 1571 614 1608 excellentia
650 1571 938 1608 contrariorum.
975 1573 1067 1607 Post
1097 1571 1169 1607 hos
1195 1571 1214 1591 ’³²
1249 1578 1377 1606 autem

316 1625 451 1662 melius
471 1624 645 1661 dixerunt
664 1623 727 1672 qui
750 1631 961 1672 posuerunt
980 1636 1108 1660 aerem
1127 1623 1376 1671 principium:

316 1677 404 1727 quia
437 1677 476 1714 in
504 1689 590 1714 aere
623 1676 865 1713 inveniuntur
902 1676 1097 1725 qualitates
1130 1675 1338 1712 contrariae
1359 1676 1378 1696 *⁴

316 1730 442 1768 minus
462 1729 668 1767 sensibiles.
689 1731 782 1766 Post
799 1731 870 1766 hos
882 1730 901 1750 ²1³
917 1730 981 1777 qui
995 1737 1206 1778 posuerunt
1225 1741 1376 1777 aquarn.

317 1782 393 1830 Qui
420 1796 514 1820 vero
536 1784 794 1831 ²*posuerunt
824 1783 971 1830 ignem,
1006 1782 1171 1832 pessime
1207 1782 1379 1818 dixerunt

317 1844 502 1885 quantum
531 1836 578 1872 ad
606 1836 692 1882 hoc,
721 1835 825 1884 quod
847 1837 866 1857 Ἐ
894 1835 988 1884 ignis
1015 1836 1130 1872 habet
1158 1835 1377 1883 qualitatem

317 1889 544 1926 contrariam
573 1889 738 1925 maxime
759 1888 975 1925 sensibilem
996 1896 1032 1925 et
1052 1888 1172 1935 magis
1200 1887 1376 1935 activam,

317 1942 404 1991 quia
418 1942 457 1978 in
472 1942 555 1990 ipso
577 1948 632 1979 est
646 1942 862 1978 excellentia
882 1941 1005 1978 calidi:
1027 1941 1203 1990 quamvis
1223 1941 1253 1977 si
1273 1953 1377 1977 com-

315 2003 494 2044 parentur
521 1996 709 2032 elementa
736 1995 949 2043 secundum
968 1994 1221 2042 subtilitatem,
1242 1994 1378 2031 melius

315 2048 518 2085 videantur
534 2048 668 2085 dixisse
685 2048 748 2096 qui
763 2054 972 2097 posuerunt
991 2049 1117 2096 ignem
1135 2047 1376 2096 principium,

316 2109 358 2137 ut
376 2101 495 2137 alibi*
510 2100 659 2146 dicitur;
676 2101 764 2148 quia
784 2100 970 2150 quidquid
988 2103 1030 2123 *ὖ*
1051 2108 1106 2137 θεῖ
1125 2100 1306 2147 subtilius,
1322 2101 1377 2137 vi-

319 2153 428 2190 detur
446 2165 528 2189 esse
548 2153 753 2201 simplicius
774 2161 809 2189 et
826 2154 943 2202 prius.
965 2154 1075 2191 Unde
1095 2160 1234 2190 terram
1254 2155 1378 2190 nullus

317 2205 445 2254 posuit
471 2205 699 2253 principium
727 2213 881 2254 propter
908 2206 966 2242 sui
994 2205 1204 2253 grossitiem
1225 2207 1257 2243 ἢῆ

378 2270 390 2294 1
401 2259 434 2294 3.
456 2257 603 2294 Deinde
620 2271 708 2294 cum
724 2258 825 2295 dicit:
847 2259 922 2294 Sed
935 2271 1062 2295 omnes
1078 2270 1193 2295 unum
1209 2260 1279 2295 hoc
1295 2266 1376 2306 etc„

320 2310 482 2348 ostendit
509 2310 708 2358 quomodo
738 2323 825 2347 cum
846 2311 865 2331 ³²
885 2324 962 2348 uno
991 2311 1173 2348 materiali
1192 2311 1377 2360 principio

318 2370 528 2413 posuerunt
555 2364 575 2384 ²¹²
606 2363 789 2412 principia
828 2364 1022 2401 contraria.
1067 2365 1115 2400 Et
1152 2364 1239 2401 dicit
1275 2365 1378 2413 quod

319 2428 454 2452 omnes
481 2423 667 2463 ponentes
694 2429 815 2452 unum
843 2416 1036 2453 materiale
1063 2417 1303 2465 principium,
1326 2418 1379 2455 di-

321 2469 455 2505 cebant
473 2468 563 2505 illud
582 2469 734 2516 figurari
752 2470 814 2506 vel
842 2469 997 2506 formari
1017 2470 1210 2507 contrariis
1226 2469 1379 2519 quibus—

321 2521 422 2568 dam,
443 2529 484 2557 ut
511 2521 658 2558 raritate
683 2529 719 2558 et
746 2522 940 2569 densitate,
965 2535 1062 2570 quae
1082 2523 1312 2560 reducuntur
1331 2525 1380 2561 ad

320 2586 504 2621 magnum
525 2582 561 2611 et
586 2586 763 2622 parvum,
795 2582 830 2611 et
857 2576 906 2612 ad
926 2579 945 2596 t
967 2576 1222 2613 excellentiam
1252 2585 1287 2613 et
1315 2577 1378 2614 de-

321 2627 473 2664 fectum.
499 2628 548 2663 Et
567 2627 620 2663 sic
638 2627 713 2663 hoc
732 2628 837 2675 quod
856 2629 962 2664 Plato
982 2628 1118 2676 posuit,
1135 2629 1239 2677 quod
1257 2643 1378 2667 unum

323 2687 359 2716 et
376 2692 560 2727 magnum
580 2687 616 2716 et
639 2692 803 2728 parvum
823 2680 894 2717 sint
908 2682 927 2700 ⁴⁵
947 2681 1129 2729 principia
1154 2695 1291 2729 rerum,
1312 2683 1380 2720 fuit

323 2732 437 2768 etiam
457 2732 585 2780 opinio
605 2733 847 2780 antiquorum
862 2734 1100 2780 naturalium,
1117 2735 1184 2772 sed
1205 2735 1378 2772 differen-

321 2792 388 2821 ter.
418 2785 521 2821 Nam
541 2784 682 2833 antiqui
703 2785 982 2823 considerantes
1003 2787 1108 2835 quod
1126 2800 1202 2824 una
1221 2789 1378 2825 materia

320 2837 486 2874 variatur
511 2849 581 2885 per
609 2838 776 2875 diversas
803 2839 957 2886 formas,
985 2848 1193 2888 posuerunt
1228 2841 1303 2877 duo
1333 2854 1378 2878 ex

319 2897 426 2938 parte
445 2891 603 2936 formae,
620 2902 717 2938 quae
735 2899 789 2928 est
802 2891 1029 2941 principium
1045 2893 1191 2940 agendi,
1208 2901 1244 2929 et
1257 2906 1377 2930 unum

321 2954 367 2979 ex
394 2945 498 2990 parte
526 2943 718 2990 materiae,
748 2956 846 2992 quae
866 2952 920 2981 est
938 2945 1165 2994 principium
1192 2946 1376 2994 patiendi:

320 2994 389 3032 sed
403 2995 596 3044 Platonici,
610 2996 890 3034 considerantes
904 2998 1102 3046 quomodo
1119 3000 1138 3020 '¹‘
1154 2999 1191 3036 in
1206 3012 1282 3036 una
1296 3012 1379 3048 spe-

1405 273 1638 310 LECT.X1
2440 270 2487 320 39

1429 350 1484 386 cie
1505 350 1781 398 distinguuntur
1799 352 1918 388 multa
1946 351 2142 389 individua
2170 353 2380 389 secundum
2397 352 2489 390 divi-

1428 403 1576 439 sionem
1605 404 1797 451 materiae,
1823 412 2033 452 posuerunt
2059 417 2180 442 unum
2210 417 2255 441 ex
2281 412 2386 453 parte
2416 406 2490 441 for-

1429 468 1527 502 mae,
1540 468 1637 504 quae
1658 464 1712 493 est
1730 456 1956 505 principium
1977 457 2154 504 activum,
2173 465 2208 494 et
2223 457 2298 494 duo
2320 470 2366 494 ex
2384 466 2489 506 parte

1428 509 1619 556 materiae,
1641 521 1740 557 quae
1762 516 1817 545 est
1844 509 2070 558 principium
2098 510 2307 558 passivum.
2323 531 2348 537 -
2364 511 2412 547 Et
2437 510 2490 547 sic

1429 562 1619 598 concludit
1636 561 1843 610 principale
1859 562 2056 609 intentum,
2074 563 2213 599 scilicet
2228 563 2247 583 '²‘
2264 563 2368 611 quod
2382 576 2489 611 prae-

1427 614 1545 650 missa
1574 621 1610 650 et
1636 614 1771 651 similia
1797 615 2120 652 considerantibus
2149 615 2368 652 rationabile
2386 616 2491 652 vide-

1429 666 1526 703 bitur
1546 668 1565 688 *
1585 667 1689 715 quod
1722 668 1794 704 sint
1826 668 1895 704 tria
1927 675 2081 704 naturae
2112 668 2306 717 principia.
2337 669 2386 705 Et
2416 669 2491 705 hoc

1429 719 1516 756 dicit
1545 720 1745 767 designans
1774 732 1818 756 ex
1845 721 2105 769 probabilibus
2126 723 2145 743 ss
2164 721 2404 770 processisse.

1487 784 1543 819 14.
1575 773 1722 809 Deinde
1743 785 1831 809 curn
1853 773 1959 810 dicit:
1988 774 2105 810 Plura
2125 780 2249 811 autem
2268 775 2384 811 tribus
2406 781 2488 821 etc.,

1429 825 1592 862 ostendit
1615 826 1719 874 quod
1779 839 1858 863 non
1886 834 1973 863 sunt
2005 828 2115 875 plura
2146 827 2328 876 principia
2360 827 2489 874 tribus,

1429 879 1576 915 duabus
1596 878 1818 915 rationibus:
1844 891 2006 927 quarum
2031 880 2154 929 prima
2173 880 2254 917 talis
2279 888 2344 917 est.
2375 880 2492 927 Quod

1428 938 1553 979 potest
1580 932 1662 968 fieri
1689 944 1759 980 per
1785 932 1987 980 pauciora,
2018 933 2255 982 superfluum
2285 941 2340 970 est
2368 934 2398 970 si
2426 934 2493 970 fiat

1427 996 1497 1033 per
1514 985 1640 1032 plura3
1670 985 1738 1021 sed
1757 992 1835 1021 tota
1854 987 2044 1033 generatio
2074 999 2201 1023 rerum
2225 986 2452 1023 naturalium
2473 987 2493 1007 *

1428 1045 1552 1085 potest
1576 1038 1792 1086 compleri*
1806 1039 1988 1086 ponendo
2017 1052 2137 1076 unum
2165 1039 2393 1088 principium
2413 1052 2493 1076 ma-

1429 1091 1557 1127 teriale
1577 1098 1613 1127 et
1634 1091 1709 1127 duo
1730 1091 1915 1139 formalia,
1937 1092 2025 1140 quia
2046 1093 2095 1129 ad
2115 1093 2338 1141 patiendum
2358 1093 2495 1130 sufficit

1429 1156 1551 1180 unum
1581 1144 1773 1181 materiale
1806 1144 2046 1193 principium.
2082 1146 2158 1183 Sed
2193 1146 2222 1182 si
2252 1154 2377 1183 essent
2404 1159 2495 1195 qua-

1430 1204 1516 1234 tuor
1550 1197 1735 1246 principia
1768 1198 1973 1245 contraria,
2018 1206 2054 1235 et
2091 1199 2188 1235 duae
2225 1199 2372 1248 primae
2406 1212 2494 1236 con-

1429 1251 1655 1297 trarietates,
1691 1258 1883 1299 oporteret
1919 1251 2024 1300 quod
2060 1259 2219 1300 utraque
2254 1252 2495 1289 contrarietas

1430 1304 1588 1341 haberet
1615 1304 1717 1341 aliud
1747 1312 1782 1340 et
1801 1304 1902 1341 aliud
1922 1304 2151 1341 subiectum:
2177 1305 2265 1354 quia
2293 1318 2414 1342 unum
2435 1319 2495 1342 su-

1431 1357 1597 1394 biectum
1625 1357 1776 1394 videtur
1808 1370 1890 1394 esse
1918 1358 2043 1406 primo
2072 1358 2184 1394 unius
2214 1359 2494 1396 contrarietatis,

1432 1411 1480 1447 Et
1499 1410 1563 1458 sic,
1580 1410 1611 1447 si
1631 1411 1782 1447 duobus
1803 1411 1997 1448 contrariis
2012 1411 2143 1460 positis
2163 1419 2199 1448 et
2217 1425 2295 1448 uno
2312 1412 2494 1460 subiecto,

1430 1471 1592 1512 possunt
1609 1465 1629 1484 ’¹‘
1649 1476 1708 1500 res
1726 1464 1810 1500 fieri
1838 1464 1887 1501 ad
1918 1464 2096 1512 invicem,
2127 1466 2365 1513 superfluum
2390 1465 2495 1502 vide-

1430 1524 1491 1553 tur
1523 1517 1628 1565 quod
1659 1524 1824 1565 ponatur
1861 1517 1932 1553 alia
1970 1517 2224 1555 contrarietas.
2263 1519 2355 1555 Non
2387 1519 2497 1567 igitur

1431 1570 1612 1618 ponenda
1637 1577 1723 1606 sunt
1740 1569 1853 1618 'plura
1881 1582 1998 1618 quam
2026 1571 2096 1607 tria
2121 1571 2317 1620 principia.

1492 1624 1548 1660 15.
1580 1623 1798 1660 Secundam
1831 1623 2017 1659 rationem
2044 1624 2152 1672 ponit
2183 1624 2250 1661 ibi:
2285 1625 2405 1662 Simul
2430 1638 2496 1662 au-

1432 1682 1504 1712 tem
1534 1683 1630 1712 etc.:
1661 1688 1759 1724 quae
1792 1677 1873 1712 talis
1894 1684 1960 1713 est.
1992 1676 2031 1713 Si
2058 1678 2168 1725 plura
2200 1685 2286 1715 sunt
2313 1679 2498 1728 principia

1431 1741 1549 1777 quam
1573 1729 1654 1775 tria,
1675 1735 1825 1776 oportet
1850 1741 1930 1765 esse
1949 1730 2076 1778 plures
2095 1730 2238 1778 primas
2258 1732 2496 1769 contrarieta—

1432 1789 1499 1818 tes.
1529 1779 1605 1818 Sed
1633 1782 1707 1818 hoc
1732 1789 1788 1818 est
1819 1782 2066 1830 impossibile,
2083 1783 2171 1831 quia
2198 1784 2323 1832 prima
2351 1793 2497 1822 contra-

1433 1834 1543 1871 rietas
1571 1834 1722 1871 videtur
1742 1847 1824 1871 esse
1852 1835 1965 1883 primi
1984 1836 2142 1883 generis,
2164 1837 2270 1885 quod
2290 1844 2345 1873 est
2362 1851 2495 1887 unum,

1432 1887 1572 1924 scilicet
1609 1888 1827 1924 substantia.
1862 1888 1974 1925 Unde
2009 1889 2138 1926 omnia
2176 1890 2362 1927 contraria
2399 1904 2496 1940 quae

1432 1948 1519 1977 sunt
1552 1940 1594 1977 in
1630 1953 1767 1988 genere
1806 1942 2036 1978 substantiae
2073 1955 2152 1979 non
2191 1943 2368 1980 differunt
2386 1957 2497 1992 gene-

1433 2007 1484 2041 re,
1506 1994 1574 2030 sed
1602 2006 1642 2030 se
1663 1995 1805 2031 habent
1832 1995 2044 2032 secundum
2062 1997 2081 2017 ²¹*
2095 1996 2200 2044 prius
2229 2004 2265 2033 et
2290 1999 2495 2045 posterius3
2525 2009 2534 2020 “

1432 2047 1521 2095 quia
1548 2047 1587 2084 in
1614 2060 1692 2084 uno
1717 2060 1854 2095 genere
1881 2055 1937 2084 est
1964 2056 2110 2085 tantum
2138 2062 2215 2086 una
2244 2051 2496 2100 contrarietas,

1431 2100 1571 2137 scilicet
1588 2101 1724 2149 prima,
1750 2113 1795 2137 eo
1816 2101 1921 2150 quod
1941 2114 2076 2138 omnes
2098 2102 2191 2139 aliae
2217 2104 2496 2141 contrarietates

1431 2153 1608 2190 videntur
1636 2154 1766 2190 reduci
1794 2159 1805 2174 ⁹
1834 2154 1882 2190 ad
1910 2167 2027 2191 unam
2061 2155 2244 2203 primam3
2279 2165 2365 2193 sunt
2393 2158 2495 2194 enim

1432 2206 1578 2254 aliquae
1597 2207 1744 2255 primae
1774 2207 2005 2244 differentiae
2036 2209 2244 2246 contrariae
2273 2210 2409 2257 quibus
2444 2211 2496 2247 di-

1431 2259 1571 2296 viditur
1597 2272 1727 2307 genus.
1758 2261 1859 2307 Ergo
1888 2260 2039 2297 videtur
2067 2263 2171 2310 quod
2191 2275 2269 2299 non
2298 2263 2371 2300 sint
2389 2265 2497 2312 plura

1431 2312 1615 2360 principia
1644 2325 1760 2360 quarn
1789 2313 1868 2349 tria.
2213 2355 2217 2359 .
2364 2321 2367 2324 '

1486 2365 1817 2402 Considerandum
1838 2373 1893 2402 est
1912 2373 2040 2403 autem
2060 2367 2166 2415 quod
2184 2374 2390 2418 utrumque
2409 2383 2496 2419 pro-

1433 2418 1604 2455 babiliter
1624 2419 1765 2456 dictum
1786 2427 1851 2465 est,
1872 2419 2012 2456 scilicet
2031 2421 2212 2469 etssquod
2227 2422 2265 2458 in
2281 2423 2496 2460 substantiis

1433 2484 1510 2508 non
1531 2471 1576 2508 sit
1596 2472 1850 2518 contrarietas,
1881 2479 1916 2508 et
1935 2473 2039 2521 quod
2059 2473 2096 2509 in
2116 2475 2331 2512 substantiis
2356 2476 2402 2512 sit
2419 2489 2496 2513 una

1433 2524 1676 2561 contrarietas
1691 2525 1824 2573 prima.
1848 2525 1887 2561 Si
1902 2526 2003 2562 enim
2024 2526 2227 2575 accipiatur
2244 2528 2371 2577 ipsum
2391 2530 2496 2578 quod

1434 2585 1488 2614 est
1516 2578 1742 2624 substantia,
1778 2578 1868 2614 nihil
1897 2586 1953 2615 est
1987 2579 2020 2614 ei
2050 2580 2301 2617 contrarium:
2341 2582 2371 2618 si
2398 2595 2493 2619 vero

1433 2630 1663 2678 accipiantur
1694 2631 1872 2667 formales
1907 2631 2137 2669 differentiae
2170 2633 2208 2669 in
2240 2646 2378 2681 genere
2407 2636 2494 2672 sub-

1432 2684 1601 2730 stantiae,
1633 2684 1876 2720 contrarietas
1904 2684 1942 2720 in
1972 2684 2025 2721 eis
2053 2685 2254 2723 invenitur.

1492 2738 1548 2773 16.
1579 2737 1720 2773 Ultimo
1750 2744 1877 2773 autem
1904 2738 2010 2786 quasi
2036 2739 2263 2786 epilogando
2291 2740 2492 2787 concludit,

1433 2789 1538 2838 quod
1566 2802 1691 2838 neque
1711 2790 1756 2826 sit
1773 2803 1895 2826 unum
1915 2798 2059 2827 tantum
2085 2792 2311 2841 principium
2332 2806 2456 2842 neque
2473 2795 2492 2815 ²¹²
2520 2806 2529 2815 ·

1432 2843 1540 2890 plura
1569 2843 1719 2879 duobus
1747 2844 1809 2880 vel
1837 2844 1966 2880 tribus.
1998 2844 2073 2881 Sed
2097 2852 2224 2882 utrum
2247 2847 2423 2883 *horum
2448 2847 2494 2884 sit

1431 2908 1589 2942 verum,
1627 2896 1742 2932 habet
1782 2897 1941 2933 multam
1981 2897 2276 2945 dubitationem,
2316 2899 2411 2936 sicut
2448 2913 2493 2937 ex

1431 2949 1648 2997 praemissis
1675 2956 1793 2998 patet,
1823 2950 1961 2986 scilicet
1988 2958 2115 2987 utrum
2144 2951 2216 2988 sint
2244 2952 2321 2989 duo
2345 2960 2492 2990 tantum

1432 3002 1494 3038 vel
1522 3001 1602 3039 tria.

373 3159 398 3192 ν)
416 3160 539 3185 videntur
557 3161 744 3186 redama-Pro
763 3162 894 3191 videntur,
910 3164 980 3195 quod
998 3171 1052 3188 om.
1070 3164 1214 3197 AKTVpX,
1230 3165 1326 3190 habent
1345 3166 1375 3190 Cl
1430 3167 1568 3192 ab.—Lin.
1581 3175 1638 3201 seq.
1652 3176 1699 3200 pro
1710 3169 1823 3200 primae,
1835 3178 1888 3203 quo
1898 3171 1968 3196 dom.
1980 3172 2012 3200 Y,
2019 3173 2148 3204 propriae
2164 3151 2396 3206 AIOQSTvpr;
2410 3174 2430 3198 F
2445 3174 2491 3199 ha—

321 3194 402 3224 LQS3
421 3195 445 3219 O
465 3203 518 3220 om.
538 3196 669 3226 videntur,
690 3198 736 3221 sed
761 3198 822 3228 legit
846 3198 1117 3224 reducuntur.—-Post
1136 3200 1254 3231 primam
1280 3201 1377 3225 addunt

321 3229 538 3255 contrarietatem
556 3231 857 3264 ABCIKLOQSTVXY3
877 3241 924 3266 pro
943 3234 1012 3258 Sunt
1025 3234 1103 3263 enim,
1119 3235 1189 3259 Sunt
1201 3239 1290 3260 autem
1305 3236 1375 3260 PMN

1431 3201 1474 3226 bet
1492 3203 1609 3243 lacu-nam
1629 3204 1760 3235 maiorem,
1780 3213 1833 3230 om.
1853 3206 1921 3230 enim
1940 3207 2038 3232 scilicet
2051 3208 2188 3239 prima...
2207 3209 2361 3234 substantiis
2383 3209 2419 3234 sit
2437 3216 2491 3234 una

1430 3241 1616 3264 contrarietas.

2517 567 2527 578 ⁸
2542 566 2631 588 scilicet
2637 572 2684 587 om.
2699 572 2730 587 pu

2517 593 2571 614 nab.
2580 604 2590 609 -
2602 592 2728 620 praedicta

2517 625 2584 640 neon.

2517 672 2527 683 ⁸
2544 671 2635 692 videtur
2648 671 2715 692 codd.

2518 702 2539 719 et
2553 704 2568 718 a
2577 698 2597 719 b.

2517 729 2528 740 ¹⁸
2543 735 2569 749 se
2585 728 2638 750 add.
2649 734 2729 750 ucnnz.

2518 834 2528 844 ι

2536 832 2650 860 quomodo
2660 839 2705 854 pou

2518 859 2573 881 nab.

2520 992 2529 1002 ι

2535 993 2620 1012 natura
2624 990 2677 1011 Itum
2684 996 2732 1011 om.

2520 1017 2571 1038 rab.

2519 1048 2531 1059 ῃ

2539 1049 2570 1068 al.
2581 1047 2618 1068 Ira
2627 1047 2736 1074 copulari

2521 1074 2574 1095 add⁴
2589 1080 2608 1095 s.

2522 1475 2533 1486 ι

2552 1475 2647 1502 possint
2666 1481 2735 1497 curto

2523 1508 2593 1527 str.

2521 2436 2532 2447 ι

2520 2838 2533 2852 V

2519 2863 2530 2873 ¹4

2519 2895 2532 2910 Ζ

2549 2009 2611 2030 sicut
2622 2009 2690 2030 raab,

2547 2438 2569 2457 el
2583 2442 2631 2458 om.
2645 2443 2722 2459 nom.

2544 2806 2580 2827 vel
2598 2812 2732 2832 Λθικιοαιιτ

2535 2838 2586 2853 xvz.

2538 2862 2599 2884 idest
2605 2863 2668 2891 quod
2677 2864 2732 2885 add.
