2898 3996
162 2246 171 2254 ·
182 2244 295 2271 mceperit
305 2250 325 2270 γ,
337 2244 372 2264 ἰη-

161 2271 267 2298 ciperem
280 2270 315 2291 ob.

162 2303 171 2311 ·
179 2301 284 2329 suerunt
297 2307 318 2322 P.

168 3225 176 3233 ·
192 3222 261 3245 Num.
278 3229 305 3245 η.

408 271 482 318 372

404 349 660 393 voluntatem,
696 345 790 382 sicut
822 345 944 381 forma
978 342 1154 380 naturalis
1191 343 1230 379 in
1267 343 1461 391 agentibus

404 413 474 449 per
501 407 685 436 naturam.

465 465 521 500 19.
545 452 619 488 Sed
640 450 764 486 adhuc
779 448 896 496 magis
915 448 1035 484 instat.
1053 448 1145 484 Non
1165 446 1266 484 enim
1284 446 1461 484 videmus

405 505 509 553 quod
537 504 712 540 voluntas
739 508 943 550 postponat
979 501 1101 536 facere
1135 499 1239 549 quod
1267 500 1363 546 vult,
1394 499 1462 535 nisi

404 563 558 605 propter
576 556 650 592 hoc
670 554 774 603 quod
802 553 939 601 aliquid
960 560 1195 600 exspectatur
1213 552 1252 588 in
1276 552 1460 597 futurum,

405 609 508 657 quod
526 608 699 645 nondum
719 615 774 644 est
787 607 824 643 in
843 605 1048 655 praesenti,
1069 604 1163 641 sicut
1177 603 1208 640 si
1227 604 1318 640 volo
1338 604 1460 640 facere

404 662 531 709 ignem
551 673 629 697 non
652 672 765 706 nunc,
786 659 853 695 sed
871 665 1015 707 postea,
1042 664 1278 705 exspectatur
1305 656 1344 692 in
1363 657 1460 692 futu-

405 726 489 750 rum
510 713 633 760 frigus,
654 712 759 749 cuius
788 723 901 748 causa
929 710 1024 746 facio
1052 710 1196 757 ignem3
1224 710 1286 745 vel
1315 709 1364 745 ad
1392 708 1461 744 mi-

404 779 475 802 nus
495 772 729 814 exspectatur
751 762 962 813 praesentia
981 762 1174 810 temporis.
1197 761 1313 808 Quod
1333 768 1460 797 autem

402 826 554 866 tempus
582 817 759 854 succedat
785 823 872 865 post
899 822 1060 863 tempus,
1084 815 1159 851 hoc
1187 826 1265 850 non
1293 821 1348 850 est
1377 813 1460 850 abs-

404 883 478 919 que
507 878 631 907 motu:
662 882 740 906 non
769 881 857 916 ergo
885 875 1110 916 potestesse
1139 866 1244 915 quod
1270 867 1459 912 voluntas,

404 924 515 960 etiam
534 923 563 959 si
590 930 752 971 ponatur
774 920 1029 966 immutabilis,
1050 926 1255 968 postponat
1282 919 1404 955 facere
1423 918 1462 956 id

404 976 509 1024 quod
536 977 628 1022 vult,
650 975 719 1012 nisi
747 974 871 1022 aliquo
891 980 999 1009 motu
1027 972 1312 1009 interveniente.
1333 973 1383 1008 Et
1409 971 1461 1008 sic

403 1041 481 1065 non
500 1035 623 1077 potest
642 1040 723 1064 esse
752 1027 855 1075 quod
875 1038 978 1063 nova
1004 1025 1203 1074 productio
1223 1037 1351 1062 rerum
1373 1036 1461 1073 pro-

401 1081 529 1118 veniat
557 1094 579 1117 a
600 1081 794 1117 voluntate
823 1087 986 1124 aeterna,
1007 1078 1076 1115 nisi
1095 1077 1350 1114 mediantibus
1378 1090 1461 1114 mo-

402 1135 499 1171 tibus
515 1132 800 1170 succedentibus
819 1132 888 1168 sibi
901 1132 939 1168 in
959 1130 1193 1168 infinitum.-
1206 1131 1314 1167 Latet
1333 1138 1460 1167 autem

402 1188 454 1225 sic
491 1186 728 1231 obiicientes,
760 1185 864 1234 quod
892 1185 987 1221 haec
1016 1183 1176 1220 obiectio
1194 1230 1196 1233 .
1215 1183 1386 1231 procedit
1413 1183 1461 1220 de

401 1247 534 1287 agente
569 1239 606 1275 in
642 1246 832 1286 tempore,
863 1237 967 1286 quod
1006 1236 1142 1273 scilicet
1179 1236 1251 1283 agit
1287 1244 1461 1285 tempore

401 1291 708 1341 praesupposito:
738 1291 777 1327 in
804 1289 1023 1327 huiusmodi
1052 1289 1155 1326 enim
1185 1289 1332 1325 actione
1361 1301 1460 1337 quae

401 1347 444 1382 fit
471 1344 508 1381 in
537 1352 721 1393 tempore,
754 1350 901 1392 oportet
922 1342 1170 1379 considerare
1204 1341 1370 1391 aliquam
1398 1343 1461 1379 de-

401 1397 639 1435 terminatam
667 1395 928 1434 habitudinem
957 1395 1005 1432 ad
1033 1395 1107 1431 hoc
1135 1402 1297 1443 tempus,
1323 1395 1384 1431 vel
1413 1395 1462 1431 ad

402 1451 543 1499 aliquid
573 1462 706 1487 eorum
736 1461 834 1498 quae
854 1455 940 1485 sunt
963 1448 1001 1484 in
1029 1449 1104 1484 hoc
1131 1455 1316 1495 tempore,
1336 1454 1377 1484 ut
1395 1447 1462 1484 fiat

402 1504 521 1551 magis
550 1503 588 1539 in
619 1503 693 1540 hoc
725 1510 897 1550 tempore
936 1513 1051 1548 quam
1079 1501 1118 1536 in
1145 1499 1230 1536 alio.
1262 1500 1339 1537 Sed
1367 1500 1462 1536 haec

402 1557 495 1593 ratio
516 1557 642 1592 locum
663 1567 741 1592 non
760 1555 874 1591 habet
902 1554 939 1590 in
959 1561 1092 1601 agente
1119 1553 1335 1599 universali,
1356 1553 1462 1602 quod

403 1616 438 1646 et
475 1609 599 1657 ipsum
637 1617 788 1656 tempus
826 1607 937 1643 simul
975 1618 1063 1642 cum
1108 1605 1237 1642 ceteris
1274 1605 1460 1654 producit.

403 1663 503 1698 Cum
533 1661 634 1697 enim
655 1660 814 1697 dicimus
835 1671 893 1696 res
922 1671 1001 1696 non
1021 1671 1173 1707 semper
1194 1658 1306 1695 fuisse
1336 1671 1358 1695 a
1376 1660 1461 1695 Deo

400 1714 616 1763 productaS,
637 1725 714 1750 non
744 1712 982 1759 intelligimus
1011 1711 1116 1760 quod
1149 1711 1338 1748 infinitum
1367 1719 1462 1748 tem-

400 1780 472 1816 pus
499 1766 754 1815 praecesserit,
780 1765 818 1801 in
846 1777 923 1814 quo
953 1766 1068 1801 Deus.
1086 1765 1134 1800 ab
1163 1764 1311 1811 agendo
1341 1777 1462 1800 cessa-

400 1819 507 1866 verit,
529 1826 564 1855 et
591 1818 839 1868 postmodum
869 1825 1041 1866 tempore
1071 1816 1322 1854 determinato
1352 1829 1461 1864 agere

403 1873 558 1921 ceperit:
589 1872 656 1908 sed
684 1871 790 1919 quod
818 1872 924 1907 Deus
952 1878 1104 1918 tempus
1133 1876 1168 1905 et
1196 1881 1256 1906 res
1284 1869 1396 1906 simul
1424 1869 1462 1906 in

401 1938 482 1962 esse
502 1924 721 1973 produxerit
739 1931 943 1972 postquam
963 1935 1041 1959 non
1060 1922 1218 1958 fuerant.
1245 1923 1294 1959 Et
1312 1922 1364 1959 sic
1384 1935 1462 1959 non

401 1986 513 2015 restat
541 1978 579 2014 in
608 1977 736 2014 divina
763 1977 958 2013 voluntate
989 1974 1327 2022 considerandum,
1357 1975 1462 2024 quod

400 2030 563 2067 voluerit
594 2031 716 2066 facere
755 2042 812 2066 res
841 2041 919 2065 non
947 2036 1038 2064 tunc
1072 2027 1139 2064 sed
1171 2035 1325 2075 postea,
1355 2028 1462 2076 quasi

401 2091 573 2131 tempore
594 2083 671 2119 iam
692 2082 887 2118 existente:
910 2081 978 2118 sed
998 2080 1316 2117 considerandum
1336 2082 1461 2118 solum

402 2143 458 2172 est
484 2137 570 2183 hoc,
600 2136 705 2184 quod
733 2134 852 2171 voluit
879 2134 984 2182 quod
1019 2146 1078 2169 res
1107 2139 1143 2169 et
1174 2140 1324 2181 tempus
1353 2134 1462 2170 dura-

401 2189 512 2225 tionis
542 2201 674 2225 earum
698 2187 939 2236 inceperint*
960 2199 1040 2223 esse
1060 2193 1265 2234 postquam
1284 2198 1364 2222 non
1384 2187 1461 2223 fue-

403 2250 486 2279 rant
494 2242 524 2278 *.
541 2263 565 2269 -
579 2242 618 2278 Si
638 2248 765 2278 autem
781 2247 983 2289 quaeratur
1002 2251 1119 2287 quare
1139 2239 1214 2274 hoc
1227 2238 1358 2285 voluit,
1379 2239 1460 2275 sine

402 2295 517 2332 dubio
548 2294 752 2331 dicendum
782 2301 836 2329 est
860 2292 963 2340 quod
983 2299 1137 2340 propter
1156 2291 1335 2340 seipsum.
1358 2292 1462 2328 Sicut

402 2347 502 2384 enim
540 2355 694 2395 propter
721 2346 887 2394 seipsum
927 2357 986 2381 res
1015 2344 1119 2390 fecit,
1147 2351 1190 2380 ut
1216 2344 1254 2380 in
1288 2344 1340 2381 eis
1369 2357 1460 2382 suae

401 2400 576 2437 bonitatis
605 2399 809 2436 similitudo
830 2398 1151 2443 manifestaretur;
1171 2397 1221 2433 ita
1250 2397 1368 2433 voluit
1397 2410 1460 2434 eas

402 2465 479 2490 non
508 2465 659 2501 semper
680 2464 771 2498 esse,
793 2458 834 2488 ut
861 2464 930 2487 sua
953 2450 1176 2487 sufficientia
1205 2450 1460 2487 manifestare-

401 2514 471 2553 tur,
493 2505 530 2542 in
549 2507 624 2542 hoc
652 2505 756 2553 quod
785 2504 963 2541 omnibus
992 2503 1070 2540 aliis
1099 2515 1178 2539 non
1207 2503 1459 2551 existentibus,

401 2559 481 2607 ipse
510 2559 547 2594 in
576 2558 701 2607 seipso
732 2570 890 2594 omnem
923 2556 1187 2593 sufficientiam
1221 2556 1461 2594 beatitudinis

401 2611 543 2658 habuit,
565 2619 601 2648 et
618 2610 763 2647 virtutis
783 2610 831 2647 ad
852 2622 978 2646 rerum
998 2609 1302 2658 productionem.
1320 2610 1369 2646 Et
1386 2610 1462 2646 hoc

401 2664 557 2712 quidem
586 2664 657 2701 dici
677 2671 801 2712 potest
819 2671 1005 2711 quantum
1024 2663 1193 2699 humana
1212 2662 1305 2698 ratio
1326 2674 1461 2710 capere

400 2725 525 2765 potest
552 2718 598 2754 de
633 2716 788 2753 divinis:
825 2717 931 2752 salvo
965 2723 1094 2752 tamen
1129 2723 1273 2752 secreto
1310 2715 1461 2752 divinae

402 2770 617 2818 sapientiae,
638 2770 743 2818 quod
762 2782 784 2805 a
804 2769 914 2805 nobis
935 2768 1208 2817 comprehendi
1228 2780 1306 2804 non
1325 2775 1460 2816 potest.

456 2834 517 2859 20.
548 2823 648 2869 Quia
673 2823 781 2870 igitur
808 2822 919 2858 huius
949 2821 1103 2858 rationis
1127 2821 1262 2858 solutio
1291 2822 1463 2870 procedit

403 2876 653 2924 supponendo
683 2875 788 2923 quod
807 2883 958 2923 tempus
986 2887 1064 2911 non
1083 2874 1192 2911 fuerit
1220 2886 1383 2923 semper,
1405 2887 1461 2911 re-

404 2935 473 2964 stat
501 2929 647 2965 solvere
678 2928 861 2964 rationem
890 2940 959 2976 per
987 2940 1103 2976 quam
1136 2927 1284 2964 ostendi
1312 2927 1463 2964 videtur

403 2988 553 3029 tempus
581 2993 732 3029 semper
770 2981 900 3017 fuisse:
931 2989 967 3017 et
996 2981 1082 3017 ideo
1112 2981 1206 3017 forte
1243 2981 1462 3017 Aristoteles

403 3041 489 3081 post
517 3034 701 3070 rationem
723 3033 768 3070 de
798 3041 905 3070 motu
928 3034 1054 3082 posuit
1082 3034 1268 3070 rationem
1293 3033 1339 3070 de
1367 3041 1461 3070 tem-

403 3098 508 3134 pore,
531 3086 618 3135 quia
647 3086 897 3123 consideravit
926 3087 1030 3135 quod
1053 3087 1262 3135 praemissa
1291 3086 1384 3123 ratio
1415 3087 1461 3124 de

404 3147 511 3175 motu
541 3139 749 3176 efficaciam
770 3152 848 3176 non
867 3139 1034 3186 haberet,
1056 3140 1125 3176 nisi
1145 3147 1349 3188 poneretur
1367 3147 1461 3176 tem-

404 3204 476 3239 pus
496 3200 703 3229 aeternum.
726 3192 842 3239 Quod
862 3205 950 3240 ergo
977 3192 1063 3229 dicit
1081 3193 1144 3239 ⁷³³²,
1165 3193 1269 3241 quod
1289 3193 1461 3241 quando-

406 3256 569 3292 cumque
599 3253 653 3281 est
681 3253 843 3293 tempus,
869 3257 1023 3282 necesse
1054 3253 1108 3282 est
1135 3258 1278 3294 ponere
1309 3245 1462 3294 aliquod

460 3374 487 3403 r.)
505 3373 582 3402 Quod
593 3381 657 3405 ergo
672 3374 743 3399 dicit.
757 3388 775 3393 -
789 3374 838 3399 Pro
853 3375 930 3405 dicit,
950 3377 1020 3408 quod
1035 3376 1157 3401 omittunt
1175 3376 1281 3401 ΑΙΚΧΥ
1301 3381 1326 3400 et
1344 3377 1421 3401 editio
1439 3385 1464 3406 a,

403 3407 481 3438 ponit
494 3408 536 3432 Pb.
550 3409 639 3433 —Post
659 3409 750 3433 lineam
771 3417 817 3441 pro
836 3418 912 3435 omne
931 3414 1018 3436 autem
1039 3419 1122 3440 nunc,
1143 3412 1213 3444 quod
1232 3411 1326 3436 habent
1346 3411 1422 3437 Pinna
1442 3417 1466 3436 et

408 3442 498 3467 Venet.
518 3443 590 3471 1551.
606 3451 674 3469 nunc
688 3448 775 3469 aulem
795 3453 871 3470 omne
887 3446 987 3470 codices
1001 3451 1026 3470 et
1040 3447 1164 3471 editiones
1179 3454 1196 3471 a
1207 3446 1230 3471 b.
1243 3460 1262 3464 —
1276 3446 1311 3471 lbi
1326 3450 1355 3471 ut
1368 3447 1467 3472 scilicet

407 3476 444 3500 sic
463 3477 600 3508 quodlibet,
615 3482 642 3503 ut
657 3479 753 3504 scillcet
771 3480 808 3505 sic
827 3481 897 3512 quod
915 3481 1048 3513 quodlibet
1063 3482 1141 3506 Piana
1156 3487 1180 3507 et
1193 3482 1284 3507 Venet.
1302 3481 1374 3513 1504,
1393 3482 1467 3513 1551,

409 3513 437 3534 ut
455 3511 551 3537 scilicet
570 3513 606 3537 sic
625 3514 695 3545 quod
714 3514 739 3539 in
759 3515 892 3547 quodlibet
910 3516 1000 3541 Venet.
1021 3516 1094 3548 1545.

1007 265 1351 302 PHYSICORUM
1378 265 1725 302 ARISTOTELIS
1755 266 1848 302 LIB.
1877 266 1964 302 VIII

1518 355 1619 379 nunc
1648 355 1742 389 esse,
1763 343 2017 381 indubitanter
2041 345 2328 384 concedendum
2358 355 2428 384 est:
2458 359 2576 385 omne

1519 403 1645 431 autem
1674 407 1776 432 nunc
1805 408 1887 432 esse
1914 396 2142 445 principium
2172 405 2207 434 et
2233 398 2352 436 finem
2380 400 2574 449 temporis,

1518 447 1677 484 concedi
1707 460 1786 484 non
1814 455 1974 497 oportet,
1996 449 2066 486 nisi
2091 457 2256 498 ponatur
2283 451 2397 489 etiam
2425 460 2575 490 motum

1516 511 1669 548 semper
1683 512 1782 546 esse;
1802 507 1843 537 ut
1857 501 1995 538 scilicet
2009 501 2062 538 sic
2081 502 2277 550 quodlibet
2295 503 2519 541 indivisibile
2537 505 2577 542 in

1516 558 1624 588 motu
1643 560 1852 601 acceptum,
1873 553 1980 602 quod
2001 561 2229 592 momentum
2250 555 2393 602 dicitur,
2413 556 2459 594 sit
2476 557 2576 605 prin-

1517 604 1657 653 cipium
1678 612 1714 642 et
1731 605 1817 642 finis
1846 613 1988 643 motus:
2009 607 2062 643 sic
2082 607 2184 644 enim
2211 619 2252 644 se
2275 608 2390 645 habet
2407 621 2509 646 nunc
2527 610 2577 647 ad

1516 664 1768 704 momentum,
1786 658 1880 695 sicut
1894 666 2045 708 tempus
2064 660 2114 696 ad
2128 667 2288 698 motum.
2306 660 2347 698 Si
2366 673 2454 709 ergo
2469 662 2577 710 poni-

1516 722 1602 746 mus
1622 718 1772 747 motum
1792 712 1811 732 ⁵³
1832 723 1909 748 non
1928 724 2080 761 semper
2098 712 2224 760 fuisse,
2245 713 2313 750 sed
2332 721 2387 750 est
2407 714 2576 763 accipere

1516 762 1670 811 aliquod
1697 763 1864 812 primum
1890 764 2114 802 indivisibile
2143 765 2181 802 in
2210 773 2328 812 mom,
2358 773 2444 803 ante
2471 767 2577 816 quod

1515 815 1606 852 nihil
1634 815 1702 852 fuit
1720 824 1864 863 motus;
1885 817 1952 854 erit
1972 817 2084 854 etiam
2103 818 2274 867 accipere
2295 818 2448 867 aliquod
2475 831 2577 857 nunc

1515 867 1554 904 in
1581 875 1766 916 tempore,
1786 877 1871 905 ante
1901 870 2005 918 quod
2032 883 2111 907 non
2139 871 2206 907 fuit
2232 870 2386 920 aliquod
2413 879 2575 920 tempus.

1570 922 1650 958 Iam
1684 927 1812 957 autem
1845 922 2080 959 ostendimus
2095 923 2128 969 ³¹,
2149 925 2374 972 exponendo
2403 924 2575 973 litteram,

1516 974 1620 1022 quod
1649 973 1688 1010 id
1716 973 1820 1022 quod
1848 973 2039 1011 Averroes
2068 975 2156 1012 dicit
2183 977 2232 1013 ad
2263 977 2362 1013 hanc
2390 977 2576 1014 rationem

1517 1026 1833 1073 confirmandam,
1865 1027 2073 1064 efficaciam
2102 1040 2180 1064 non
2207 1029 2332 1066 habet.
2363 1030 2439 1067 Sed
2467 1042 2538 1067 nec
2556 1031 2576 1051 '¹‘

1509 1079 1606 1116 villud
1623 1079 1727 1128 quod
1746 1079 1965 1116 Aristoteles
1980 1080 2029 1117 ad
2047 1081 2122 1117 hoc
2139 1081 2246 1129 ponit
2262 1082 2294 1127 ²¹²,
2315 1081 2454 1118 scilicet
2470 1084 2576 1130 quod

1515 1131 1619 1181 prius
1639 1140 1676 1169 et
1702 1131 1888 1180 posterius
1913 1144 1992 1169 non
2020 1140 2107 1170 sunt
2129 1133 2209 1170 sine
2237 1141 2423 1182 tempore,
2444 1135 2578 1172 efficax

1517 1197 1599 1222 esse
1630 1186 1649 1206 *
1677 1192 1811 1233 potest.
1843 1185 1943 1221 Cum
1973 1185 2075 1223 enim
2103 1185 2263 1223 dicimus
2300 1187 2406 1235 quod
2441 1187 2576 1236 princi-

1516 1238 1623 1286 pium
1651 1237 1834 1286 temporis
1863 1245 1918 1274 est
1944 1243 2030 1274 ante
2057 1239 2157 1287 quod
2183 1239 2274 1275 nihil
2300 1239 2378 1276 eius
2404 1245 2468 1286 est,
2498 1252 2577 1278 non

1516 1298 1672 1339 propter
1698 1291 1773 1327 hoc
1801 1297 1950 1338 oportet
1977 1291 2082 1338 quod
2110 1291 2235 1339 ipsum
2263 1303 2365 1328 nunc
2388 1293 2493 1341 quod
2521 1301 2577 1330 est

1516 1343 1744 1392 principium
1772 1343 1965 1392 temporis,
1987 1344 2189 1392 praecedat
2215 1352 2366 1393 tempus
2399 1345 2504 1394 quod
2529 1345 2575 1382 si-

1516 1396 1716 1444 gnificatur
1735 1408 1823 1432 cum
1848 1395 1981 1433 dicitur
2003 1402 2112 1433 ante.-
2140 1397 2235 1434 sicut
2262 1397 2292 1434 si
2321 1398 2360 1434 in
2391 1398 2577 1446 magnitu-

1517 1449 1604 1486 dine
1647 1449 1771 1486 dicam
1809 1449 1914 1497 quod
1956 1449 2183 1498 principium
2217 1450 2484 1498 magnitudinis
2522 1458 2578 1488 est

1515 1508 1624 1539 extra
1652 1502 1753 1550 quod
1775 1501 1865 1538 nihil
1883 1507 1936 1538 est
1954 1502 2043 1548 eius,
2063 1515 2142 1539 non
2161 1510 2310 1551 oportet
2337 1504 2442 1552 quod
2469 1509 2578 1541 extra

1517 1555 1611 1591 illud
1639 1555 1868 1603 principium
1902 1560 1918 1584 Ρ
1950 1554 2132 1602 significet
2172 1555 2337 1604 aliquem
2373 1557 2502 1593 locum
2538 1557 2578 1594 in

1517 1620 1644 1645 rerum
1674 1615 1806 1644 natura
1835 1607 2067 1654 existentem,
2097 1608 2165 1645 sed
2188 1608 2470 1656 imaginabilem
2497 1617 2577 1646 tan-

1516 1668 1615 1697 tum:
1646 1660 1813 1709 alioquin
1842 1668 1939 1697 esset
1965 1673 2109 1709 ponere
2129 1661 2256 1698 locum
2285 1669 2388 1698 extra
2416 1663 2576 1710 caelum,

1518 1714 1624 1750 cuius
1662 1721 1717 1750 est
1753 1713 1974 1760 magnitudo
2011 1713 2137 1760 finita,
2166 1715 2312 1751 habens
2348 1715 2577 1764 principium

1518 1774 1554 1802 et
1581 1766 1712 1803 finem.
1743 1765 1921 1802 Similiter
1950 1766 2063 1802 etiarn
2094 1768 2112 1787 ²¹⁴
2140 1767 2308 1815 primum
2335 1780 2437 1805 nunc
2474 1767 2576 1816 quod

1519 1826 1573 1855 est
1599 1818 1827 1867 principium
1855 1818 2038 1867 temporis
2059 1820 2090 1865 ᾗ,
2111 1831 2190 1856 non
2208 1820 2400 1868 praecedit
2427 1828 2578 1870 tempus

1518 1871 1557 1908 in
1584 1883 1712 1908 rerum
1741 1878 1874 1907 natura
1902 1871 2080 1918 existens,
2111 1872 2177 1909 sed
2206 1874 2417 1910 secundum
2445 1873 2577 1921 imagi-

1517 1924 1712 1961 nationem
1741 1931 1909 1960 nostram
1937 1931 2096 1961 tanturn.
2124 1926 2172 1961 Et
2198 1926 2273 1962 hoc
2300 1932 2451 1974 tempus
2480 1926 2575 1963 desi-

1517 1984 1662 2024 gnatur,
1693 1989 1782 2013 cum
1802 1976 1935 2013 dicitur
1953 1977 2058 2025 quod
2076 1977 2244 2025 primum
2273 1990 2374 2015 nunc
2404 1986 2459 2015 est
2477 1979 2576 2027 prin-

1518 2030 1658 2078 cipium
1685 2029 1880 2077 temporis,
1907 2035 1993 2066 ante
2020 2031 2121 2078 quod
2147 2030 2236 2067 nihil
2257 2038 2312 2067 est
2339 2031 2532 2080 temporis.
2553 2052 2577 2060 -

1517 2083 1587 2119 Vel
1605 2089 1728 2130 potest
1748 2082 1832 2128 dici,
1853 2082 1958 2129 quod
1978 2095 2066 2118 cum
2088 2082 2220 2119 dieitur
2237 2083 2463 2132 principium
2482 2091 2577 2121 tem-

1516 2135 1619 2184 poris
1649 2142 1704 2171 est
1732 2142 1816 2171 ante
1846 2135 1951 2183 quod
1985 2132 2075 2171 nihil
2104 2143 2159 2172 est
2193 2136 2398 2184 temporis,
2427 2138 2466 2185 ly
2493 2142 2580 2174 ante

1517 2200 1595 2224 non
1611 2195 1780 2224 remanet
1800 2187 2044 2234 affirmatum,
2057 2188 2124 2224 sed
2143 2197 2299 2236 negatur
2316 2190 2352 2235 *ς
2373 2197 2408 2226 et
2423 2190 2478 2226 sic
2496 2201 2575 2227 non

1517 2248 1666 2289 oportet
1692 2252 1836 2288 ponere
1856 2248 2006 2288 tempus
2026 2248 2112 2277 ante
2135 2241 2364 2291 principium
2383 2243 2577 2292 temporis.

1517 2295 1559 2330 ln
1579 2293 1622 2330 iis
1652 2293 1753 2330 enim
1773 2305 1870 2342 quae
1900 2301 1986 2330 sunt
2010 2293 2048 2330 in
2076 2301 2261 2342 tempore,
2282 2294 2415 2332 accidit
2434 2295 2539 2344 quod
2557 2297 2578 2317 *

1517 2358 1651 2383 eorum
1670 2346 1854 2394 principio
1874 2353 2025 2394 tempus
2045 2346 2197 2395 aliquod
2220 2347 2464 2396 praeexistat:
2484 2349 2580 2386 sicut

1517 2411 1605 2436 cum
1633 2399 1766 2436 dicitur
1794 2399 1898 2447 quod
1923 2399 2150 2448 principium
2178 2400 2381 2437 iuventutis
2410 2408 2465 2438 est
2491 2409 2579 2439 ante

1515 2452 1620 2500 quod
1648 2451 1738 2488 nihil
1767 2459 1822 2488 est
1854 2452 1900 2488 de
1929 2451 2135 2498 iuventute,
2163 2460 2288 2501 potest
2315 2453 2465 2501 intelligi
2493 2455 2531 2502 ly
2559 2454 2580 2476 ⁸¹

1515 2510 1601 2542 ante
1639 2504 1751 2541 etiam
1793 2504 2039 2551 affirmative,
2074 2505 2163 2554 quia
2195 2505 2369 2543 iuventus
2405 2513 2578 2556 tempore

1516 2565 1763 2594 mensuratur.
1780 2557 1954 2605 Tempus
1973 2565 2101 2594 autem
2120 2570 2198 2595 non
2218 2567 2458 2596 mensuratur
2483 2566 2580 2597 tem-

1516 2623 1625 2659 pore;
1647 2610 1748 2647 unde
1769 2609 1847 2646 eius
1865 2610 2049 2658 principio
2078 2618 2230 2660 tempus
2250 2623 2327 2648 non
2346 2612 2577 2661 praeexistit:

1517 2671 1553 2699 et
1571 2663 1624 2699 sic
1643 2664 1682 2711 ly
1699 2668 1796 2708 ante,
1818 2663 1922 2710 quod
1941 2663 2093 2711 ponitur
2107 2664 2145 2700 in
2169 2664 2390 2702 definitione
2406 2664 2579 2715 principii

1515 2716 1717 2764 temporis,
1744 2728 1822 2752 non
1842 2724 1991 2764 oportet
2018 2722 2031 2736 ‘¹
2061 2718 2166 2765 quod
2193 2725 2387 2755 remaneat
2414 2718 2579 2756 affirma-

1515 2777 1618 2816 tum,
1639 2769 1706 2806 sed
1743 2776 1911 2816 negatur.
1932 2790 1956 2796 -
1978 2770 2044 2806 Est
2072 2777 2200 2806 tamen
2229 2778 2316 2808 ante
2343 2778 2495 2820 tempus
2515 2771 2580 2808 ali-

1516 2834 1591 2870 qua
1607 2822 1766 2868 duratio,
1783 2821 1923 2858 scilicet
1942 2822 2140 2860 aeternitas
2155 2823 2238 2870 Dei,
2255 2835 2354 2873 quae
2369 2836 2447 2861 non
2465 2825 2580 2862 habet

1517 2875 1776 2912 extensionem
1800 2883 1864 2911 aut
1887 2875 1990 2924 prius
2015 2883 2050 2912 et
2074 2877 2272 2924 posterius,
2292 2876 2387 2913 sicut
2413 2884 2576 2926 tempus,

1516 2928 1584 2965 sed
1613 2935 1668 2965 est
1694 2935 1772 2964 tota
1806 2928 1935 2972 simul;
1966 2935 2002 2964 et
2028 2941 2106 2965 non
2135 2936 2190 2966 est
2226 2929 2397 2966 eiusdem
2426 2929 2579 2967 rationis

1517 2993 1605 3018 cum
1633 2989 1817 3029 tempore,
1848 2981 1942 3018 sicut
1970 2993 2040 3017 nec
2068 2982 2289 3029 magnitudo
2324 2982 2452 3020 divina
2490 2995 2578 3020 cum

1515 3033 1772 3082 magnitudine
1811 3033 2005 3082 corporali.
2041 3034 2145 3071 Sicut
2173 3047 2274 3082 ergo,
2300 3046 2388 3072 cum
2418 3035 2578 3073 dicimus

1517 3095 1619 3124 extra
1643 3087 1831 3123 mundum
1855 3098 1933 3122 non
1962 3098 2043 3122 esse
2072 3087 2141 3124 nisi
2170 3089 2310 3134 Deum,
2334 3100 2412 3124 non
2437 3090 2457 3110 *
2471 3089 2580 3138 poni-

1517 3152 1603 3177 mus
1614 3139 1779 3188 aliquam
1795 3138 2074 3176 dimensionem
2086 3147 2188 3177 extra
2203 3140 2409 3187 mundum;
2426 3141 2475 3178 ita
2491 3153 2579 3179 cum

1517 3193 1677 3231 dicimus
1697 3200 1782 3230 ante
1816 3191 2003 3228 mundum
2024 3193 2115 3229 nihil
2139 3193 2263 3240 fuisse,
2293 3205 2371 3231 non
2398 3194 2579 3243 ponimus

1517 3246 1684 3294 aliquam
1713 3244 1969 3283 successivam
1997 3245 2236 3283 durationem
2261 3254 2347 3283 ante
2376 3247 2576 3285 mundum.

1574 3376 1598 3411 ρ)
1619 3377 1690 3410 quod
1707 3381 1789 3402 extra
1809 3377 1874 3402 illud
1892 3377 2064 3410 principium.
2082 3391 2102 3397 -
2120 3378 2155 3403 Ita
2174 3378 2261 3406 codd„
2280 3385 2297 3403 a
2310 3378 2325 3403 b
2343 3383 2368 3403 et
2386 3378 2477 3404 Venet.
2499 3378 2580 3411 ¹504»

1525 3412 1604 3444 1545;
1625 3413 1782 3445 posteriores
1801 3421 1863 3438 vero
1883 3413 2020 3438 editiones:
2041 3413 2111 3445 quod
2130 3413 2196 3438 illud
2214 3417 2295 3438 extra
2314 3413 2393 3446 quod.

1573 3449 1599 3480 σ)
1619 3451 1645 3473 et
1662 3448 1700 3473 sic
1717 3449 1747 3482 ly
1765 3451 1862 3473 ante...
1878 3456 1928 3473 non
1949 3451 2060 3480 oportet.
2074 3462 2093 3467 -
2107 3449 2125 3473 Ρ
2145 3453 2170 3474 et
2188 3449 2280 3473 Venet-
2299 3448 2359 3474 1551
2384 3449 2451 3474 male
2469 3448 2578 3474 habent:

1521 3486 1546 3508 et
1564 3483 1602 3508 sic
1620 3484 1649 3516 ly
1667 3486 1764 3508 ante...
1779 3486 1804 3508 et
1823 3491 1875 3508 non
1895 3487 2008 3516 oportet.
2021 3497 2039 3503 ·-
2054 3483 2104 3508 Pro
2121 3484 2168 3509 sed
2187 3487 2309 3517 negatur,
2328 3484 2376 3509 sed
2394 3487 2518 3517 negatum
2537 3483 2579 3508 ΡΒ

1522 3517 1766 3552 DGLORS(N?)al›.
1779 3532 1798 3538 ·-
1811 3519 1862 3543 Pro
1881 3519 1931 3544 Est
1949 3522 2045 3549 tamen,
2066 3519 2115 3544 Est
2131 3522 2220 3544 autem
2239 3519 2432 3545 PAIKRXYab.

1043 3570 1574 3596 -ῌ-ῄ-ἕ-μ,

2604 724 2613 733 ·
2628 725 2716 751 tempus
2729 730 2815 752 Aurpx

2604 753 2625 770 et
2639 755 2663 776 a,
2673 752 2757 772 motum
2771 750 2815 772 αι’.

2604 777 2692 803 tempus
2706 782 2725 798 ⁵.

2604 932 2613 942 ·
2628 931 2699 953 Num.
2710 937 2738 960 ¹3·

2604 1036 2613 1045 ·
2629 1034 2698 1056 etiam
2712 1041 2736 1057 n.

2603 1087 2685 1110 ·Num.
2691 1094 2706 1116 9
2712 1095 2719 1115 ;
2725 1088 2815 1116 cf.n.14·
2872 1074 2875 1075 γ

2603 1193 2612 1202 ·
2627 1198 2673 1214 non
2683 1192 2738 1214 add.
2748 1193 2815 1215 eodi-

2603 1223 2642 1240 εει
2652 1224 2815 1242 exeuntum·

2603 1251 2642 1267 ικ.

2605 1776 2615 1785 ·
2629 1776 2654 1796 et
2665 1774 2720 1797 add.
2733 1774 2786 1797 rab.

2605 1834 2615 1843 '
2629 1832 2702 1854 ton'u
2710 1838 2732 1860 n,
2743 1833 2816 1854 totius·

2605 1859 2717 1886 temporit
2739 1864 2814 1881 »mun
2872 1870 2875 1873 ᾗ

2605 1891 2642 1907 ΟΖ.

2607 2197 2742 2249 tatere*
2757 2201 2818 2218 Μ

2606 2303 2616 2312 ·
2631 2301 2656 2324 t'n
2670 2301 2723 2324 ndd.
2737 2307 2789 2324 no.

2606 2459 2616 2468 ⁶
2630 2457 2656 2486 ly
2669 2463 2717 2480 om.
2733 2463 2754 2479 P.
