2898 3996
14 1909 40 1935 1²
39 1917 118 1940 -Lib.
138 1917 168 1946 V,
192 1918 245 1940 lect.

23 1951 37 1966 ,’μ
58 1950 104 1974 ιιι.
118 1950 136 1966 r.

12 2007 45 2057 ’ἦ
60 2025 123 2045 estet
133 2029 170 2045 m.

10 2086 26 2106 ·Χ
49 2074 119 2098 ‘illud
130 2081 178 2098 om.
192 2075 245 2097 vab.

14 2220 16 2222 ¹
36 2231 45 2255 '.
59 2232 130 2255 eriam
143 2231 198 2254 add.
216 2239 245 2255 ns

1139 306 1250 342 CAP.
1279 304 1347 352 lv,
1377 305 1527 342 LECT.
1556 306 1592 342 v

282 394 407 437 partes
425 398 524 433 suas,
545 385 637 422 dum
657 391 850 422 movetur:
879 384 933 421 sic
961 383 1062 420 enim
1090 383 1229 431 aliquid
1248 389 1345 419 esset

283 441 395 478 simul
424 439 461 476 in
490 438 639 476 duobus
667 437 771 474 locis.
802 438 938 485 Neque
966 436 1102 473 iterum
1126 442 1251 484 potest
1271 434 1343 472 dici

283 491 389 541 quod
416 492 455 528 in
482 498 615 528 neutro
644 489 893 526 terminorum
922 488 986 525 sit:
1021 487 1213 536 loquimur
1241 487 1342 523 enirn

283 557 386 582 nunc
414 544 461 581 de
488 543 664 592 proximo
691 541 853 579 termino
881 541 920 577 in
948 552 1063 599 quem
1092 547 1276 586 mutatur,
1307 547 1343 576 et

283 610 362 634 non
386 597 433 634 de
456 596 589 633 ultimo
618 602 807 640 extrem03
835 593 930 630 sicut
956 593 987 630 si
1015 604 1059 628 ex
1086 593 1174 629 albo
1202 591 1342 640 aliquid

283 657 449 687 mutetur
476 649 515 686 in
542 648 712 695 nigrum,
747 646 898 694 nigrum
931 652 986 681 est
1015 644 1191 681 ultimum
1226 651 1341 680 extre-

283 714 414 750 mum,
447 702 596 738 fuscum
623 711 716 736 vero
750 705 806 734 est
831 696 1060 746 proximum.
1099 698 1148 733 Et
1175 696 1342 733 similiter

285 755 316 792 si
344 755 390 791 sit
416 766 493 791 una
524 754 622 790 linea
649 750 769 788 divisa
805 750 844 786 in
879 757 953 785 tres
984 757 1110 797 partes
1143 749 1339 797 aequales,

284 807 422 845 scilicet
448 806 546 843 linea
572 803 732 848 ABCD,
767 801 1009 839 manifestum
1038 809 1093 838 est
1126 802 1231 851 quod
1259 814 1340 838 mo-

283 860 369 906 bile,-
389 858 521 908 quod'
512 870 550 894 1n
568 854 751 905 principio
780 861 908 891 motus
937 861 991 890 est
1009 854 1047 891 in
1065 862 1169 903 parte
1198 855 1264 890 AB
1294 855 1340 891 si-

284 919 346 949 cut
362 911 401 947 in
419 911 504 946 loco
527 908 598 945 sibi
618 906 777 955 aequali,
799 907 978 954 contingit
1003 907 1042 943 in
1063 907 1214 956 aliqua‘
1232 915 1338 966 parte

281 963 340 1000 sui
372 969 500 999 motus
533 972 612 997 non
640 971 722 996 esse
765 971 889 1008 neque
917 960 955 996 in
983 961 1049 996 AB
1088 972 1212 1008 neque
1240 959 1278 996 in
1307 961 1338 997 C

279 1016 337 1052 D.
366 1014 595 1063 quandoque
616 1012 717 1050 enim
737 1019 793 1048 est
810 1019 933 1048 totum
952 1012 990 1049 in
1018 1013 1095 1049 BC.
1126 1013 1225 1049 Cum
1248 1024 1336 1060 ergo

280 1067 413 1104 dicitur
431 1066 535 1115 quod
554 1065 644 1102 illud
663 1064 768 1113 quod
782 1072 959 1111 mutatur,
972 1065 1133 1123 quando
1158 1073 1335 1112 mutatur,

278 1132 357 1157 non
384 1127 509 1169 potest
535 1118 574 1155 in
601 1125 735 1155 neutro
765 1130 866 1164 esse,
903 1117 1083 1166 accipitur
1110 1130 1189 1154 non
1218 1126 1335 1155 extre-

278 1181 365 1209 mus
393 1172 595 1218 terminus,
624 1170 692 1207 sed
719 1170 925 1219 proximus.
937 1191 962 1198 -
982 1170 1218 1219 Relinquitur
1247 1183 1334 1218 ergo

278 1225 384 1273 quod
411 1237 527 1262 omne
555 1223 660 1272 quod
688 1230 863 1271 mutatur,
884 1223 976 1260 dum
1006 1230 1182 1270 mutatur,
1203 1236 1335 1260 secun-

279 1278 372 1315 dum
392 1277 533 1326 aliquid
551 1276 609 1313 sui
637 1283 693 1313 est
715 1276 753 1312 in
780 1288 871 1323 uno,
901 1283 937 1312 et
955 1276 1167 1313 secundum
1195 1276 1334 1325 aliquid

278 1331 336 1367 sui
365 1338 420 1367 est
447 1331 485 1367 in
513 1330 650 1374 altero;
686 1328 781 1365 sicut
808 1341 895 1365 curn
925 1328 1066 1377 aliquid
1094 1336 1260 1366 mutatur
1288 1329 1335 1366 de

277 1384 344 1420 AB
373 1383 412 1420 in
440 1383 527 1430 BC,
565 1382 604 1419 in
630 1382 713 1430 ipso
741 1381 889 1418 moveri
916 1394 1004 1430 pars
1033 1381 1228 1429 egrediens
1248 1382 1268 1403 *
1288 1383 1334 1419 de

277 1437 363 1473 loco
391 1437 480 1483 AB,
518 1434 723 1483 ingreditur
753 1435 881 1471 locum
919 1434 1005 1481 BC;
1047 1442 1083 1471 et
1115 1434 1219 1482 quod
1252 1447 1334 1471 mo-

276 1496 388 1526 vetur
415 1489 463 1526 de
491 1489 578 1525 albo
606 1487 643 1523 in
671 1486 831 1534 nigrum,
859 1499 947 1535 pars
975 1499 1074 1535 quae
1100 1487 1234 1524 desinit
1253 1499 1334 1524 esse

278 1542 374 1588 alba,
403 1542 446 1578 fit
468 1541 573 1577 fusca
598 1540 661 1577 vel
688 1539 836 1587 pallida.
868 1539 930 1576 Sic
957 1540 1066 1587 igitur
1093 1540 1334 1577 manifestum

278 1601 333 1630 est
352 1593 455 1642 quod
476 1605 591 1630 omne
619 1592 724 1641 quod
751 1599 927 1639 mutatur,
957 1605 1045 1629 cum
1074 1592 1120 1629 sit
1141 1593 1277 1641 partim
1297 1593 1334 1629 in

276 1658 354 1683 uno
383 1655 419 1683 et
437 1646 573 1694 partim
601 1645 639 1682 in
660 1645 793 1691 altero,
825 1652 879 1681 est
907 1645 1103 1682 divisibile.

335 1711 392 1736 11.
423 1698 630 1735 Sciendum
646 1698 665 1718 ’μ
682 1705 737 1733 est
764 1704 891 1734 autem
915 1697 1019 1746 quod
1048 1698 1336 1734 Commentator

274 1752 313 1789 in
333 1752 510 1789 hocloco
531 1758 662 1788 movet
690 1749 962 1786 dubitationem
988 1750 1035 1786 de
1061 1750 1147 1796 hoc,
1177 1751 1281 1799 quod
1305 1750 1334 1786 si

274 1805 493 1841 Aristoteles
530 1816 608 1840 non
645 1802 803 1839 intendit
838 1802 899 1839 hic
936 1803 1193 1839 demonstrare
1231 1803 1335 1851 quod

274 1856 416 1894 mobile
441 1856 487 1893 sit
505 1855 700 1901 divisibile,
725 1854 795 1891 nisi
814 1855 860 1892 de
881 1854 1012 1891 mobili
1032 1855 1138 1904 quod
1157 1863 1335 1892 movetur

273 1917 381 1946 motu
410 1921 525 1958 quem
551 1907 640 1945 dixit
658 1909 678 1928 ‘⁴²
699 1919 780 1943 esse
808 1908 847 1944 in
874 1907 962 1944 solis
981 1908 1097 1944 tribus
1117 1907 1332 1956 generibus,

273 1963 410 1999 scilicet
437 1961 654 2010 quantitate,
684 1959 858 2008 qualitate
888 1967 923 1996 et
949 1961 1031 2007 ubi,
1062 1960 1332 1998 demonstratio

273 2027 341 2052 sua
369 2027 447 2052 non
476 2014 543 2051 erit
567 2015 586 2035 ’³
611 2013 843 2060 universalis,
865 2013 932 2050 sed
959 2013 1210 2063 particularis:
1245 2014 1332 2062 quia

272 2067 362 2105 illud
390 2068 410 2089 *
440 2067 553 2104 etiam
582 2065 686 2115 quod
718 2073 884 2103 mutatur
917 2066 1128 2103 secundum
1161 2067 1332 2103 substan-

271 2120 374 2167 tiam,
401 2119 583 2158 divisibile
605 2118 802 2155 invenitur.
833 2119 944 2156 Unde
971 2119 1121 2156 videtur
1148 2120 1251 2167 quod
1278 2119 1332 2156 in-

272 2173 408 2220 telligat
428 2173 474 2209 de
495 2184 540 2208 eo
561 2170 665 2220 quod
683 2177 952 2208 transmutatur
970 2171 1180 2208 secundum
1200 2184 1332 2220 quam-

273 2237 438 2274 cumque
457 2222 822 2270 transmutationem,
838 2231 879 2260 ut
892 2224 1102 2260 includatur
1112 2225 1131 2245 ’³²
1141 2224 1331 2271 generatio

274 2286 310 2315 et
334 2278 524 2326 corruptio
551 2277 590 2313 in
618 2276 835 2313 substantia.
866 2278 914 2313 Et
931 2277 1006 2313 hoc
1035 2276 1146 2313 etiam
1175 2289 1219 2312 ex
1243 2277 1332 2325 ipsis

270 2331 398 2368 verbis
417 2330 496 2367 eius
516 2335 692 2378 apparet:
721 2341 800 2366 non
820 2329 921 2366 enirn
943 2329 1030 2366 dicit
1047 2329 1148 2377 quod
1164 2335 1334 2366 movetur

271 2383 339 2420 sed
357 2383 458 2432 quod
483 2388 659 2419 mutatur.
690 2382 766 2419 Sed
794 2390 882 2418 tunc
899 2382 1050 2419 videtur
1077 2394 1145 2418 sua
1173 2382 1331 2418 demon-

271 2436 397 2473 stratio
433 2448 510 2472 non
536 2435 684 2472 valere:
715 2435 804 2483 quia
832 2435 978 2482 aliquae
1003 2434 1331 2471 transmutationes

271 2496 357 2526 sunt
375 2487 629 2534 indivisibiles,
660 2488 754 2524 sicut
774 2487 854 2536 ipsa
873 2487 1062 2535 generatio
1083 2487 1330 2524 substantialis

272 2549 308 2578 et
341 2541 542 2589 corruptiO,
576 2552 674 2588 quae
708 2553 792 2587 non,
818 2548 905 2577 sunt
930 2540 968 2576 in
996 2547 1188 2588 tempore;
1224 2548 1259 2576 et
1292 2541 1330 2577 in

270 2594 491 2630 huiusmodi
509 2593 881 2630 transmutationibus
901 2605 978 2630 non
995 2600 1050 2629 est
1062 2604 1209 2639 verum,
1226 2593 1330 2641 quod

270 2646 362 2683 illud
382 2647 485 2695 quod
499 2652 664 2682 mutatur
680 2647 709 2692 *,
726 2646 772 2682 sit
790 2646 925 2694 partim
945 2646 983 2682 in
997 2657 1075 2682 uno
1092 2653 1127 2682 et
1139 2646 1179 2667 *³¹²
1192 2646 1329 2694 partim

270 2699 309 2735 in
328 2699 418 2745 ali03
448 2710 526 2735 non
546 2697 647 2734 enim
667 2710 755 2735 cum
782 2698 876 2746 ignis
894 2706 1100 2746 generatur,
1120 2698 1256 2747 partim
1277 2705 1331 2735 est

271 2751 365 2799 ignis
394 2758 431 2788 et
451 2752 471 2772 ⁹⁶
489 2750 625 2798 partim
654 2763 731 2787 non
759 2751 864 2798 ignis.

331 2816 387 2840 12.
418 2804 467 2840 Et
485 2802 626 2838 inducit
653 2802 700 2839 ad
728 2803 803 2840 hoc
829 2803 955 2851 plures
983 2802 1208 2839 solutiones:
1238 2815 1329 2851 qua-

271 2868 356 2893 rum
385 2868 461 2892 una
481 2862 535 2891 est
553 2855 766 2902 Alexandri,
796 2855 951 2892 dicentis
971 2855 1075 2903 quod
1093 2856 1194 2891 nulla
1213 2862 1329 2892 trans—

271 2909 429 2954 mutatio
450 2915 504 2944 est
522 2907 766 2954 indivisibilis,
796 2915 859 2944 aut
886 2907 923 2944 in
943 2920 1020 2944 non
1039 2915 1222 2955 tempore.
1254 2909 1328 2945 Sed

270 2962 345 2998 hoc
365 2961 602 3010 reprobatum
628 2961 716 3009 quia
735 2972 803 3009 per
821 2961 895 2996 hoc
915 2960 1114 2997 destruitur
1133 2960 1328 3008 quoddam

271 3014 468 3063 probabile
489 3021 524 3050 et
542 3014 734 3050 famosum
758 3013 858 3061 apud
878 3013 1117 3049 Aristotelem
1140 3020 1176 3049 et
1195 3025 1328 3050 omnes

271 3066 547 3115 peripateticos,
577 3066 715 3103 scilicet
742 3065 847 3114 quod
875 3066 1021 3113 aliquae
1049 3066 1327 3102 transmutatio-

272 3131 340 3155 nes
369 3118 441 3155 sint
468 3118 507 3155 in
534 3131 613 3155 non
640 3126 830 3168 tempore,
868 3125 910 3154 ut
946 3118 1165 3155 illuminatio
1195 3126 1231 3155 et
1258 3119 1329 3155 alia

271 3171 502 3208 huiusmodi.

326 3343 344 3377 ι)
364 3343 435 3376 quod
459 3343 565 3373 mobile,
585 3343 656 3376 quod
679 3343 704 3367 in
720 3343 897 3374 principia...
910 3343 1042 3376 contingit
1061 3344 1087 3368 in
1107 3344 1235 3375 aliqua.-
1248 3344 1295 3368 Ed.
1314 3351 1331 3368 a

272 3379 342 3404 addit
360 3382 447 3404 tamen
467 3383 527 3411 post
550 3378 681 3410 contingit
687 3386 696 3407 ,·
721 3378 756 3402 Pb
775 3378 883 3402 retinent
905 3378 968 3402 illud
991 3381 1093 3406 tamen,
1113 3379 1159 3402 sed
1184 3384 1332 3410 expungunt

271 3415 380 3439 alterum
399 3414 476 3445 quod.
495 3413 663 3437 Restituimus
683 3413 816 3437 lectionem
837 3412 961 3443 codicum,
981 3420 1047 3445 quae
1065 3413 1142 3437 obvia
1160 3418 1207 3438 est.

326 3449 350 3481 κ)
371 3449 440 3472 Nam
456 3448 482 3472 in
503 3448 590 3472 illisn-
605 3448 634 3472 In
655 3448 705 3472 illis
725 3447 792 3471 enim
814 3447 923 3471 1².-Pro
941 3454 1053 3480 quarum
1073 3450 1202 3476 extrema,
1218 3455 1329 3479 quorum

271 3487 395 3509 extrema
414 3483 489 3508 codd.
509 3490 560 3507 exc.
580 3483 638 3513 LN;
658 3490 705 3514 pro
724 3482 832 3514 aliquod
851 3482 973 3510 medium,
993 3482 1095 3514 aliquid
1113 3482 1226 3506 medium
1247 3483 1328 3511 codd.;

272 3527 320 3552 pro
339 3518 484 3551 contingit,
504 3518 616 3550 contigit
635 3518 694 3542 Ρ.-
710 3517 759 3541 Pro
780 3517 809 3540 In
831 3517 895 3545 illis,
923 3517 979 3541 Illis
998 3517 1328 3548 ADEHIKMOVXYpBG3

272 3561 321 3586 pro
339 3561 460 3586 quarum,
479 3560 591 3585 quorum
611 3553 652 3577 EF
655 3552 748 3577 GHRZ
767 3551 821 3581 ab‚·
845 3559 892 3583 pro
911 3551 1019 3583 aliquod
1037 3551 1164 3579 medium,
1183 3551 1258 3576 aliud
1276 3558 1327 3576 me-

272 3589 346 3613 dium
365 3589 426 3618 Pab,
447 3588 560 3612 medium
579 3588 609 3616 Ν
628 3587 730 3618 aliquid
749 3586 862 3611 medium
881 3591 928 3611 cet.
948 3594 999 3611 exc.
1018 3587 1127 3611 BDG.—
1141 3587 1203 3610 Post
1222 3587 1327 3610 alteram

272 3623 366 3648 lineam
386 3624 443 3648 loco
461 3623 563 3655 aliquid
581 3623 617 3647 eis
635 3622 803 3650 adiunctum,
823 3621 924 3654 aliquid
946 3622 970 3646 ei
988 3621 1140 3646 adiunctum
1167 3621 1262 3650 PMab;
1281 3622 1327 3646 sed

2382 307 2456 344 285

1452 383 1597 420 Inducit
1640 384 1751 420 etiam
1793 384 2020 421 solutionem
2054 384 2270 432 Themistii,
2301 385 2456 423 dicentis

1397 435 1502 483 quod
1537 436 1603 472 etsi
1641 436 1687 473 sit
1723 436 1846 485 aliqua
1879 437 2138 474 transmutatio
2175 437 2214 474 in
2250 450 2329 474 non
2362 445 2456 475 tem-

1395 498 1510 534 pore,
1544 495 1672 525 tamen
1703 489 1777 525 hoc
1809 490 1915 535 latet;
1950 497 1985 526 et
2018 489 2234 526 Aristoteles
2266 490 2381 527 utitur
2409 503 2454 528 eo

1397 540 1502 586 quod
1531 548 1585 577 est
1612 541 1868 588 manifestum,
1899 542 2036 579 scilicet
2064 543 2166 591 quod
2194 543 2454 580 transmutatio

1397 591 1443 628 sit
1462 593 1482 613 ²¹²
1501 592 1539 629 in
1558 601 1741 641 tempore.
1773 594 1850 631 Sed
1877 595 1951 630 hoc
1978 595 2170 643 reprobat;
2199 595 2288 643 quia
2316 596 2454 634 eodem

1397 645 1514 681 modo
1544 657 1584 682 se
1611 646 1726 682 habet
1760 647 1806 683 de
1840 646 2023 684 divisione
2056 647 2272 684 mutationis
2306 656 2343 685 et
2370 661 2453 686 rnu—

1395 697 1536 743 tabilis;
1567 705 1604 734 et
1622 698 1745 735 adhuc
1762 699 1912 735 videtur
1930 700 2102 736 latentius
2122 700 2351 737 divisibilitas
2370 713 2453 738 mo-

1395 749 1478 786 bilis
1497 762 1614 798 quam
1638 751 1867 788 mutationis.
1888 752 1999 789 Unde
2020 752 2289 789 demonstratio
2309 753 2452 790 Aristo-'

1395 802 1475 838 telis
1496 815 1574 839 non
1594 811 1691 840 esset
1719 804 1868 840 efficax:
1898 805 1986 853 quia
2008 812 2137 853 posset
2165 805 2295 854 aliquis
2315 806 2450 854 dicere,

1394 855 1498 903 quod
1526 855 1610 892 licet
1644 869 1687 892 ea
1722 869 1818 904 quae
1846 864 2037 893 mutantur
2070 858 2340 894 mutationibus
2370 871 2450 896 ma-

1393 907 1524 944 nifeste
1545 910 1565 930 2³·
1586 908 1843 956 divisibilibus,
1865 909 1936 946 sint
1964 909 2181 957 divisibilia,
2211 918 2297 947 sunt
2324 918 2452 949 tamen

1395 960 1518 1007 aliqua
1545 961 1738 998 mutabilia
1766 962 1933 1009 latentia,
1963 974 2060 1011 quae
2088 970 2174 999 sunt
2202 963 2449 1001 indivisibilia.

1445 1013 1558 1050 Ponit
1599 1013 1710 1050 etiam
1748 1014 1974 1051 solutionem
2010 1015 2262 1064 AvempaciS,
2296 1016 2451 1053 dicentis

1391 1065 1496 1113 quod
1524 1066 1584 1102 hic
1617 1078 1695 1102 non
1728 1067 1846 1113 agitur
1878 1067 1924 1104 de
1959 1067 2142 1104 divisione
2175 1068 2364 1104 mutabilis
2394 1081 2451 1105 se-

1392 1118 1559 1154 cundum
1587 1118 1850 1166 quantitatem,
1880 1120 1947 1156 sed
1975 1121 2022 1157 de
2051 1120 2234 1157 divisione
2263 1121 2450 1159 mutabilis

1390 1171 1603 1207 secundum
1623 1171 1727 1218 quod
1743 1171 1953 1215 subiectum
1974 1172 2149 1209 dividitur
2162 1185 2231 1221 per
2245 1173 2450 1211 accidentia

1391 1223 1587 1270 contraria,
1609 1224 1655 1260 de
1676 1236 1839 1272 quorum
1859 1237 1937 1260 uno
1958 1232 2123 1261 mutatur
2141 1225 2179 1262 in
2199 1226 2367 1263 alterum.

1450 1276 1506 1312 13.
1536 1277 1584 1312 Et
1616 1275 1720 1312 addit
1753 1284 1886 1325 postea
1919 1289 2028 1313 suam
2056 1278 2305 1325 solutionem,
2344 1279 2449 1326 quod

1389 1327 1472 1364 illae
1501 1329 1729 1365 mutationes
1753 1341 1850 1377 quae
1872 1329 2045 1366 dicuntur
2062 1330 2144 1366 fieri
2162 1330 2232 1367 *in
2256 1344 2334 1367 non
2355 1339 2448 1368 tem-

1388 1393 1497 1429 pore,
1531 1389 1617 1418 sunt
1639 1381 1788 1418 termini
1815 1382 2056 1430 quorundam
2084 1390 2259 1420 motuum
2285 1384 2448 1420 divisibi-

1367 1433 1480 1470 ‚lium
1502 1435 1533 1470 ²²⁴.
1562 1434 1709 1471 Accidit
1741 1446 1829 1482 ergo
1858 1434 1997 1483 aliquid
2031 1436 2269 1472 transmutari
2305 1436 2343 1473 in
2371 1449 2448 1473 non

1388 1493 1572 1534 tempore,
1597 1486 1822 1535 inquantum
1845 1487 1983 1524 scilicet
2001 1487 2156 1536 quilibet
2178 1496 2305 1525 motus
2324 1489 2448 1526 termi-

1388 1548 1498 1575 natur
1514 1539 1553 1576 in
1572 1539 1732 1576 instanti.
1762 1541 1811 1576 Et
1829 1540 1918 1588 quia
1945 1540 2036 1577 illud
2065 1541 2168 1589 quod
2190 1549 2245 1577 est
2261 1554 2331 1590 per
2354 1542 2448 1578 acci-

1389 1592 1483 1628 dens
1514 1592 1817 1640 praetermittitur
1843 1592 1882 1629 in
1915 1593 2318 1641 demonstrationibus,
2361 1595 2447 1632 ideo

1388 1644 1450 1680 illo
1469 1646 1488 1666 '³
1503 1644 1721 1681 Aristoteles
1744 1645 1783 1682 in
1805 1646 1877 1681 hac
1897 1645 2216 1683 demonstratione
2244 1647 2370 1695 utitur,
2401 1660 2445 1684 ac

1390 1697 1420 1733 si
1440 1697 1564 1733 omnis
1583 1698 1740 1734 mutatio
1761 1698 1806 1734 sit
1826 1697 2018 1735 divisibilis
2038 1706 2074 1735 et
2092 1698 2130 1735 in
2148 1706 2332 1747 ternpore.

1449 1761 1505 1796 14.
1537 1749 1612 1786 Sed
1632 1750 1663 1786 si
1682 1750 1764 1798 quis
1793 1758 1890 1786 recte
1920 1751 2138 1798 consideret,
2168 1753 2262 1788 haec
2286 1752 2447 1789 obiectio

1389 1814 1468 1838 non
1493 1809 1547 1838 est
1571 1802 1618 1839 ad
1645 1802 1894 1851 propositum.
1924 1804 2015 1840 Non
2044 1803 2146 1840 enirn
2164 1804 2382 1841 Aristoteles
2410 1805 2449 1842 in

1389 1866 1458 1890 sua
1487 1854 1806 1891 demonstratione
1833 1855 1947 1891 utitur
1975 1856 2080 1904 quasi
2107 1857 2312 1905 principio,
2345 1858 2448 1906 quod

1389 1906 1514 1943 omnis
1542 1907 1699 1943 mutatio
1727 1907 1773 1944 sit
1801 1907 2011 1955 divisibilis3
2047 1921 2133 1945 cum
2162 1909 2281 1956 magis
2310 1922 2329 1946 e
2360 1923 2448 1947 con-

1388 1972 1500 1996 verso
1522 1972 1566 1996 ex
1582 1960 1765 1996 divisione
1784 1961 1934 1997 mobilis
1954 1962 2134 2009 procedat
2153 1962 2201 1999 ad
2222 1962 2447 1999 divisionem

1388 2012 1617 2059 mutationis,
1638 2020 1679 2049 ut
1696 2013 1793 2049 infra
1813 2014 1832 2035 '¹‘
1852 2014 2002 2061 patebit.
2025 2015 2074 2050 Et
2093 2014 2186 2051 sicut
2205 2015 2285 2063 ipse
2304 2023 2390 2063 post
2408 2017 2448 2037 *³³³

1389 2065 1476 2102 dicit
1488 2066 1517 2112 ²²,
1535 2065 1765 2102 divisibilitas
1783 2078 1852 2114 per
1870 2066 1973 2115 prius
1994 2074 2048 2103 est
2066 2067 2108 2103 in·
2124 2068 2254 2104 mobili
2275 2080 2390 2116 quam
2409 2068 2447 2105 in
2474 2077 2495 2085 ··

1388 2125 1496 2154 motu
1521 2119 1583 2155 vel
1611 2118 1830 2156 mutatione.
1852 2119 1929 2156 Sed
1955 2119 2070 2156 utitur
2095 2120 2284 2168 principiis
2312 2133 2380 2169 per
2407 2134 2447 2158 se

1387 2170 1505 2217 notis,
1544 2183 1641 2222 quae
1678 2183 1832 2208 necesse
1861 2179 1916 2208 est
1945 2173 2153 2209 concedere
2190 2173 2228 2209 in
2266 2186 2447 2221 quacum-

1350 2226 1352 2230 ’
1388 2235 1462 2271 que
1481 2223 1701 2260 mutatione:
1731 2224 1868 2261 scilicet
1895 2226 1997 2273 quod
2025 2225 2116 2262 illud
2144 2226 2249 2274 quod
2268 2234 2445 2274 mutatur,

1388 2275 1541 2324 quando
1563 2283 1617 2312 est
1635 2277 1846 2313 secundum
1875 2284 1996 2313 totum
2017 2285 2053 2314 et
2071 2286 2196 2326 partes
2224 2278 2261 2315 in
2285 2280 2445 2316 termino

1387 2341 1409 2364 a
1429 2340 1506 2376 quo
1526 2335 1702 2375 mutatur,
1731 2330 1903 2366 nondum
1927 2329 2325 2368 mutatur'secundum
2344 2332 2446 2369 illam

1387 2380 1655 2427 mutationem3
1685 2389 1721 2417 et
1749 2382 1851 2430 quod
1880 2383 2032 2430 quando
2062 2391 2117 2420 est
2143 2384 2181 2420 in
2209 2384 2370 2420 termino
2397 2386 2446 2422 ad

1387 2446 1525 2481 quem,
1546 2446 1634 2470 xnon
1661 2441 1826 2470 mutatur
1862 2435 1930 2471 sed
1957 2442 2145 2473 mutatum
2175 2443 2248 2482 est;
2279 2445 2315 2473 et
2342 2437 2445 2486 quod

1386 2499 1465 2523 non
1496 2493 1619 2534 potest
1652 2499 1732 2522 esse
1761 2499 1831 2523 nec
1864 2487 1902 2523 in
1933 2495 2095 2536 utroque
2128 2496 2268 2535 totum,
2308 2501 2378 2526 nec
2406 2490 2445 2527 in

1386 2546 1531 2586 neutro,
1553 2539 1648 2575 sicut
1667 2539 1877 2587 expositum
1897 2547 1952 2576 est
1972 2541 2002 2576 ’ἦ
2024 2541 2134 2577 Unde
2161 2553 2205 2577 ex
2224 2542 2443 2579 necessitate

1386 2591 1553 2639 sequitur
1579 2593 1682 2640 quod
1710 2592 1748 2628 in
1777 2592 1940 2640 qualibet
1965 2593 2193 2640 mutatione,
2222 2594 2311 2631 illud
2340 2595 2442 2642 quod

1386 2651 1561 2691 mutatur,
1582 2644 1675 2680 dum
1702 2652 1879 2693 mutatur,
1900 2645 1945 2682 sit
1962 2646 2100 2694 partim
2118 2646 2156 2683 in
2178 2659 2256 2683 uno
2280 2647 2440 2684 termino

1387 2705 1423 2733 et
1449 2697 1584 2745 partim
1612 2697 1650 2733 in
1678 2697 1763 2734 alio.

1440 2750 1516 2786 Sed
1535 2750 1610 2786 hoc
1634 2749 1886 2787 diversimode
1906 2750 2094 2788 invenitur
2121 2751 2159 2787 in
2184 2751 2339 2788 diversis
2358 2764 2440 2789 mu-

1385 2802 1598 2839 tationibus.
1625 2803 1728 2839 Nam
1753 2803 1790 2839 in
1810 2803 1877 2839 illis
1892 2809 1906 2823 ’²
1920 2803 2201 2849 mutationibus,
2235 2804 2330 2841 inter
2350 2817 2440 2853 qua-

1385 2867 1470 2891 rum
1490 2862 1656 2891 extrema
1685 2862 1739 2891 est
1766 2855 1919 2904 aliquod
1937 2856 2117 2903 medium,
2140 2857 2318 2904 contingit
2337 2858 2440 2906 quod

1383 2907 1422 2944 id
1442 2907 1546 2956 quod
1574 2915 1749 2955 mutatur,
1770 2909 1859 2945 dum
1879 2916 2052 2956 mutatur,
2072 2909 2208 2957 partim
2229 2910 2273 2946 sit
2296 2910 2334 2946 in
2360 2922 2438 2947 uno

1386 2967 1553 2997 extremo
1575 2967 1610 2996 et
1627 2960 1763 3008 partim
1783 2961 1821 2997 in
1836 2960 1919 3007 alio,
1937 2963 2145 2999 secundum
2164 2962 2245 3010 ipsa
2261 2970 2438 3000 extrema.

1384 3014 1427 3048 In
1441 3012 1510 3049 illis
1528 3025 1621 3049 vero
1638 3013 1733 3049 inter
1747 3026 1909 3061 quarum
1929 3014 2109 3051 terminos
2125 3027 2203 3051 non
2219 3022 2273 3051 est
2289 3015 2439 3063 aliquod

1383 3065 1576 3112 medium,
1615 3065 1652 3102 id
1686 3066 1789 3114 quod
1823 3073 1988 3103 mutatur
2025 3079 2102 3103 non
2138 3075 2192 3103 est
2228 3068 2438 3104 secundum

1385 3117 1552 3155 diversas
1579 3125 1704 3166 partes
1733 3131 1818 3155 suas
1846 3118 1884 3155 in
1914 3119 2070 3156 diversis
2099 3120 2272 3156 extremis
2307 3115 2439 3156 secun-

1384 3170 1476 3207 dum
1513 3171 1594 3219 ipsa
1631 3178 1820 3219 extrema,
1859 3173 1925 3208 sed
1962 3171 2171 3208 secundum
2209 3171 2348 3220 aliquid
2386 3172 2437 3207 eis

1385 3352 1437 3368 non
1456 3345 1528 3375 bene,
1545 3345 1603 3377 quia
1621 3353 1673 3369 non
1693 3346 1803 3377 loquitur
1822 3352 1843 3368 s.
1858 3344 1971 3368 Thomas
1991 3344 2022 3368 de
2041 3343 2135 3375 aliquo,
2150 3344 2221 3376 quod
2240 3344 2272 3368 sit
2290 3344 2437 3369 adiunctum

1385 3379 1407 3403 ei
1426 3380 1496 3411 quod
1521 3385 1653 3410 movetur,
1674 3381 1719 3404 sed
1738 3380 1808 3412 quod
1827 3384 1866 3403 est
1885 3379 2031 3403 adiunctum
2057 3379 2119 3411 ipsis
2138 3379 2256 3403 extremis
2281 3380 2436 3404 mutationis.

1385 3414 1456 3438 Patet
1474 3422 1503 3438 ex
1518 3415 1700 3447 sequentibus:
1715 3422 1773 3438 nam
1789 3419 1814 3439 et
1827 3414 1903 3445 paulo
1918 3418 1977 3446 post
1991 3413 2080 3438 dicitur
2093 3414 2161 3446 quod
2177 3414 2288 3443 materia,
2304 3415 2364 3438 dum
2380 3423 2437 3439 mu-

1382 3453 1451 3472 tatur
1470 3450 1501 3473 de
1519 3450 1661 3481 privatione
1680 3450 1710 3473 ad
1729 3449 1837 3472 sormam
1857 3448 1931 3480 ignis,
1951 3454 1989 3472 est
2007 3449 2098 3480 partim
2118 3448 2166 3472 sub
2185 3449 2267 3473 forma
2287 3449 2364 3481 ignis,
2384 3457 2437 3474 non

1383 3484 1524 3513 secundum
1544 3485 1625 3516 ipsam
1645 3484 1762 3513 formam,
1776 3483 1821 3507 sed
1841 3483 1982 3507 secundum
1997 3483 2092 3514 aliquid
2107 3482 2203 3508 formae
2218 3484 2372 3513 adiunctum,
2387 3484 2437 3509 hoc

1382 3523 1421 3542 est
1434 3519 1576 3543 secundum
1587 3518 1779 3550 dispositionem
1791 3518 1919 3549 propriam
1934 3518 2005 3549 ignis,
2016 3525 2081 3549 quae
2096 3519 2222 3549 praecedit
2234 3518 2342 3543 formam
2356 3519 2435 3551 ignis;

1382 3557 1407 3576 et
1425 3561 1506 3585 prope
1524 3552 1601 3578 finem
1621 3553 1720 3577 numeri
1745 3560 1864 3584 expresse
1889 3552 1997 3576 habetur
2016 3562 2028 3575 ‹
2041 3560 2107 3584 quae
2132 3553 2248 3578 dicuntur
2269 3554 2435 3579 indivisibiles

1382 3588 1549 3618 mutationes,
1569 3593 1629 3612 sunt
1647 3587 1839 3620 quodammodo
1859 3587 2011 3616 divisibiles,
2030 3596 2082 3612 non
2101 3589 2244 3613 secundum
2266 3589 2369 3622 propria
2387 3597 2435 3614 sua

1381 3627 1501 3653 extrema,
1520 3623 1565 3647 sed
1585 3630 1630 3654 per
1649 3630 1678 3647 ea
1697 3629 1763 3654 quae
1782 3622 1817 3646 eis
1837 3622 2007 3654 adiunguntur
2019 3632 2041 3647 ›.

2480 607 2533 655 ¹,alit
2540 613 2575 628 pc.
2586 607 2636 629 -Ee
2645 608 2692 631 hoc

2478 921 2488 930 ·
2502 921 2603 943 maxime
2620 927 2671 944 pem
2676 929 2690 944 0

2478 948 2589 970 nvxvzah.

2475 1340 2551 1366 *fieri
2560 1346 2608 1362 om.
2618 1341 2687 1363 codd.

2476 1369 2498 1387 et
2512 1372 2527 1388 a
2536 1366 2557 1388 b.

2474 1445 2518 1519 {ab
2529 1476 2550 1494 et
2560 1472 2627 1494 codd.
2639 1479 2688 1494 exc.

2488 1504 2500 1519 z

2474 1656 2484 1666 *
2503 1655 2565 1677 illud
2577 1662 2686 1678 eomov

2475 1688 2527 1709 ιη,
2543 1689 2591 1704 om.
2606 1689 2641 1704 RF.

2474 2024 2483 2033 ⁸
2498 2023 2560 2045 Lect.
2571 2029 2619 2052 seq.
2634 2029 2657 2045 n.
2669 2029 2682 2052 3

2475 2053 2496 2070 ²¹
2509 2056 2550 2107 ,⁵153
2570 2066 2576 2097 ;
2590 2082 2613 2097 ῃ.
2633 2082 2684 2098 -

2470 2102 2630 2150 eriserit?-

2471 2549 2480 2559 ·
2495 2549 2565 2571 Num.
2581 2556 2614 2571 10.
