2898 3996
119 1622 128 1630 ·
138 1620 191 1641 Hae
201 1623 222 1641 et
232 1623 274 1641 cet.
283 1620 325 1640 hu-

117 1647 153 1668 ius
168 1646 219 1667 lect.
229 1652 276 1668 om.
288 1652 312 1672 Q.

118 1782 256 1801 'nostr-ae...
265 1780 326 1801 ince-

131 1806 179 1827 ert't
200 1807 289 1832 nasim.
296 1812 326 1833 17,

124 1832 155 1854 in.
166 1832 180 1854 6
207 1838 253 1854 om.
267 1838 283 1854 1.

118 2253 126 2259 '
136 2250 196 2272 Lect.
205 2257 326 2279 praec.n.2.

116 2567 126 2575 ·
141 2566 195 2593 quia
209 2571 298 2594 omos,

115 2592 178 2620 quod
191 2598 230 2614 cn.

116 3090 124 3099 ·
139 3088 202 3111 Lect.
213 3095 246 3111 xix
263 3095 310 3117 seq.

116 3142 125 3150 ⁶
139 3141 201 3163 Lect.
217 3148 240 3163 v.
251 3153 261 3158 -
272 3142 325 3163 Did.

114 3166 154 3188 lib.
164 3167 207 3194 XI,
222 3173 273 3195 cap.
292 3174 326 3195 vi,

115 3198 154 3215 nn.
165 3199 184 3221 1,
200 3199 220 3215 2.

1229 281 1340 317 CAP.
1370 281 1401 326 1,
1432 279 1581 315 LECT.
1612 281 1643 315 11

360 369 486 399 motus
515 361 679 407 deficiat,
719 368 782 397 aut
809 360 964 398 mobilia
997 367 1033 396 et
1069 359 1262 396 moventia
1291 370 1411 394 rema-

359 415 518 460 nebunt,
557 421 621 450 aut
657 426 752 450 non:
783 414 849 450 sed
886 413 973 461 quia
1011 425 1122 460 supra
1150 410 1162 432 Ἀ
1197 411 1412 447 ostenderat

359 466 463 515 quod
492 466 593 503 idem
622 467 789 514 sequitur
823 465 1033 502 secundum
1061 472 1286 511 utrumque,
1324 462 1410 499 ideo

357 518 419 555 hic
456 531 534 555 non
560 519 674 555 utitur
701 519 771 554 nisi
799 519 913 554 altera
940 517 1018 563 via,
1048 516 1186 553 scilicet
1213 515 1317 563 quod
1344 526 1411 562 po-

358 578 468 607 natur
496 571 548 607 sic
575 578 701 607 motus
730 571 912 616 deficere,
941 569 1045 617 quod
1082 567 1238 604 mobilia
1267 574 1302 603 et
1330 578 1411 602 mo-

358 623 487 660 ventia
522 623 708 660 deficiant.
739 623 824 659 Hoc
853 633 940 668 ergo
970 620 1177 669 suppositO,
1200 619 1287 656 dicit
1306 620 1410 667 quod

358 687 437 712 non
464 676 574 712 simul
603 675 763 723 quiescit,
783 674 878 710 idest
896 673 1031 718 deficit,
1052 679 1178 708 motus
1205 672 1243 708 in
1272 678 1357 708 actu
1377 678 1412 707 et

358 728 484 776 ipsum
505 728 662 764 mobile:
692 727 757 763 sed
778 726 872 762 sicut
893 725 998 773 prior
1025 732 1081 760 est
1104 724 1296 771 generatio
1330 736 1411 760 mo-

359 780 442 816 bilis
461 792 576 827 quam
597 786 722 816 motus
751 778 841 823 eius,
862 777 912 813 ita
938 776 1125 824 posterior
1145 783 1200 812 est
1220 776 1410 824 corruptio

359 832 510 868 mobilis
546 843 662 880 quam
700 829 856 866 cessatio
891 836 1029 865 motus.
1065 828 1181 875 Quod
1209 829 1260 865 sic
1287 836 1409 877 patet:

359 884 447 932 quia
475 883 654 929 contingit
680 882 784 929 quod
813 888 1007 918 remaneat
1034 881 1175 929 aliquid
1206 882 1411 918 combusti-

358 936 442 982 bile,
460 942 665 983 postquam
691 933 825 970 desinit
853 933 1036 970 comburi.
1067 935 1116 970 Et
1147 934 1240 970 sicut
1269 934 1410 970 dictum

358 994 412 1023 est
431 987 477 1035 de
506 986 649 1033 mobili,
670 986 719 1022 ita
748 986 951 1023 dicendum
972 993 1026 1022 est
1054 986 1100 1022 de
1129 986 1297 1023 motivo:
1323 986 1411 1033 quia

356 1051 434 1075 non
462 1038 572 1075 simul
601 1038 735 1075 desinit
771 1050 853 1075 esse
881 1050 1044 1075 movens
1072 1038 1110 1074 in
1138 1046 1234 1084 actu,
1265 1046 1301 1074 et
1329 1051 1411 1074 esse

355 1091 544 1128 motivum
558 1091 597 1127 in
616 1091 794 1140 potentia.
816 1091 878 1127 Sic
892 1091 1001 1138 igitur
1018 1097 1120 1139 patet
1134 1091 1236 1139 quod
1252 1091 1282 1126 si
1298 1091 1410 1126 etiam

355 1143 481 1192 ipsum
501 1143 642 1180 mobile
672 1144 924 1191 corrumpitur
941 1151 1027 1192 post
1055 1143 1304 1179 cessationem
1328 1155 1411 1179 mo-

355 1203 426 1242 tus,
443 1196 698 1232 necessarium
718 1196 786 1232 erit
815 1208 894 1232 esse
915 1196 1107 1244 quandam
1129 1195 1410 1244 corruptionem

354 1248 471 1297 ipsius
481 1248 643 1285 mobilis.
656 1250 705 1285 Et
718 1248 854 1285 iterum
866 1249 954 1297 quia
967 1248 1121 1296 ponitur
1135 1249 1239 1296 quod
1253 1248 1383 1285 omnia
1392 1254 1412 1275 ¹¹¹

354 1301 549 1338 moventia
578 1308 614 1337 et
641 1308 745 1337 mota
773 1300 959 1348 desinunt,
979 1301 1234 1337 necessarium
1259 1301 1326 1337 erit
1343 1313 1411 1349 po·

355 1353 502 1401 sterius,
529 1353 633 1401 quod
662 1353 774 1390 etiam
801 1353 927 1402 ipsum
957 1353 1214 1401 corruptivum
1244 1365 1411 1390 eorrum-

354 1413 474 1454 patur.
492 1406 592 1442 Cum
613 1418 700 1453 ergo
721 1406 911 1454 corruptio
940 1405 985 1442 sit
1012 1406 1169 1442 mutatio
1198 1406 1410 1454 quaedam,

356 1465 534 1506 sequetur
552 1458 656 1505 quod
683 1465 770 1507 post
789 1459 960 1494 ultimam
985 1458 1235 1495 mutationem
1255 1458 1327 1495 sint
1346 1459 1410 1495 ali-

355 1522 453 1558 quae
481 1510 719 1547 mutationes.
750 1511 850 1547 Cum
875 1523 962 1558 ergo
991 1511 1066 1547 hoc
1094 1511 1139 1547 sit
1166 1511 1410 1559 impossibile,

355 1562 520 1611 sequitur
538 1564 642 1610 quod
670 1570 796 1599 motus
826 1563 863 1599 in
899 1570 1127 1612 perpetuum
1156 1564 1274 1600 duret.

413 1616 574 1664 16.-Hae
594 1617 612 1634 ''¹²'‘
638 1615 746 1662 igitur
774 1615 936 1652 rationes
965 1623 1062 1663 sunt,
1093 1628 1137 1652 ex
1166 1616 1302 1664 quibus
1330 1615 1412 1652 Ari-

354 1668 503 1704 stoteles
530 1668 693 1716 probare
713 1668 870 1704 intendit
896 1676 1045 1705 motum
1074 1680 1226 1716 semper
1245 1669 1357 1705 fuisse
1378 1675 1414 1704 et

354 1732 551 1768 nunquam
589 1720 763 1757 deficere.
794 1720 910 1767 Quod
948 1720 1103 1768 quidem
1142 1729 1326 1769 quantum
1364 1721 1412 1757 ad

354 1784 472 1809 unam
500 1780 647 1820 partem
683 1772 775 1809 fidei
806 1781 955 1809 nostrae
993 1774 1012 1793 '³‘
1040 1780 1241 1820 repugnat,
1273 1773 1413 1809 scilicet

355 1825 460 1873 quod
495 1833 659 1873 ponatur
694 1832 820 1861 motus
848 1837 999 1873 semper
1026 1825 1151 1861 fuisse.
1178 1825 1281 1861 Nihil
1310 1825 1411 1862 enim

354 1877 565 1913 secundum
593 1877 711 1913 fidem
739 1885 908 1914 nostram
936 1877 1088 1925 ponitur
1115 1890 1267 1926 semper
1284 1878 1410 1925 fuisse,

354 1929 424 1966 nisi
449 1930 550 1966 solus
579 1931 695 1977 Deus,
725 1930 789 1978 qui
819 1937 874 1966 est
901 1930 1058 1966 omnino
1091 1929 1312 1966 immobilis:
1342 1930 1412 1966 nisi

354 1981 449 2018 forte
485 1981 569 2029 quis
605 1982 730 2030 ipsum
769 1982 941 2019 divinum
978 1982 1182 2030 intelligere
1218 1983 1309 2020 velit
1345 1995 1412 2019 no-

355 2034 498 2070 minare
527 2042 697 2080 motum;
718 2034 821 2082 quod
850 2035 1058 2083 aequivoce
1086 2035 1350 2083 intelligeretur
1378 2041 1408 2071 ¹⁴:

355 2095 433 2123 non
463 2086 564 2122 enim
594 2087 641 2123 de
674 2087 737 2123 tali
765 2094 873 2123 motu
901 2087 1118 2124 Aristoteles
1145 2088 1207 2124 hic
1234 2087 1409 2135 intelligit,

356 2139 423 2175 sed
462 2138 508 2174 de
537 2146 644 2175 motu
685 2139 836 2187 proprie
866 2138 976 2176 dicto.
1013 2141 1211 2186 Quantum
1247 2153 1341 2177 vero
1362 2140 1411 2176 ad

356 2190 467 2227 aliam
485 2198 645 2239 partem,
671 2203 750 2228 non
774 2191 931 2227 omnino
961 2199 1016 2228 est
1044 2192 1272 2228 contrarium
1301 2192 1409 2228 fidei:

355 2243 444 2291 quia
471 2250 512 2279 ut
530 2256 643 2292 supra
674 2245 693 2264 '¹‘
721 2244 862 2280 dictum
892 2251 957 2291 est,
985 2256 1063 2280 non
1091 2244 1164 2291 agit
1190 2244 1409 2280 Aristoteles

356 2295 403 2332 de
440 2302 547 2332 motu
582 2296 694 2343 caeli,
724 2296 792 2332 sed
827 2296 1087 2333 universaliter
1120 2297 1166 2333 de
1195 2304 1314 2333 motu.
1336 2298 1410 2333 Ρο-

354 2348 480 2384 nimus
509 2355 635 2384 autem
654 2348 866 2385 secundum
890 2349 1008 2385 fidem
1036 2356 1215 2395 nostram,
1238 2350 1409 2386 substan-

353 2400 444 2436 tiam
464 2401 597 2437 mundi
616 2400 669 2437 sic
687 2402 917 2449 quandoque
937 2401 1133 2449 incepisse,
1151 2402 1253 2450 quod
1282 2409 1409 2438 tamen

353 2465 550 2500 nunquam
566 2453 710 2490 desinat
725 2466 818 2490 esse.
835 2453 1018 2490 Ponimus
1039 2454 1150 2490 etiam
1171 2454 1276 2502 quod
1296 2454 1408 2502 aliqui

353 2513 479 2542 motus
507 2518 659 2554 semper
687 2514 814 2552 erunt,
840 2506 1061 2554 praesertim
1095 2506 1133 2543 in
1169 2507 1407 2553 hominibus,

353 2558 417 2606 qui
437 2559 456 2579 ’ἃ
477 2571 627 2607 semper
659 2559 919 2606 remanebunt,
940 2559 1261 2607 incorruptibilem
1289 2559 1409 2596 vitam

353 2618 521 2658 agentes,
547 2611 608 2648 vel
636 2610 814 2647 miseram
842 2612 904 2648 vel
928 2612 1090 2648 beatam.

407 2663 573 2709 Quidam
583 2675 676 2700 vero
693 2663 826 2700 frustra
842 2671 1020 2700 conantes
1030 2664 1270 2701 Aristotelem
1286 2672 1409 2700 osten-

354 2714 442 2751 dere
470 2714 484 2738 ξ
511 2728 589 2752 non
617 2723 746 2752 contra
773 2716 892 2752 fidem
919 2717 1088 2752 locutum
1118 2729 1210 2762 esse,
1238 2716 1411 2753 dixerunt

353 2767 459 2815 quod
485 2768 702 2804 Aristoteles
730 2780 808 2804 non
836 2768 992 2804 intendit
1018 2769 1079 2805 hic
1110 2770 1274 2816 probare
1303 2769 1410 2817 quasi

352 2831 510 2866 verum,
540 2820 645 2868 quod
668 2828 794 2857 motus
823 2820 868 2856 sit
894 2829 1114 2868 perpetuus;
1136 2822 1202 2857 sed
1230 2821 1409 2858 inducere

353 2872 538 2909 rationem
559 2873 607 2909 ad
625 2880 825 2921 utramque
849 2880 1008 2921 partem,
1030 2873 1135 2921 quasi
1160 2874 1207 2909 ad
1232 2886 1312 2910 rem
1342 2874 1408 2910 du-

354 2924 471 2961 biam:
493 2925 596 2973 quod
614 2937 657 2961 ex
672 2925 754 2973 ipso
770 2926 886 2962 modo
902 2925 1133 2973 procedendi
1148 2925 1327 2962 frivolum
1343 2938 1407 2974 ap-

351 2984 467 3025 paret.
490 2978 538 3013 Et
555 2985 749 3025 praeterea
762 2982 786 3024 ⁰,
806 2978 1052 3026 perpetuitate
1071 2978 1252 3026 temporis
1273 2986 1308 3015 et
1326 2991 1408 3015 mo-

352 3037 411 3065 tus
431 3029 538 3076 quasi
556 3030 740 3078 principio
769 3030 882 3066 utitur
900 3031 946 3067 ad
974 3031 1218 3079 probandum
1241 3031 1408 3080 primum

352 3079 578 3130 principium
607 3094 700 3129 esse,
722 3089 758 3118 et
776 3082 837 3118 hic
863 3082 901 3119 in
921 3091 1056 3120 octavo
1075 3084 1095 3104 'f‘
1115 3090 1149 3119 et
1173 3083 1211 3120 in
1236 3085 1305 3120 XII
1325 3085 1409 3120 Me-

354 3134 497 3181 taphys.
521 3135 556 3179 *3
586 3134 687 3171 unde
717 3135 958 3172 manifestum
987 3143 1061 3183 est,
1090 3135 1196 3184 quod
1231 3136 1410 3184 supponit

354 3185 428 3221 hoc
455 3193 636 3235 tanquam
663 3188 878 3235 probatum.

405 3306 433 3339 λ)
453 3307 499 3332 sed
516 3307 578 3339 quia
596 3315 686 3339 supra.
698 3322 719 3326 -
737 3311 763 3332 et
785 3308 847 3340 quia
865 3308 987 3339 similiter
1004 3309 1078 3333 Plab.
1089 3322 1107 3327 -
1126 3310 1204 3333 Linea
1222 3310 1339 3341 sequenti
1359 3317 1406 3341 pro

353 3342 412 3367 ideo
430 3342 478 3370 hic,
493 3342 551 3366 ideo
569 3345 596 3366 et
614 3342 655 3367 hic
673 3343 752 3367 codex
772 3343 801 3371 N,
817 3343 875 3366 ideo
894 3343 973 3367 etiam
992 3343 1034 3367 hic
1052 3344 1131 3368 codex
1150 3344 1179 3372 D,
1195 3344 1254 3368 ideo
1269 3344 1348 3368 etiam
1363 3352 1406 3368 co-

354 3378 401 3401 dex
416 3377 445 3406 R,
466 3377 523 3401 ideo
542 3377 621 3401 etiam
639 3380 666 3401 et
684 3377 726 3402 hic
744 3377 820 3401 ceteri
839 3382 863 3401 et
882 3378 957 3401 editio
971 3385 997 3402 a.
1010 3391 1029 3396 —
1043 3379 1159 3410 Sequens
1174 3385 1226 3402 non
1237 3386 1290 3403 orn.
1304 3379 1335 3403 N.

406 3412 433 3445 μ)
453 3411 515 3443 quia
530 3411 643 3443 ponitur
660 3412 730 3444 quod
748 3411 846 3436 omnia.
863 3426 883 3430 —
901 3412 964 3443 quia
986 3419 1062 3436 omne
1080 3413 1151 3444 quod
1168 3413 1257 3437 omnia
1275 3413 1406 3444 AlVYpC,

352 3447 414 3478 quia
433 3453 509 3471 omne
527 3450 553 3470 et
570 3447 659 3471 onmia
678 3446 714 3476 K,
733 3447 795 3478 quia
814 3450 861 3471 aut
879 3446 950 3478 quod
968 3447 1057 3471 omnia
1076 3447 1114 3476 Μ,
1134 3447 1196 3479 quia
1214 3451 1318 3479 oportet
1336 3448 1407 3479 quod

353 3481 443 3506 omnia
461 3481 496 3510 T,
515 3481 577 3514 quia
595 3481 684 3505 omnia
704 3481 784 3510 PQsC
803 3486 828 3505 et
846 3481 896 3505 ab.

405 3517 429 3548 ν)
449 3516 648 3548 intelligeretur.
661 3530 679 3535 —·
691 3516 742 3544 Plu
761 3516 923 3548 intelligetur
941 3516 980 3540 ed.
995 3523 1026 3545 a,
1047 3516 1175 3548 intelliget
1193 3517 1229 3546 G,
1249 3517 1407 3549 intelligitur

354 3556 401 3576 cet.
414 3564 432 3569 —-
447 3551 504 3575 Lin.
523 3558 579 3583 seq.
598 3559 644 3583 pro
663 3551 795 3583 intelligit,
816 3551 928 3575 intendit
945 3551 1235 3576 BCDFGHMNORVZ.

2449 282 2518 328 371

1527 369 1582 404 17.
1606 357 1681 393 Sed
1702 357 1732 394 si
1760 358 1843 405 quis
1873 365 1971 394 recte
1992 358 2154 395 rationes
2177 359 2238 394 hic
2265 358 2406 406 positas
2436 371 2524 395 con-

1468 409 1622 455 sideret,
1652 410 1871 447 huiusmodi
1891 411 2096 447 rationibus
2124 411 2261 447 veritas
2289 411 2379 447 fidei
2400 411 2523 447 effica-

1469 461 1557 497 citer
1576 461 1788 510 impugnari
1807 475 1885 499 non
1904 470 2036 510 potest.
2060 464 2155 499 Sunt
2179 463 2279 500 enim
2304 463 2523 499 huiusmodi

1468 514 1629 550 rationes
1650 515 1822 551 efficaces
1842 515 1890 551 ad
1908 515 2150 563 probandum
2178 515 2280 563 quod
2300 523 2427 551 motus
2446 527 2524 552 non

1467 566 1646 614 inceperit
1682 579 1750 614 per
1785 567 1888 604 viam
1917 575 2091 614 naturae,
2124 568 2218 617 sicut
2255 568 2301 604 ab
2340 568 2524 616 aliquibus

1466 619 1694 667 ponebatur:
1724 620 1791 655 sed
1820 620 1924 667 quod
1952 633 2030 656 non
2062 620 2243 668 inceperit
2277 620 2382 668 quasi
2412 621 2524 656 rebus

1468 671 1514 707 de
1543 683 1646 708 novo
1675 672 1866 719 productis
1896 685 1917 708 a
1940 673 2064 720 primo
2094 684 2220 709 rerum
2253 672 2454 720 principio,
2483 680 2525 708 ut

1466 724 1562 760 fides
1583 731 1709 760 nostra
1737 724 1854 772 ponit,
1875 725 1950 760 hoc
1969 725 2010 761 iis
2039 725 2245 761 rationibus
2264 725 2417 772 probari
2445 737 2524 762 non

1466 783 1607 824 potest;
1639 777 1743 824 quod
1762 784 1863 824 patet
1889 778 1909 797 ’¹‘
1937 777 2100 824 singulas
2126 777 2308 813 illationes
2337 777 2397 813 hic
2424 777 2523 825 posi-

1466 836 1522 864 tas
1565 829 1828 865 consideranti.
1868 830 1966 866 Cum
1998 830 2098 866 enim
2136 829 2299 877 quaerit,
2335 829 2364 865 si
2397 837 2524 866 motus

1467 893 1546 917 non
1583 893 1734 929 semper
1763 883 1782 902 ²³²
1811 881 1897 927 fuit,
1924 889 2050 918 utrum
2078 881 2273 918 moventia
2303 889 2337 917 et
2369 882 2525 918 mobilia

1467 945 1618 982 semper
1632 933 1813 970 fuerunt*
1828 935 1890 970 vel
1909 947 2004 970 non:
2022 934 2331 982 respondendum
2349 942 2402 970 est
2421 934 2525 982 quod

1466 986 1632 1033 primum
1662 998 1823 1023 movens
1861 999 2012 1035 semper
2040 987 2123 1032 fuit3
2154 986 2284 1022 omnia
2310 998 2403 1023 vero
2440 987 2522 1032 alia,

1467 1038 1546 1073 sive
1567 1038 1639 1074 sint
1658 1039 1852 1075 moventia
1880 1039 1959 1075 sive
1980 1039 2146 1085 mobilia,
2167 1051 2245 1075 non
2274 1050 2425 1086 semper
2446 1039 2523 1075 fue-

1467 1097 1562 1136 runt,
1585 1090 1652 1126 sed
1680 1091 1901 1138 inceperunt
1930 1104 2011 1128 esse
2040 1104 2062 1128 a
2091 1104 2204 1128 causa
2236 1091 2441 1127 universali
2468 1098 2523 1127 to-

1466 1142 1538 1178 tius
1568 1154 1660 1179 esse.
1683 1144 1890 1179 Ostensum
1911 1151 1965 1180 est
1984 1152 2110 1180 autem
2130 1156 2243 1192 supra
2263 1145 2294 1189 ’ἢ
2316 1144 2420 1192 quod
2438 1156 2524 1192 pro-

1468 1194 1592 1231 ductio
1621 1195 1745 1242 totius,
1763 1207 1844 1231 esse
1865 1207 1886 1231 a
1906 1208 2019 1232 causa
2037 1197 2158 1244 prima
2186 1196 2344 1243 essendi,
2364 1208 2442 1232 non
2472 1203 2526 1232 est

1467 1254 1613 1293 motus,
1640 1247 1719 1284 sive
1747 1255 1911 1295 ponatur
1936 1249 2040 1296 quod
2060 1250 2155 1284 haec
2184 1261 2309 1285 rerum
2338 1249 2524 1284 emanatio

1467 1299 1512 1335 sit
1539 1300 1588 1336 ab
1616 1307 1781 1346 aeterno,
1811 1300 1891 1336 sive
1919 1313 2012 1337 non.
2041 1301 2102 1336 Sic
2132 1313 2219 1347 ergo
2249 1313 2326 1337 non
2359 1301 2527 1349 sequitur

1467 1352 1572 1400 quod
1600 1359 1685 1389 ante
1713 1352 1876 1401 primam
1906 1353 2155 1389 mutationem
2182 1353 2226 1389 sit
2254 1354 2377 1401 aliqua
2405 1360 2526 1389 muta-

1467 1405 1529 1440 tio.
1553 1405 1781 1453 Sequeretur
1809 1413 1936 1442 autern
1962 1405 1991 1442 si
2020 1405 2214 1442 moventia
2233 1413 2269 1441 et
2297 1405 2452 1442 mobilia
2472 1418 2526 1441 es-

1467 1464 1550 1493 sent
1578 1458 1624 1494 de
1653 1469 1756 1494 novo
1775 1458 1961 1506 producta
1988 1458 2026 1494 in
2055 1470 2137 1494 esse
2161 1458 2209 1494 ab
2239 1458 2364 1506 aliquo
2394 1465 2525 1505 agente

1466 1509 1688 1558 particulari,
1710 1510 1814 1558 quod
1842 1518 1968 1558 ageret
1997 1510 2120 1559 aliquo
2150 1510 2318 1547 subiecto
2346 1523 2526 1558 praesup-

1467 1562 1602 1610 posito,
1619 1562 1723 1611 quod
1742 1570 2053 1599 transmutaretur
2072 1563 2118 1599 de
2138 1575 2216 1599 non
2237 1575 2317 1599 esse
2334 1563 2371 1599 in
2392 1575 2472 1599 esse
2493 1563 2525 1609 ²¹²,

1468 1614 1547 1651 sive
1564 1615 1610 1651 de
1629 1615 1842 1663 privatione
1862 1615 1910 1652 ad
1925 1616 2107 1652 formam:
2130 1615 2177 1652 de
2197 1616 2271 1652 hoc
2291 1615 2391 1652 enim
2408 1616 2525 1652 modo

1467 1667 1671 1715 incipiendi
1698 1668 1868 1715 procedit
1896 1668 1989 1704 ratio
2022 1668 2241 1704 Aristotelis.

1527 1721 1583 1756 18.
1607 1720 1682 1756 Sed
1711 1720 1800 1768 quia
1822 1721 2002 1768 ponimus
2022 1721 2155 1757 saltem
2176 1722 2195 1740 '⁵
2215 1720 2383 1769 primum
2404 1728 2527 1756 moto·
2555 1730 2564 1738 ·
2579 1729 2615 1749 vel
2629 1729 2680 1750 add·
2697 1735 2765 1750 mm

2554 1756 2742 1777 nuonsvxvzab.

1468 1784 1550 1807 rem
1569 1784 1722 1820 semper
1740 1772 1864 1819 fuisse,
1886 1773 2196 1821 respondendum
2226 1780 2337 1809 restat
2356 1773 2527 1820 sequenti

1468 1824 1548 1860 eius
1564 1824 1792 1870 deductioni,
1809 1837 1884 1873 qua
1900 1826 2089 1862 concludit
2104 1825 2206 1874 quod
2223 1825 2263 1871 si,
2275 1826 2526 1873 praeexisten-

1467 1876 1566 1912 tibus
1594 1877 1836 1913 moventibus
1863 1885 1899 1913 et
1926 1878 2141 1925 mobilibus,
2167 1878 2318 1926 incipiat
2347 1878 2393 1914 de
2422 1890 2525 1914 novo

1469 1941 1549 1965 esse
1578 1936 1722 1976 motus,
1753 1937 1902 1978 oportet
1930 1930 2035 1979 quod
2062 1930 2256 1968 moventia
2283 1931 2345 1967 vel
2373 1930 2527 1967 mobilia

1466 1981 1569 2029 prius
1589 1994 1668 2018 non
1688 1990 1812 2018 essent
1839 1982 1877 2019 in
1897 1984 1969 2019 hac
1997 1983 2252 2031 dispositione,
2279 1983 2318 2019 in
2337 1995 2413 2030 qua
2441 1991 2527 2019 sunt

1468 2034 1560 2071 dum
1581 2042 1636 2070 est
1654 2042 1799 2075 motus:
1821 2043 1856 2071 et
1876 2035 1928 2071 sic
1957 2043 2106 2084 oportet
2125 2036 2229 2084 quod
2256 2035 2417 2083 primam
2443 2048 2526 2072 mu-

1466 2086 1648 2123 tationem
1677 2087 1880 2135 praecedat
1898 2088 2024 2136 aliqua
2043 2088 2212 2124 mutatio.
2244 2089 2293 2124 Et
2312 2088 2341 2124 si
2371 2087 2526 2136 quidem

1467 2139 1514 2175 de
1534 2139 1616 2187 ipso
1642 2147 1749 2175 motu
1768 2141 1980 2188 loquamur,
2003 2141 2118 2177 facilis
2139 2149 2194 2177 est
2213 2141 2427 2188 responsio:
2449 2153 2527 2176 non

1467 2190 1568 2227 enim
1597 2191 1753 2228 mobilia
1779 2192 1885 2240 prius
1915 2201 2020 2229 erant
2045 2193 2083 2229 in
2114 2194 2186 2230 hac
2217 2193 2460 2241 dispositione
2489 2193 2526 2229 in

1466 2255 1542 2290 qua
1569 2255 1671 2279 nunc
1698 2251 1799 2291 sunt,
1825 2245 1914 2292 quia
1941 2246 2044 2293 prius
2068 2258 2146 2282 non
2176 2253 2295 2291 erant;
2320 2246 2421 2282 unde
2445 2258 2526 2282 mo-

1465 2295 1546 2332 veri
1574 2307 1652 2332 non
1679 2303 1863 2343 poterant.
1895 2297 1972 2334 Sed
1991 2297 2085 2334 sicut
2109 2297 2250 2335 dictum
2276 2306 2330 2334 est
2344 2299 2375 2344 *,
2400 2298 2525 2346 ipsum

1467 2360 1548 2384 esse
1576 2361 1655 2385 non
1683 2349 1962 2397 acquisiverunt
1987 2362 2057 2398 per
2079 2351 2330 2387 mutationem
2357 2352 2418 2387 vel
2443 2363 2524 2386 mo-

1465 2408 1558 2447 tum,
1580 2401 1647 2437 sed
1674 2413 1744 2449 per
1772 2402 2052 2438 emanationem
2075 2415 2097 2438 a
2124 2403 2247 2450 primo
2269 2415 2395 2439 rerum
2424 2403 2523 2451 prin-

1466 2453 1578 2501 cipio:
1601 2460 1637 2489 et
1664 2453 1717 2489 sic
1736 2466 1814 2490 non
1833 2454 2000 2502 sequitur
2027 2455 2132 2503 quod
2151 2463 2237 2491 ante
2256 2455 2422 2503 primam
2441 2468 2524 2491 mu-

1464 2506 1644 2542 tationem
1665 2506 1709 2542 sit
1728 2506 1852 2555 aliqua
1866 2507 2069 2543 mutatio.-
2087 2508 2163 2544 Sed
2177 2507 2329 2544 ulterius
2356 2515 2525 2544 remanet

1465 2558 1633 2607 quaestio
1663 2560 1710 2595 de
1738 2559 1861 2607 prima
1879 2560 1899 2580 ’¹‘
1919 2571 2045 2595 rerum
2072 2560 2332 2607 productione.
2355 2560 2394 2596 Si
2421 2560 2523 2597 enim

1463 2611 1630 2659 primum
1657 2611 1903 2659 principium,
1935 2612 2039 2660 quod
2065 2620 2119 2648 est
2147 2614 2272 2659 Deus,
2308 2625 2387 2649 non
2421 2612 2524 2649 aliter

1465 2676 1504 2700 se
1532 2664 1646 2700 habet
1669 2676 1770 2700 nunc
1798 2676 1913 2712 quam
1940 2664 2060 2712 prius,
2090 2677 2169 2701 non
2197 2665 2314 2712 magis
2342 2677 2443 2701 nunc
2463 2677 2522 2702 res

1463 2716 1637 2764 producit
1674 2729 1790 2764 quam
1823 2717 1947 2764 prius:
1982 2717 2012 2753 si
2043 2729 2137 2754 vero
2175 2717 2279 2754 aliter
2313 2730 2353 2753 se
2387 2717 2520 2764 habet,

1464 2769 1596 2805 saltem
1625 2769 1781 2805 mutatio
1811 2781 1908 2817 quae
1938 2777 1992 2805 est
2021 2782 2065 2806 ex
2092 2777 2198 2818 parte
2228 2770 2316 2816 eius,
2339 2769 2404 2806 erit
2422 2770 2523 2817 prior

1465 2821 1673 2857 mutatione
1703 2834 1800 2870 quae
1818 2822 1972 2870 ponitur
1986 2822 2119 2871 prima.
2141 2823 2189 2858 Et
2208 2822 2361 2870 quidem
2382 2822 2410 2858 si
2427 2830 2523 2859 esset

1465 2886 1579 2921 agens
1593 2885 1662 2921 per
1680 2882 1854 2911 naturam
1874 2882 2031 2921 tantum,
2049 2883 2084 2911 et
2103 2887 2180 2911 non
2199 2888 2267 2923 per
2284 2876 2520 2912 voluntatem

1465 2934 1500 2962 et
1527 2926 1776 2973 intellectum,
1808 2939 1852 2963 ex
1880 2928 2099 2964 necessitate
2138 2927 2378 2964 concluderet
2404 2927 2520 2964 ratio:

1465 2979 1532 3015 sed
1560 2980 1648 3027 quia
1676 2979 1750 3026 agit
1776 2992 1845 3027 per
1871 2981 2125 3026 voluntatem,
2155 2988 2279 3028 potest
2300 2992 2368 3028 per
2386 2981 2521 3016 volun-

1464 3038 1580 3067 tatem
1613 3039 1805 3068 aeternam
1833 3033 2044 3080 producere
2079 3032 2255 3069 effectum
2291 3045 2369 3069 non
2403 3040 2520 3068 aeter-

1465 3096 1574 3131 num,
1605 3084 1699 3120 sicut
1725 3084 1913 3121 intellectu
1939 3086 1959 3106 ’²‘
1986 3093 2139 3121 aeterno
2166 3093 2291 3134 potest
2318 3085 2520 3131 intelligere

1465 3148 1546 3172 rem
1574 3149 1652 3172 non
1681 3144 1889 3174 aeternam:
1919 3150 1977 3174 res
2007 3137 2107 3174 enim
2135 3137 2318 3174 intellecta
2347 3145 2402 3172 est
2427 3149 2519 3184 quo-

1466 3188 1676 3225 dammodo
1713 3189 1939 3238 principium
1977 3189 2132 3226 actionis
2164 3189 2203 3225 in
2231 3188 2424 3236 agentibus
2451 3201 2520 3236 per

1461 3317 1530 3339 vero,
1545 3318 1608 3343 ergo
1627 3312 1875 3341 BCDFHMNORZ;
1894 3318 1941 3342 pro
1955 3311 2123 3335 Aristotelem
2143 3309 2287 3338 ostendere,
2303 3311 2439 3335 ostendere
2456 3311 2518 3335 Ari-

1461 3346 1578 3370 stotelem
1597 3346 1639 3370 hic
1657 3347 1694 3376 D,
1712 3346 1880 3371 Aristotelem
1900 3345 1941 3370 hic
1959 3345 2095 3369 ostendere
2113 3345 2379 3375 BCFHMNORTVZ,
2398 3346 2440 3370 hic
2457 3346 2519 3370 Ari-

1461 3380 1746 3447 smtge'gtfiraeterea.
1755 3429 1774 3433 -
1787 3415 1900 3446 aprima
1914 3414 2001 3445 AYpK
2017 3418 2042 3438 et
2056 3414 2094 3438 ed.
2105 3421 2130 3442 a,
2141 3417 2167 3438 et
2174 3414 2266 3445 prima
2279 3414 2380 3444 CMVX,
2394 3418 2420 3439 et
2427 3415 2518 3446 primo

1461 3449 1501 3473 ed.
1516 3450 1538 3478 b,
1558 3453 1584 3474 et
1598 3453 1742 3481 propterea
1762 3451 1790 3478 B,
1810 3453 1836 3474 et
1849 3449 1998 3480 praeterita
2017 3449 2048 3478 D,
2062 3455 2099 3473 ex
2118 3449 2175 3480 ipsa
2193 3449 2260 3473 enim
2281 3450 2332 3480 LS;
2353 3450 2461 3481 legimus
2483 3451 2519 3474 Et

1456 3487 1599 3515 praeterea
1618 3493 1676 3508 cum
1696 3490 1758 3514 cet.‚
1778 3485 1796 3508 Ρ
1816 3489 1840 3508 et
1858 3485 1948 3508 Venet.
1966 3483 2040 3514 1504.
2058 3498 2076 3501 -
2095 3483 2157 3508 Post
2175 3484 2218 3508 lin.
2237 3484 2403 3509 ABKLSYa:
2426 3488 2452 3510 et
2470 3485 2518 3510 hoc

1461 3518 1487 3542 in
1507 3522 1614 3548 octavo,
1635 3520 1705 3551 quod
1725 3519 1760 3543 Pb
1780 3519 1909 3550 corrigunt
1928 3519 2134 3550 transponendo:
2154 3519 2180 3542 in
2199 3519 2255 3543 hoc.
2281 3519 2330 3543 Pro
2354 3520 2516 3547 duodecimo,

1460 3556 1538 3577 sexto
1557 3554 1590 3582 B,
1610 3561 1678 3578 nono
1698 3554 1725 3583 F,
1738 3554 1763 3578 in
1783 3560 1852 3578 nono
1866 3554 1896 3582 L,
1912 3554 1937 3578 in
1958 3553 2093 3578 undecimo
2113 3553 2360 3585 CGHMNORTVZ,
2380 3555 2516 3580 undecimo

407 3584 430 3620 ξ)
459 3586 573 3616 Quidam
597 3593 658 3610 vero
679 3587 788 3619 frustra
813 3589 936 3611 conantes
961 3586 1128 3611 Aristotelem
1157 3587 1300 3611 ostendere.
1318 3600 1338 3605 ·-
1357 3587 1406 3611 Pro
1461 3587 1514 3612 Pal>
1530 3593 1554 3612 et
1568 3594 1615 3613 cet.
1631 3596 1684 3613 exc.
1698 3588 1729 3613 D.

2552 787 2561 795 '
2572 792 2618 813 per
2632 786 2761 807 adelmum..

2552 890 2560 899 ·
2577 895 2667 936 {emper
2685 896 2732 911 orn.
2748 897 2763 911 1>

2553 922 2579 936 sa
2597 932 2602 936 .

2553 943 2561 951 ¹
2569 942 2667 970 suerint
2678 948 2748 963 mou.

2553 1153 2562 1161 “
2577 1152 2646 1173 Num.
2663 1159 2686 1179 4.

2555 1569 2564 1576 ”
2575 1567 2598 1588 in
2614 1573 2664 1589 esse
2678 1574 2724 1590 om.

2555 2305 2563 2313 '¹
2577 2304 2647 2326 Num.
2663 2310 2739 2332 praec.

2552 2564 2560 2572 ·
2569 2563 2620 2590 ipsa
2631 2563 2700 2584 codd.
2713 2569 2763 2585 exc.

2548 3093 2557 3102 '¹
2572 3092 2601 3112 ab
2615 3091 2667 3113 add.
2683 3098 2707 3112 u.
