2898 3996
242 996 252 1005 ’
261 994 296 1016 Cf.
303 1000 366 1016 num.
375 1000 450 1022 praec.

241 1105 250 1114 ·
267 1103 452 1125 determinantur

239 1129 291 1151 rab.

239 1261 249 1270 ·
264 1260 367 1282 Maxime
379 1266 450 1282 Αειιυι

241 1292 328 1312 ατνιτ.

239 1413 249 1423 ·
263 1412 364 1434 maxime
376 1418 392 1435 ι.

481 283 554 319 320

478 360 621 396 tionem
639 358 815 407 propriae
834 364 1009 393 naturae:
1039 356 1110 392 alia
1135 355 1236 392 enim
1255 355 1435 403 perfectio
1454 367 1535 392 ma-

480 411 680 460 gnitudinis
697 409 875 458 competit
888 407 1034 445 homini
1050 415 1085 444 et
1100 408 1171 444 alia
1187 420 1285 456 equo
1295 410 1340 453 “);
1352 407 1534 444 terminus

480 472 604 501 autem
642 462 871 500 decrementi
899 467 954 497 est
980 461 1019 497 id
1047 460 1150 508 quod
1179 459 1358 508 contingit
1385 472 1468 497 esse
1496 460 1535 496 in

479 517 540 554 tali
569 523 701 552 natura
720 514 884 551 maxime
908 519 1098 550 remotum
1123 525 1144 549 a
1163 513 1328 561 perfecta
1349 512 1533 560 magnitu—

480 569 578 606 dine.
612 569 660 604 Et
688 567 740 603 sic
771 573 872 615 patet
903 565 1009 614 quod
1041 565 1230 614 quaelibet
1255 565 1533 614 praedictarum

478 620 731 658 mutationum
759 619 873 655 habet
900 617 1039 666 aliquid
1066 617 1242 654 ultimum
1269 618 1308 654 in
1337 617 1440 666 quod
1463 624 1532 653 ter-

479 673 657 710 minatur:
678 671 768 708 nihil
787 678 915 708 autern
934 671 1006 707 tale
1027 677 1082 707 est
1097 670 1303 707 infinitum:
1324 682 1412 718 ergo
1433 670 1534 706 nulla

477 725 754 775 praedictarum
773 723 1027 760 mutationum
1045 730 1169 771 potest
1189 735 1272 759 esse
1290 722 1445 759 infinita.

533 779 567 815 3.
597 777 744 814 Deinde
765 789 852 813 cum
872 775 979 812 dicit:
1009 776 1103 812 Loci
1119 781 1243 812 autem
1262 775 1416 812 mutatio
1446 781 1532 821 etc.,

477 829 647 880 procedit
675 829 723 866 ad
750 828 822 866 loci
850 827 1111 865 mutationem.
1141 829 1190 864 Et
1217 827 1341 876 primo
1371 827 1534 864 ostendit

478 882 583 932 quod
609 894 688 918 non
717 889 771 918 est
798 880 926 918 similis
955 880 1047 917 ratio
1077 881 1124 918 de
1152 880 1226 917 loci
1258 880 1468 917 mutatione
1497 887 1534 917 et

478 935 558 972 aliis
585 934 865 971 mutationibus.
899 934 991 970 Non
1019 933 1121 970 enim
1147 940 1273 982 potest
1300 932 1353 970 sic
1379 933 1532 982 probari

477 988 583 1037 quod
610 987 682 1024 loci
701 986 856 1023 mutatio
886 986 931 1022 sit
957 986 1074 1033 finita,
1096 986 1190 1023 sicut
1208 986 1412 1035 probatum
1436 994 1492 1022 est
1512 988 1531 1007 ’⁴³‘

478 1041 525 1078 de
554 1041 632 1077 aliis
661 1039 950 1084 mutationibus,
989 1050 1057 1087 per
1093 1039 1167 1075 hoc
1194 1039 1299 1088 quod
1328 1038 1532 1076 terminan-

477 1100 536 1130 tur
554 1094 574 1114 *
593 1093 642 1130 ad
657 1092 789 1141 aliqua
809 1091 1004 1139 contraria,
1024 1092 1086 1128 vel
1107 1091 1391 1129 contradictorie
1411 1103 1532 1141 oppo-

477 1146 565 1183 sita:
596 1145 684 1194 quia
711 1157 789 1181 non
809 1144 933 1181 omnis
961 1144 1033 1181 loci
1061 1144 1219 1182 mutatio
1246 1151 1302 1181 est
1320 1144 1415 1181 inter
1443 1157 1531 1181 con-

477 1198 589 1235 traria
616 1197 841 1246 simpliciter.
876 1197 1062 1234 Dicuntur
1090 1197 1191 1234 enim
1220 1197 1405 1235 contraria
1433 1210 1531 1246 quae

477 1251 641 1288 maxime
662 1250 808 1287 distant.
829 1249 998 1287 Maxima
1015 1251 1034 1272 ²¹²
1049 1258 1175 1287 autem
1196 1250 1368 1287 distantia
1391 1249 1531 1299 simpli-

477 1304 565 1340 citer
583 1303 762 1352 accipitur
780 1302 936 1352 quidem
955 1302 994 1339 in
1013 1303 1179 1340 motibus
1203 1302 1432 1340 naturalibus
1452 1315 1532 1351 gra-

475 1356 583 1394 vium
603 1364 639 1393 et
657 1355 816 1393 levium:
846 1356 951 1392 locus
975 1355 1077 1392 enim
1101 1355 1194 1403 ignis
1218 1369 1240 1393 a
1265 1362 1392 1392 centro
1412 1363 1531 1393 terrae

475 1409 590 1446 habet
609 1409 814 1446 maximam
831 1409 851 1430 '¹‘
870 1408 1095 1455 distantiam,
1112 1409 1322 1446 secundum
1339 1408 1531 1446 distantias

477 1462 742 1500 determinatas
770 1461 905 1498 talibus
932 1461 1153 1510 corporibus
1181 1461 1220 1498 in
1247 1469 1390 1498 natura.
1420 1462 1531 1499 Unde

475 1515 567 1551 tales
595 1514 822 1552 mutationes
849 1521 936 1550 sunt
963 1514 1057 1550 inter
1085 1514 1270 1551 contraria
1303 1514 1529 1563 simpliciter.

475 1567 586 1604 Unde
616 1567 662 1604 de
688 1567 906 1603 huiusmodi
934 1566 1205 1604 mutationibus
1228 1575 1357 1616 posset
1385 1568 1532 1605 ostendi

476 1620 580 1669 quod
612 1632 690 1656 non
723 1627 809 1656 sunt
840 1619 1028 1665 infinitae,
1059 1619 1153 1657 sicut
1181 1628 1217 1657 et
1244 1620 1291 1657 de
1324 1620 1415 1657 aliis.
1455 1621 1532 1658 Sed

475 1673 642 1710 maxima
671 1672 842 1709 distantia
868 1672 907 1709 in
931 1672 1097 1710 motibus
1115 1672 1290 1710 violentis
1315 1681 1379 1710 aut
1395 1674 1531 1711 volun-

474 1725 586 1771 tariis,
615 1738 693 1762 non
721 1725 900 1774 accipitur
918 1725 1135 1774 simpliciter
1155 1726 1367 1763 secundum
1386 1726 1532 1775 aliquos

473 1778 656 1815 terminos
685 1786 822 1823 certos3
852 1779 918 1815 sed
946 1778 1159 1816 secundum
1190 1778 1430 1827 propositum
1468 1787 1531 1816 aut

473 1831 693 1868 violentiam
722 1831 924 1879 moventis,
953 1831 1018 1880 qui
1046 1839 1110 1868 aut
1137 1843 1216 1868 non
1242 1832 1334 1879 vult,
1363 1839 1427 1868 aut
1454 1844 1533 1869 non

474 1891 598 1932 potest
625 1883 675 1920 ad
702 1883 889 1921 maiorem
915 1883 1127 1921 distantiam
1148 1896 1318 1921 movere.
1347 1884 1458 1921 Unde
1479 1891 1533 1921 est

473 1936 526 1973 ibi
554 1936 765 1973 secundum
787 1936 876 1985 quid
902 1936 1069 1974 maxima
1089 1936 1272 1983 distantia,
1294 1944 1329 1973 et
1355 1949 1424 1985 per
1444 1949 1532 1974 con-

475 2001 638 2038 sequens
667 1989 928 2036 contrarietas,
958 2002 1036 2026 non
1065 1997 1191 2026 autem
1222 1989 1448 2038 simpliciter.
1484 1991 1533 2027 Et

474 2041 561 2078 ideo
580 2054 659 2078 non
677 2049 824 2090 poterat
843 2042 991 2079 ostendi
1009 2055 1077 2091 per
1095 2042 1287 2090 terminos,
1308 2043 1413 2091 quod
1432 2043 1533 2080 nulla

474 2094 632 2131 mutatio
661 2094 788 2131 localis
817 2102 914 2131 esset
941 2095 1096 2132 infinita.

526 2158 563 2194 4.
593 2147 703 2184 Unde
731 2155 1005 2195 consequenter
1030 2148 1105 2185 hoc
1133 2147 1294 2184 ostendit
1322 2147 1393 2184 alia
1421 2147 1531 2184 ratio-

475 2211 543 2246 ne,
583 2211 680 2248 quae
718 2199 799 2236 talis
836 2207 902 2238 est.
942 2200 1035 2237 Illud
1068 2200 1172 2248 quod
1206 2199 1438 2248 impossibile
1476 2207 1532 2236 est

475 2264 556 2289 esse
586 2252 767 2299 decisum,
788 2265 866 2290 non
887 2252 1063 2301 contingit
1082 2252 1214 2290 decidi.
1245 2253 1294 2290 Et
1318 2252 1407 2301 quia
1434 2253 1530 2289 mul-

473 2304 644 2354 tipliciter
678 2305 810 2342 dicitur
837 2306 976 2355 aliquid
1003 2305 1248 2354 impossibile,
1269 2305 1407 2342 scilicet
1425 2305 1531 2354 quod

526 2452 554 2487 α)
573 2453 696 2486 competit
713 2454 813 2479 homini
836 2458 863 2479 et
885 2454 940 2479 alia
958 2462 1032 2487 equo.
1050 2468 1068 2473 -
1086 2455 1122 2480 Ita
1140 2455 1223 2486 FHN;
1242 2455 1366 2487 competit
1384 2455 1484 2480 homini
1507 2459 1533 2480 et

472 2495 538 2521 equo
557 2489 608 2517 Pb,
627 2489 750 2521 competit
769 2492 794 2514 et
812 2489 912 2514 homini
930 2493 956 2514 et
973 2497 1039 2522 equo
1058 2495 1106 2515 cet.
1125 2494 1150 2515 et
1167 2497 1194 2515 α.

525 2522 550 2556 β)
570 2524 643 2557 Ergo
658 2524 783 2556 possibile
801 2528 878 2550 est.—
895 2525 935 2550 Sic
955 2525 1094 2558 legendum
1114 2533 1172 2550 esse
1190 2530 1259 2558 patet
1277 2533 1307 2550 ex
1326 2530 1444 2550 contextu
1451 2533 1458 2556 ;
1482 2526 1530 2550 rni-

471 2566 530 2583 rum
549 2566 610 2584 sane
629 2559 698 2591 quod
718 2567 808 2584 omnes
828 2560 951 2585 editiones
970 2565 995 2585 et
1013 2568 1107 2593 magna
1125 2568 1185 2593 pars
1204 2560 1321 2585 codicum
1345 2569 1391 2594 pro
1404 2561 1530 2593 possibile

471 2593 566 2619 habent
585 2594 748 2626 impossibile.

1099 277 1444 315 PHYSICORUM
1470 277 1817 314 ARISTOTELIS
1847 278 1947 314 ῙᾸΒ.ν
1970 278 2022 314 VI

1589 355 1746 391 omnino
1767 367 1846 392 non
1870 355 2049 403 contingit
2069 368 2163 404 esse,
2194 363 2230 394 et
2257 357 2362 405 quod
2386 370 2464 395 non
2483 359 2530 396 de
2550 359 2648 397 facili

1587 414 1712 456 potest
1731 419 1830 453 esse;
1851 407 1937 445 ideo
1961 407 2164 457 interponit
2183 410 2231 447 de
2249 421 2326 458 quo
2345 410 2568 459 impossibili
2586 412 2648 449 hic

1588 459 1775 507 intelligat.
1805 460 1976 509 Intelligit
2005 461 2105 498 enim
2135 461 2182 498 de
2211 473 2258 498 eo
2286 463 2390 510 quod
2418 463 2471 500 sic
2496 472 2551 501 est
2577 464 2648 501 im-

1587 511 1782 560 possibile,
1817 514 1922 561 quod
1958 513 2060 550 nullo
2098 514 2217 551 modo
2256 514 2434 562 contingit
2467 528 2559 553 esse.
2598 518 2648 554 Et

1589 564 1724 602 eadem
1763 565 1905 603 ratione
1943 564 1981 602 id
2013 566 2118 614 quod
2150 573 2206 603 est
2237 565 2470 615 impossibile
2507 569 2647 606 factum

1589 629 1692 665 esse,
1729 617 1964 666 impossibile
1998 626 2054 655 est
2084 618 2188 665 fieri3
2228 618 2323 656 sicut
2350 619 2381 656 si
2414 620 2648 669 impossibile

1589 677 1644 706 est
1671 670 1960 708 contradictoria
1979 683 2062 708 esse
2090 671 2217 719 simul,
2247 671 2479 720 impossibile
2501 680 2556 710 est
2573 673 2648 711 hoc

1587 722 1681 760 fieri.
1715 724 1765 760 Et
1789 723 1872 772 pari
1900 723 2043 761 ratione
2081 724 2172 761 illud
2197 725 2303 772 quod
2330 724 2563 774 impossibile
2593 733 2650 763 est

1588 782 1776 813 mutatum
1811 787 1892 813 esse
1920 776 1959 813 in
1991 776 2149 826 aliquid,
2188 777 2421 826 impossibile
2456 785 2511 815 est
2543 778 2649 827 quod

1587 835 1754 865 mutetur
1785 828 1824 865 in
1856 828 1963 876 illud;
1998 829 2086 878 quia
2113 829 2203 866 nihil
2239 829 2358 867 tendit
2394 829 2443 868 ad
2475 829 2648 880 impossi-

1587 880 1672 918 bile.
1703 880 1781 918 Sed
1808 893 1923 918 omne
1951 881 2058 930 quod
2084 889 2251 920 mutatur
2277 883 2488 921 secundum
2506 883 2647 932 locum,

1587 940 1754 970 mutatur
1768 933 1806 971 in
1821 933 1972 983 aliquid.
1989 935 2091 982 Ergo
2110 935 2289 984 possibile
2309 943 2363 972 est
2378 933 2396 965 Ρ
2409 948 2478 985 per
2497 943 2646 974 motum

1586 985 1784 1034 pervenire
1804 986 1843 1023 in
1862 986 1964 1024 illud.
1995 987 2070 1024 Sed
2098 987 2288 1025 infinitum
2317 1001 2395 1025 non
2422 995 2547 1037 potest
2562 1001 2648 1038 per-

1586 1038 1742 1076 transiri.
1767 1039 1859 1076 Non
1880 1051 1968 1087 ergo
1989 1039 2104 1076 fertur
2126 1040 2267 1088 aliquid
2285 1040 2450 1078 localiter
2472 1053 2542 1090 per
2562 1042 2647 1079 infi-

1587 1091 1719 1129 nitum.
1742 1091 1804 1129 Sic
1824 1103 1911 1140 ergo
1932 1093 2055 1129 nullus
2074 1099 2202 1130 motus
2221 1092 2348 1130 localis
2368 1101 2423 1130 est
2441 1093 2619 1132 infinitus.

1641 1145 1689 1181 Et
1716 1144 1765 1181 ita
1793 1144 2054 1182 universaliter
2082 1152 2186 1194 patet
2218 1145 2322 1194 quod
2353 1146 2455 1183 nulla
2489 1146 2648 1184 mutatio

1585 1204 1710 1246 potest
1743 1209 1825 1234 esse
1858 1197 1910 1234 sic
1937 1197 2103 1245 infinita,
2136 1205 2179 1235 ut
2210 1211 2288 1235 non
2319 1198 2472 1238 finiatur
2497 1200 2518 1221 ’¹'
2541 1199 2648 1238 certis
2674 1203 2685 1214 ⁶
2713 1245 2720 1252 ι

1586 1249 1766 1297 terminis,
1788 1262 1810 1286 a
1829 1250 1966 1299 quibus
1993 1250 2160 1299 speciem
2180 1251 2305 1288 habet.
2599 1293 2611 1307 ι

1644 1303 1675 1340 5.
1706 1303 1854 1340 Deinde
1883 1315 1971 1340 curn
2000 1302 2104 1341 dicit:
2134 1303 2208 1340 Sed
2223 1304 2257 1340 si
2274 1304 2328 1341 sic
2355 1304 2538 1354 contingit
2563 1312 2647 1355 etc,

1587 1355 1750 1393 ostendit
1766 1356 1965 1405 quomodo
1986 1363 2113 1394 motus
2131 1356 2251 1405 possit
2271 1368 2352 1394 esse
2366 1356 2534 1395 infinitus
2553 1364 2647 1395 tem-

1586 1421 1691 1457 pore.
1726 1410 1775 1446 Et
1807 1408 1895 1446 dicit
1931 1408 2036 1459 quod
2073 1408 2393 1448 considerandum
2430 1417 2486 1447 est
2520 1417 2648 1448 utrum

1586 1461 1639 1498 sic
1673 1461 1863 1510 contingat
1895 1469 2046 1499 motum
2080 1474 2163 1499 esse
2194 1462 2385 1500 infinitum
2418 1470 2592 1512 tempore
2619 1468 2646 1511 ⁷,

1585 1522 1627 1551 ut
1654 1527 1806 1563 semper
1833 1522 1987 1552 maneat
2013 1527 2113 1552 unus
2143 1522 2179 1552 et
2201 1514 2304 1552 idem
2329 1528 2503 1553 numero.
2530 1516 2648 1563 Quod

1587 1567 1689 1604 enim
1726 1575 1853 1605 motus
1891 1567 2000 1605 duret
2035 1578 2105 1617 per
2140 1567 2329 1606 infinitum
2361 1576 2534 1618 temPUS,
2568 1581 2649 1608 non

1588 1620 1766 1658 existente
1785 1633 1863 1658 uno
1883 1620 1965 1669 ipso
1985 1628 2104 1668 motu,
2130 1621 2221 1658 nihil
2239 1621 2431 1671 prohibet:
2452 1622 2558 1672 quod
2576 1622 2647 1660 sub

1589 1673 1821 1711 dubitatione
1841 1673 1939 1720 dicit,
1960 1673 2105 1711 addens
2122 1675 2240 1723 sorte,
2257 1673 2345 1723 quia
2362 1675 2549 1724 posterius
2565 1676 2586 1697 *
2599 1675 2647 1714 de
2674 1677 2684 1688 ’
2733 1691 2745 1725 .‘

1586 1726 1662 1763 hoc
1698 1726 1869 1775 inquiret.
1907 1727 1956 1764 Et
1991 1726 2099 1775 ponit
2127 1728 2366 1776 exemplum:
2405 1727 2500 1765 sicut
2527 1728 2559 1766 si
2593 1727 2647 1766 di-

1588 1790 1719 1816 camus
1756 1778 1861 1828 quod
1888 1786 1975 1828 post
2002 1779 2075 1816 loci
2103 1779 2354 1817 mutationem
2383 1787 2437 1818 est
2467 1781 2647 1829 alteratio,

1588 1838 1623 1868 et
1641 1838 1728 1880 post
1746 1831 2005 1868 alterationem
2026 1838 2080 1868 est
2099 1840 2359 1882 augmentum,
2389 1841 2426 1870 et
2451 1841 2540 1882 post
2557 1845 2648 1883 aug-

1587 1891 1759 1921 mentum
1791 1884 1927 1921 iterum
1969 1884 2183 1932 generatio,
2222 1892 2258 1922 et
2289 1884 2343 1922 sic
2374 1886 2413 1923 in
2443 1885 2645 1924 infinitum.

1587 1936 1648 1974 Sic
1678 1936 1780 1974 enim
1813 1949 1965 1986 semper
1991 1944 2121 1986 posset
2148 1945 2275 1975 motus
2310 1937 2445 1976 durare
2473 1946 2647 1989 tempore

1586 1989 1745 2026 infinito.
1768 1990 1846 2027 Sed
1864 2002 1943 2027 non
1963 1997 2060 2027 esset
2078 2002 2178 2027 unus
2197 1991 2409 2028 secundum
2429 2003 2646 2039 numerum3

1586 2042 1674 2090 quia
1695 2055 1739 2079 ex
1753 2042 1972 2079 huiusmodi
1993 2043 2159 2080 motibus
2178 2055 2256 2080 non
2275 2044 2318 2080 fit
2334 2056 2456 2081 unum
2471 2056 2646 2093 numero,

1585 2103 1627 2132 ut
1644 2095 1683 2131 in
1698 2095 1827 2144 quinto
1843 2097 1863 2116 ³²
1878 2103 2072 2132 ostensum
2089 2103 2154 2133 est.
2176 2095 2254 2133 Sed
2267 2097 2373 2145 quod
2391 2104 2519 2134 motus
2539 2097 2648 2136 duret
2673 2108 2687 2133 ·,

1585 2155 1758 2196 ternpore
1791 2148 1956 2195 infinito,
1987 2148 2036 2185 ita
2063 2149 2169 2198 quod
2197 2161 2350 2198 semper
2368 2157 2522 2187 maneat
2547 2162 2647 2188 unus

1585 2212 1759 2248 numero,
1770 2201 1846 2237 hoc
1860 2213 1939 2237 non
1950 2200 2130 2249 contingit
2144 2201 2215 2238 nisi
2226 2202 2263 2238 in
2273 2214 2351 2239 una
2365 2202 2490 2251 specie
2505 2210 2646 2241 motus:

1583 2260 1710 2290 motus
1730 2253 1833 2290 enirn
1853 2252 2041 2290 circularis
2068 2261 2194 2302 potest
2213 2254 2349 2292 durare
2376 2268 2476 2293 unus
2496 2262 2533 2292 et
2557 2268 2648 2295 con-

1583 2305 1708 2343 tinuus
1727 2313 1901 2355 ternpore
1920 2306 2078 2355 infinito,
2099 2314 2141 2344 ut
2164 2307 2202 2344 in
2221 2315 2358 2345 octavo
2375 2308 2395 2330 ⁸¹
2415 2308 2648 2348 ostendetur.
2673 2318 2684 2329 ·

1586 2456 1654 2480 Pab:
1673 2459 1763 2481 utrum
1780 2456 1920 2489 contingat
1941 2459 2041 2482 motum
2059 2457 2098 2482 sic
2121 2463 2176 2482 esse
2201 2460 2301 2483 motum
2320 2457 2451 2492 infinitum
2470 2461 2602 2491 tempore,
2621 2463 2648 2485 et

1585 2491 1634 2522 LS,
1645 2491 1688 2524 qui
1702 2500 1750 2524 pro
1762 2492 1800 2517 sic
1813 2492 1952 2525 contingat
1969 2491 2064 2517 habent
2075 2492 2100 2517 si
2112 2492 2253 2526 contingat
2265 2493 2311 2518 sic.
2323 2506 2344 2512 —
2362 2493 2398 2518 lbi
2413 2493 2492 2524 Quod
2504 2494 2575 2519 enim
2589 2499 2647 2527 etc„

1584 2526 1606 2550 E
1621 2531 1707 2551 notam
1724 2527 1892 2559 marginalem
1906 2527 1992 2560 inepte
2010 2527 2088 2552 textui
2101 2527 2230 2552 inserens:
2252 2527 2331 2558 Quod
2347 2529 2426 2558 enim,
2445 2529 2544 2555 scilicet
2560 2529 2646 2556 circu-

1583 2561 1649 2587 laris
1668 2562 1750 2594 ipsius
1761 2562 1930 2595 firmamenti
1943 2569 1981 2588 ex
1993 2569 2044 2595 quo
2057 2566 2204 2588 causantur
2221 2563 2271 2588 alii
2288 2566 2382 2593 motus,
2402 2567 2488 2589 motus
2500 2565 2580 2590 duret
2593 2571 2647 2598 per

1583 2596 1714 2630 infinitum
1733 2601 1843 2630 tempus,
1857 2605 1909 2622 non
1924 2597 2055 2624 existente
2074 2605 2126 2624 uno
2145 2598 2201 2631 ipso
2220 2601 2302 2630 motu,
2319 2599 2418 2624 scilicet
2435 2602 2545 2625 causato
2562 2607 2581 2626 a
2592 2599 2646 2627 clr-

523 2629 551 2662 γ)
570 2632 659 2655 utrum
678 2630 741 2655 sic...
761 2633 886 2663 tempore.
903 2645 922 2651 -
940 2632 977 2656 lta
990 2631 1065 2656 codd.
1085 2638 1139 2656 exc.
1157 2631 1386 2665 ACKMQVXYpI.
1405 2631 1450 2664 qui
1468 2640 1527 2657 cum
1581 2633 1675 2663 calari,
1695 2633 1761 2658 nihil
1773 2633 1907 2666 prohibet.
