2950 4004
224 481 235 491 ⁹
246 481 389 527 cenlrgvletur
395 480 439 501 vob

227 511 249 528 et
259 507 302 528 cod
321 523 326 528 .
337 512 386 527 cxc.
396 512 439 527 nti-

228 538 371 554 ouuxonzsr..

227 586 235 594 '
243 584 388 631 centuplatas
396 584 439 605 pah

226 615 247 632 cx
258 610 301 631 cod
320 626 325 631 .
336 616 385 631 exc.
396 616 439 631 ner-

225 642 355 658 GMNORYSL.

226 663 238 674 ⁴
261 662 439 683 determinatum

226 695 275 709 om.
290 694 405 715 ntnnpon.

228 715 336 761 “brolius
351 720 398 735 om.
410 720 439 735 1²1<

226 747 388 813 qbftinceretur
411 772 438 787 Ρτ

226 799 241 830 ff
252 809 342 840 e'xcedit
355 824 376 839 Ρ.

227 1159 235 1167 ·
255 1159 342 1178 tantum
361 1163 438 1178 nterim

226 1190 263 1205 ma.

226 1263 235 1274 ⁸
251 1262 377 1283 distantias
395 1267 437 1282 seu

226 1295 274 1310 om.
289 1294 323 1309 ΡΖ.

226 1533 236 1543 ’
257 1532 289 1553 al.
305 1532 350 1553 l'ra
372 1538 436 1553 mun-

226 1558 279 1579 dum
293 1565 312 1584 s,
327 1564 374 1580 om.
393 1563 437 1580 cet.

228 2111 236 2119 ”
252 2111 275 2130 si
285 2115 353 2134 qux:
364 2115 411 2131 om.
423 2116 438 2131 a

228 2140 249 2158 et
259 2140 302 2157 cet,
312 2135 380 2157 codd.
388 2142 438 2157 exc.

227 2168 248 2183 c.

228 2217 235 2224 ¹
259 2220 321 2242 aqua
337 2215 437 2242 frigida

227 2247 275 2262 om.
291 2247 305 2262 a
327 2246 348 2262 et
369 2241 437 2262 codd.

227 2274 276 2289 exc.
291 2273 397 2289 conr-ros.

472 292 541 328 126

465 369 584 419 qualis
612 369 687 417 igni
706 369 743 406 in
762 368 940 418 potentia.
972 367 1011 404 Si
1031 366 1132 403 enim
1160 364 1327 414 potentia
1346 363 1441 412 ignis
1470 371 1524 400 est

466 422 641 470 centuplo
657 421 779 458 maior
794 434 909 470 quam
927 419 1096 469 potentia
1111 417 1204 454 aeris
1220 416 1391 453 eiusdem
1406 428 1523 464 quan-

465 475 586 521 titatis,
599 474 629 510 si
644 486 709 510 aer
723 473 990 522 centuplicetur
1002 473 1021 494 ’²‘
1032 471 1243 508 secundum
1263 468 1523 518 quantitatem,

467 527 535 563 erit
554 527 719 574 aequalis
740 526 773 562 ei
792 525 830 562 in
848 524 1031 574 potentia:
1053 530 1088 560 et
1107 530 1234 559 tamen
1253 533 1319 558 aer
1344 521 1523 570 centupli-

468 586 571 616 catus
587 580 607 600 ’⁵
624 586 678 615 est
696 578 959 627 multiplicatus
979 576 1190 613 secundum
1210 574 1375 622 aliquem
1391 585 1524 610 nume-

467 644 552 668 rum
569 630 858 668 determinatum
870 630 902 677 ⁵¹⁸,
916 637 951 666 et
964 628 1126 666 vincitur
1140 640 1162 664 a
1176 626 1344 676 potentia
1358 626 1470 663 totius
1482 626 1523 647 *³¹³

467 683 562 720 aeris
590 683 734 720 infiniti.
765 683 875 720 Unde
908 681 1149 718 manifestum
1185 687 1239 716 est
1273 678 1376 728 quod
1410 678 1524 715 etiam

465 735 632 785 potentia
659 735 753 783 ignis
780 735 952 772 vincetur
972 735 991 755 “²‘'
1012 746 1034 770 a
1052 732 1220 782 potentia
1248 731 1343 768 aeris
1369 730 1522 776 infiniti;

467 795 503 824 et
530 787 582 824 sic
611 787 798 824 infinitum
829 786 971 823 excellit
999 786 1018 807 ’¹‘
1049 793 1084 822 et
1117 784 1325 833 corrumpit
1351 783 1522 831 finitum,

466 847 818 888 quantumcumque
846 838 1066 887 potentioris
1094 845 1250 874 naturae
1278 836 1462 884 videatur.

519 904 555 940 7.
586 892 761 929 Similiter
781 891 892 928 etiam
912 903 989 927 non
1008 897 1132 939 potest
1162 901 1242 926 esse
1271 888 1376 937 quod
1404 887 1524 937 quod-

464 945 554 981 libet
582 945 857 981 elementorum
883 955 927 979 ex
956 943 1092 991 quibus
1122 941 1364 990 componitur
1387 953 1525 990 corpus

465 997 645 1043 mixtum,
676 996 721 1033 sit
747 996 952 1033 infinitum:
987 995 1074 1044 quia
1107 995 1154 1032 de
1183 993 1326 1031 ratione
1356 993 1526 1042 corporis

466 1057 521 1086 est
543 1049 646 1097 quod
675 1049 812 1085 habeat
832 1047 1087 1085 dimensiones
1115 1047 1155 1084 in
1179 1058 1335 1083 omnem
1363 1053 1523 1095 partem,

465 1114 543 1138 non
571 1101 609 1137 in
637 1101 911 1148 longitudinem
944 1108 1090 1137 tantum
1117 1107 1159 1136 ut
1186 1099 1304 1147 linea,
1334 1111 1458 1147 neque
1486 1099 1525 1135 in

465 1153 737 1201 longitudinem
771 1161 807 1190 et
834 1152 1069 1190 latitudinem
1103 1153 1228 1189 solum
1250 1153 1270 1174 ‘⁴²
1298 1159 1340 1188 ut
1367 1151 1525 1200 superfi-

466 1206 558 1242 cies:
594 1206 640 1242 de
670 1205 813 1242 ratione
842 1213 970 1242 autem
998 1205 1131 1243 infiniti
1161 1213 1226 1252 est,
1256 1205 1360 1253 quod
1387 1205 1527 1241 habeat

465 1259 655 1295 distantias
674 1271 741 1295 seu
762 1259 781 1279 '¹‘
812 1258 1068 1295 dimensiones
1087 1257 1266 1304 infinitas;
1292 1269 1381 1305 ergo
1402 1257 1448 1294 de
1470 1269 1525 1293 ra-

465 1311 566 1348 tione
587 1311 757 1359 corporis
776 1311 910 1347 infiniti
940 1319 994 1348 est
1022 1311 1127 1359 quod
1155 1311 1294 1347 habeat
1321 1309 1526 1346 dimensio-

465 1376 532 1400 nes
551 1363 715 1400 infinitas
734 1363 772 1400 in
793 1375 950 1400 omnem
977 1371 1135 1412 partem.
1167 1364 1215 1399 Et
1234 1362 1287 1400 sic
1305 1374 1384 1399 non
1401 1369 1527 1410 potest

466 1429 547 1453 esse
569 1416 674 1464 quod
694 1428 739 1452 ex
757 1415 928 1464 pluribus
948 1415 1181 1467 ‘corporibus
1200 1414 1352 1452 infinitis
1371 1414 1526 1462 aliquod

465 1481 585 1505 unum
606 1476 867 1518 componatur,
888 1468 977 1517 quia
996 1468 1192 1517 quodlibet
1220 1474 1381 1515 occupat
1403 1474 1525 1503 totum

466 1521 653 1558 mundum
669 1522 700 1567 *3
721 1521 791 1558 nisi
809 1528 1000 1570 ponantur
1019 1521 1096 1558 duo
1119 1533 1279 1570 corpora
1300 1532 1381 1556 esse
1401 1519 1524 1567 simul,

465 1573 568 1622 quod
598 1581 653 1610 est
679 1574 924 1623 impossibile.

520 1627 554 1663 8.
585 1626 646 1663 Sic
674 1626 784 1674 igitur
803 1634 956 1663 ostenso
978 1625 1082 1675 quod
1102 1637 1240 1674 corpus
1270 1624 1525 1673 compositum

463 1691 542 1715 non
569 1686 693 1728 potest
722 1692 802 1716 esse
831 1679 1033 1726 infinitum,
1064 1677 1226 1715 ostendit
1249 1677 1402 1714 ulterius
1422 1678 1527 1726 quod

464 1744 534 1768 nec
563 1731 676 1768 etiam
706 1744 843 1780 corpus
872 1732 1042 1780 simplex,
1064 1743 1188 1779 neque
1216 1742 1337 1767 unum
1362 1730 1526 1766 elemen-

463 1791 603 1832 torum,
624 1797 747 1833 neque
767 1784 922 1832 aliquod
950 1783 1121 1821 medium
1145 1783 1240 1820 inter
1268 1795 1324 1829 ea,
1344 1790 1386 1819 ut
1403 1794 1526 1830 vapor

466 1844 521 1873 est
548 1837 719 1874 medium
739 1837 834 1873 inter
858 1849 985 1873 aerem
1006 1844 1042 1872 et
1061 1848 1212 1884 aquam.
1235 1834 1402 1882 Quidam
1423 1834 1525 1871 enim

464 1896 674 1937 posuerunt
701 1890 775 1926 hoc
803 1901 886 1925 esse
913 1889 1152 1937 principium,
1183 1900 1228 1924 ex
1250 1900 1295 1924 eo
1315 1888 1387 1924 alia
1415 1899 1525 1935 gene-

466 1941 538 1978 rari
558 1941 735 1978 dicentes.
756 1942 805 1978 Et
822 1942 897 1978 hoc
921 1941 1095 1978 dicebant
1115 1953 1196 1977 esse
1216 1940 1426 1977 infinitum:
1447 1952 1526 1976 non

466 2001 594 2030 autem
623 2007 772 2042 aerem,
806 2001 870 2030 aut
897 2006 1057 2042 aquam,
1092 2001 1156 2030 aut
1182 1993 1336 2042 aliquod
1364 1992 1525 2029 aliorum

467 2047 764 2092 elementorum;
786 2046 873 2095 quia
893 2046 1124 2094 contingeret
1147 2046 1218 2084 alia
1238 2046 1425 2082 elementa
1445 2057 1526 2082 cor—

466 2099 590 2147 rumpi
619 2112 641 2136 a
668 2111 914 2148 quocumque
942 2099 1132 2147 ipsorum,
1163 2099 1268 2148 quod
1290 2099 1311 2119 *
1338 2098 1525 2135 infinitum

464 2159 689 2200 poneretur,
724 2151 812 2200 quia
840 2153 1026 2189 elementa
1057 2152 1199 2188 habent
1227 2150 1526 2188 contrarietatem

466 2205 515 2242 ad
543 2204 719 2251 invicem,
741 2217 828 2241 curn
849 2217 913 2241 aer
940 2205 985 2241 sit
1012 2204 1204 2252 humidus,
1227 2217 1325 2253 aqua
1344 2203 1475 2251 frigida
1491 2204 1523 2251 ’ἢ

466 2257 559 2305 ignis
588 2257 746 2304 calidus,
776 2264 874 2294 terra
901 2257 1018 2294 sicca:
1048 2257 1150 2294 unde
1179 2257 1208 2293 si
1236 2269 1356 2294 unum
1384 2257 1525 2294 horum

467 2316 564 2347 esset
583 2310 782 2357 infinitum,
805 2317 1063 2359 corrumperet
1082 2310 1163 2356 alia,
1186 2322 1273 2346 cum
1295 2309 1525 2346 contrarium

465 2370 597 2399 natum
626 2362 671 2399 sit
699 2363 891 2412 corrumpi
917 2376 940 2399 a
969 2363 1167 2399 contrario.
1206 2363 1255 2398 Et
1282 2362 1368 2399 ideo
1398 2361 1526 2399 dicunt

466 2415 604 2463 aliquid
629 2415 730 2452 aliud
749 2416 797 2452 ab
818 2415 1011 2452 elementis
1040 2427 1121 2451 esse
1150 2414 1351 2463 infinitum,
1382 2427 1427 2452 ex
1446 2428 1523 2465 quo

466 2468 560 2505 sicut
589 2480 632 2504 ex
659 2466 843 2517 principio
874 2469 1059 2505 elementa
1087 2474 1297 2505 causantur.

1080 287 1424 325 PHYSICORUM
1451 287 1799 324 ARISTOTELIS
1828 288 1923 325 LIB.
1953 289 2003 325 111

1632 366 1743 402 Hanc
1771 374 1897 403 autem
1925 366 2155 415 positionem
2191 367 2278 405 dicit
2309 381 2391 406 esse
2423 370 2636 420 impossibi-

1578 418 1675 466 lem,
1709 431 1788 455 non
1822 419 1947 456 solum
1984 426 2170 467 quantum
2202 420 2252 458 ad
2278 421 2369 469 hoc,
2408 423 2512 471 quod
2550 423 2639 461 dicit

1578 471 1650 507 tale
1679 483 1817 519 corpus
1845 471 2015 508 medium
2043 484 2126 508 esse
2155 472 2356 521 infinitum,
2377 475 2464 522 quia
2488 476 2535 513 de
2562 477 2637 513 hoc

1579 522 1723 560 dicetur
1740 525 1760 545 ’⁸
1789 524 2004 561 communis
2032 525 2222 573 quaedam
2251 525 2344 562 ratio
2373 533 2451 563 tam
2475 527 2522 565 de
2551 527 2636 577 igne

1580 582 1616 612 et
1634 587 1732 623 aere,
1754 583 1789 613 et
1807 589 1918 625 aqua,
1939 588 2055 626 quam
2085 576 2196 614 etiam
2226 578 2274 614 de
2303 589 2461 627 corpore
2489 580 2636 628 medio;

1579 627 1647 664 sed
1676 640 1720 665 ex
1747 628 1822 665 hoc
1854 629 1937 678 ipso
1975 629 2089 666 etiam
2125 638 2179 667 est
2212 630 2454 679 impossibilis
2490 633 2636 681 praedi-

1580 687 1638 717 cta
1664 681 1814 729 positio,
1843 681 1931 730 quia
1951 682 1971 702 *
1998 682 2105 730 ponit
2133 682 2287 731 aliquod
2309 684 2536 733 principium
2565 686 2638 722 ele-

1578 740 1748 770 mentare
1767 742 1915 782 praeter
1933 741 2096 782 quatuor
2124 735 2321 773 elementa.
2351 737 2442 774 Non
2461 737 2565 775 enim
2583 738 2638 775 in·

1578 785 1728 833 venitur
1755 786 1909 835 aliquod
1937 799 2075 836 corpus
2103 788 2277 825 sensibile
2305 797 2454 837 praeter
2473 802 2518 827 ea
2539 802 2638 839 quae

1581 837 1754 875 dicuntur
1773 839 1970 887 elementa,
1986 839 2125 876 scilicet
2139 852 2279 888 aerem,
2296 853 2436 890 aquam
2457 848 2493 879 et
2510 843 2638 881 huius-

1579 890 1705 928 modi:
1736 891 1802 928 sed
1830 891 1904 928 hoc
1941 899 2132 940 oporteret
2164 893 2193 930 si
2231 893 2371 942 aliquid
2403 894 2504 933 aliud
2530 909 2639 945 prae-

1579 950 1635 980 ter
1673 943 1859 981 elementa
1886 944 2032 982 veniret
2058 944 2096 982 in
2134 946 2452 994 compositionem
2480 948 2638 986 istorum

1580 1007 1795 1045 corporum.
1834 997 2146 1046 Unumquodque
2176 999 2278 1035 enim
2307 1001 2563 1048 compositum
2582 1014 2638 1039 re-

1580 1048 1736 1085 solvitur
1762 1049 1801 1086 in
1831 1061 1875 1086 ea
1903 1061 1948 1086 ex
1975 1049 2113 1098 quibus
2141 1051 2381 1100 componitur
2402 1054 2433 1089 ³¹².
2464 1053 2503 1090 Si
2531 1048 2640 1102 igitur

1580 1100 1722 1150 aliquid
1758 1100 1863 1138 aliud<
1885 1102 2030 1139 veniret
2063 1102 2100 1139 in
2135 1103 2450 1152 compositionem
2479 1105 2640 1144 istorum

1581 1165 1787 1202 corporum
1815 1166 1931 1202 quam
1959 1154 2055 1191 haec
2082 1163 2244 1203 quatuor
2276 1156 2477 1206 elementa,
2507 1170 2639 1207 seque-

1581 1213 1683 1242 retur
1710 1206 1814 1254 quod
1833 1206 1894 1242 hic
1913 1208 2015 1255 apud
2034 1219 2105 1243 nos
2132 1207 2364 1245 inveniretur
2386 1209 2539 1259 aliquod
2559 1224 2640 1250 cor-

1579 1270 1652 1306 pus
1671 1259 1829 1307 simplex
1848 1266 1996 1306 praeter
2014 1258 2083 1296 ista
2098 1261 2118 1281 *
2138 1261 2337 1308 elementa,
2356 1274 2426 1310 per
2445 1263 2640 1301 resolutio·
2666 1272 2678 1283 ⁶

1581 1323 1669 1348 nem
1690 1311 1850 1348 istorum
1866 1312 1885 1332 ’¹‘
1906 1312 1944 1348 in
1968 1311 2166 1349 elementa.
2197 1312 2260 1350 Sic
2288 1312 2397 1361 igitur
2414 1322 2516 1364 patet
2534 1318 2639 1364 quod

1579 1363 1717 1411 positio
1745 1363 1955 1412 praemissa
1977 1363 2068 1401 falsa
2088 1373 2143 1402 est
2161 1373 2346 1413 quantum
2366 1368 2415 1404 ad
2433 1369 2519 1416 hoc,
2536 1370 2641 1418 quod

1579 1416 1707 1464 posuit
1735 1415 1887 1465 aliquod
1917 1428 2054 1465 corpus
2069 1417 2229 1466 simplex
2246 1426 2394 1467 praeter
2416 1420 2510 1458 haec
2526 1423 2546 1444 *²
2567 1423 2639 1460 ele-

1581 1475 1709 1505 menta
1737 1476 1837 1506 nota.

1635 1533 1670 1569 9.
1700 1521 1862 1558 Ulterius
1883 1529 2010 1558 autern
2027 1523 2047 1544 ‘³
2067 1523 2229 1560 ostendit
2258 1525 2453 1562 communi
2481 1526 2638 1576 rat-ione,

1581 1574 1685 1622 quod
1705 1574 1851 1611 nullum
1871 1574 2148 1612 elementorum
2175 1576 2294 1624 possit
2322 1589 2403 1614 esse
2431 1578 2639 1619 infinitum:

1582 1626 1670 1675 quia
1684 1627 1714 1664 si
1734 1626 1887 1675 aliquod
1904 1627 2179 1665 elementorum
2195 1628 2215 1649 *
2236 1637 2334 1666 esset
2352 1629 2553 1680 infinitum,
2569 1633 2639 1671 im-

1579 1679 1758 1727 possibile
1787 1685 1884 1716 esset
1911 1686 2033 1717 torum
2067 1680 2289 1718 universum
2325 1695 2406 1720 esse
2441 1684 2542 1722 aliud
2570 1685 2641 1723 nisi

1581 1731 1671 1769 illud
1700 1732 1953 1778 elementum;
1988 1739 2024 1769 et
2052 1741 2243 1783 oporteret
2275 1735 2379 1784 quod
2412 1738 2542 1775 omnia
2569 1737 2640 1776 alia

1581 1784 1766 1821 elementa
1786 1792 2094 1822 converterentur
2112 1786 2151 1824 in
2169 1786 2307 1835 ipsum,
2336 1789 2398 1825 vel
2422 1789 2496 1826 iam
2518 1798 2642 1830 essent

1581 1849 1766 1874 conversa
1798 1836 1836 1883 in
1868 1836 2014 1886 ipsum,
2047 1847 2202 1888 propter
2235 1841 2492 1879 excellentiam
2525 1843 2640 1881 virtu-

1579 1889 1624 1925 tis
1643 1889 1776 1926 infiniti
1797 1901 1910 1938 super
1929 1890 2020 1928 alia:
2049 1891 2144 1929 sicut
2163 1892 2373 1931 Heraclitus
2393 1894 2480 1932 dicit
2495 1896 2515 1917 ¹⁸
2535 1896 2640 1945 quod

1580 1942 1810 1990 quandoque
1830 1943 1998 1980 futurum
2023 1951 2078 1981 est
2097 1945 2202 1993 quod
2221 1946 2351 1983 omnia
2371 1955 2640 1987 convertantur

1580 1994 1618 2031 in
1637 1994 1775 2042 ignem,
1794 2002 1949 2044 propter
1969 1997 2212 2034 excellentem
2228 1998 2248 2019 ¹¹⁸
2267 1998 2360 2046 ignis
2379 1999 2568 2039 virtutem.
2590 2001 2640 2039 Et
2665 2007 2883 2055 gsxc‘ffloemw·
2916 2015 2917 2019 ’

1581 2047 1716 2085 eadem
1746 2048 1837 2084 ratio
1868 2056 1922 2085 est
1950 2050 1997 2086 de
2025 2061 2104 2087 uno
2134 2051 2409 2089 elementorum
2439 2060 2474 2090 et
2497 2053 2637 2099 dealio
2681 2039 2846 2056 '‘mmm“

1581 2112 1739 2149 corpore
1759 2102 1864 2149 quod
1883 2101 2023 2139 faciunt
2050 2102 2206 2151 quidam
2233 2105 2422 2142 naturales
2445 2113 2548 2143 extra
2567 2106 2638 2144 ele-

1581 2161 1719 2190 menta.
1751 2154 1911 2202 Oportet
1939 2154 2041 2191 enirn
2075 2155 2167 2192 illud
2195 2155 2296 2193 aliud
2323 2157 2463 2194 habere
2494 2166 2638 2199 contra·
2662 2154 2668 2160 ⁹
2918 2201 2921 2203 ,

1580 2206 1750 2242 rietatem
1779 2206 1828 2243 ad
1856 2207 2054 2255 elementa,
2076 2220 2164 2244 cum
2185 2220 2229 2245 ex
2257 2221 2303 2246 eo
2322 2218 2512 2258 ponantur
2533 2212 2552 2233 ³²
2567 2210 2640 2253 alia
2664 2217 2861 2266 ww&-

1579 2258 1768 2306 generari:
1799 2259 1956 2296 mutatio
1977 2267 2104 2297 autem
2125 2273 2204 2298 non
2230 2261 2274 2298 fit
2293 2262 2363 2299 nisi
2384 2275 2429 2299 ex
2452 2263 2638 2302 contrario
2747 2258 2754 2265 ’

1579 2311 1618 2348 in
1646 2311 1896 2360 contrarium,
1934 2320 1976 2349 ut
2009 2325 2053 2349 ex
2081 2313 2203 2350 calido
2238 2314 2276 2351 in
2310 2314 2506 2364 frigidum,
2545 2317 2640 2355 sicut

1579 2376 1693 2412 supra
1715 2366 1734 2386 ²⁸
1763 2371 1958 2402 ostensum
1988 2373 2052 2402 est.
2083 2365 2146 2403 Sic
2173 2365 2283 2414 igitur
2311 2374 2347 2404 et
2373 2367 2473 2406 istud
2501 2381 2638 2420 corpus
2665 2379 2886 2408 ‘ub-max*

1578 2417 1750 2454 medium
1779 2417 1922 2454 ratione
1957 2418 2224 2458 contrarietatis
2260 2421 2424 2458 destruet
2460 2421 2532 2459 alia
2559 2422 2638 2463 ele·
2665 2411 2726 2433 ’Μ’

1578 2477 1717 2507 menta.

2664 539 2674 551 ⁶
2688 539 2759 561 Num.
2769 545 2818 568 seq.

2664 692 2674 703 “
2696 692 2760 719 quod
2779 692 2835 720 quia
2856 698 2875 720 s,

2664 718 2727 746 quod
2734 718 2770 740 ed.
2780 724 2796 740 a
2803 721 2878 741 ercet.

2665 750 2714 765 exc.
2729 749 2767 766 ιο.

2666 1064 2675 1072 ·
2686 1063 2881 1091 componam-ae
2915 1056 2917 1058 ¹

2665 1089 2739 1137 gama
2748 1088 2818 1112 codd.
2827 1090 2878 1112 eke-
2912 1104 2916 1127 '.

2665 1428 2677 1440 ⁴
2690 1428 2749 1451 haec
2769 1435 2819 1452 om.
2836 1435 2882 1452 aa

2666 1456 2843 1481 noqurzab.

2665 1533 2677 1545 ¹·
2691 1535 2768 1556 autem
2786 1540 2835 1557 om.
2849 1540 2880 1557 οι

2667 1589 2689 1608 et
2703 1589 2747 1612 cet.
2762 1592 2812 1612 exc,
2822 1593 2884 1611 ran..

2665 1906 2677 1917 ⁶
2691 1905 2752 1928 dixu
2763 1911 2816 1928 mx.

2667 1564 2689 1587 ο,
2704 1565 2764 1588 ergo
2778 1560 2880 1583 addat»
2923 1559 2924 1562 ’

2665 1642 2866 1665 ἐοηωιιωιιι
2918 1639 2919 1642 ’
