2898 3996
190 780 199 788 ·
215 778 278 806 quod
286 784 319 804 sc,
330 778 353 799 si
365 784 398 804 ει,

191 811 238 826 om.
253 808 296 826 cet.
311 807 332 826 et
346 810 370 825 a.

192 1041 200 1048 '
223 1041 247 1059 et
269 1045 315 1059 om.
337 1044 352 1059 a
376 1041 398 1059 et

190 1065 259 1086 codd.
275 1070 325 1090 exc,
338 1070 387 1085 ran.

430 280 504 317 368

428 356 681 394 necessarium
701 356 805 404 quod
822 362 985 404 ponatur
999 354 1151 402 aliquod
1166 353 1376 389 subiectum
1391 352 1480 388 huic

427 409 630 446 universali
648 408 897 457 productioni.
927 407 1034 443 Patet
1053 418 1140 453 ergo
1161 405 1264 453 quod
1282 405 1356 441 hoc
1375 403 1479 452 quod

427 461 644 498 Aristoteles
663 460 724 496 hic
741 461 876 509 probat
897 459 921 505 ζ,
938 458 1041 507 quod
1061 457 1185 494 omnis
1200 464 1326 493 motus
1340 456 1480 503 indiget

428 513 595 550 subiecto
631 513 781 559 mobili,
811 524 888 548 non
917 518 972 548 est
1005 517 1134 547 contra
1161 509 1382 545 sententiam
1411 520 1478 544 no-

429 573 524 602 strae
544 565 650 602 fidei:
671 565 759 612 quia
785 564 860 600 iam
889 563 1030 599 dictum
1059 569 1113 598 est
1133 561 1237 609 quod
1255 559 1477 597 universalis

428 629 552 654 rerum
567 616 777 665 productio,
790 616 868 653 sive
882 622 1044 664 ponatur
1063 615 1110 651 ab
1126 621 1289 659 aeterno,
1301 613 1380 667 sive
1401 623 1478 648 non

427 670 474 706 ab
504 677 669 715 aeterno,
691 681 768 705 non
797 675 851 704 est
878 675 1004 704 motus
1032 678 1102 703 nec
1126 665 1295 702 mutatio.
1325 664 1385 701 Ad
1404 664 1478 700 hoc

428 722 529 758 enim
558 721 660 770 quod
680 721 725 758 sit
743 728 868 757 motus
887 720 948 756 vel
969 719 1137 765 mutatio,
1159 717 1355 766 requiritur
1374 715 1478 764 quod

426 774 530 810 aliter
550 786 589 810 se
610 774 747 810 habeat
769 785 869 809 nunc
889 780 924 808 et
947 771 1066 820 prius:
1088 778 1123 807 et
1147 770 1199 806 sic
1224 771 1242 790 ²·“
1262 768 1402 817 aliquid
1422 781 1477 804 es-

426 833 482 862 set
507 825 610 875 prius
639 825 817 870 existens;
848 832 883 860 et
908 836 976 872 per
1005 833 1241 870 consequens
1274 822 1367 858 haec
1400 833 1478 858 non

427 886 522 915 esset
549 878 767 914 universalis
796 889 921 913 rerum
952 875 1169 924 productio,
1199 874 1246 911 de
1273 886 1349 922 qua
1376 885 1478 910 nunc

425 930 625 979 loquimur.

481 984 514 1019 5.
545 981 721 1019 Similiter
757 980 860 1029 quod
895 980 997 1026 dicit,
1037 979 1140 1028 quod
1168 977 1307 1027 aliquid
1346 977 1478 1014 dicitur

424 1035 505 1072 fieri
526 1047 568 1071 ex
589 1033 763 1082 opposito
778 1045 845 1081 per
864 1032 1048 1078 accidens,
1065 1040 1101 1068 et
1119 1031 1138 1052 '¹‘
1158 1043 1202 1067 ex
1222 1030 1390 1067 subiecto
1410 1042 1478 1079 per

425 1099 476 1133 se,
505 1086 700 1123 veritatem
729 1086 843 1122 habet
870 1085 907 1121 in
934 1084 1220 1133 particularibus
1240 1082 1476 1130 factionibus,

425 1139 635 1176 secundum
664 1150 757 1186 quas
784 1138 827 1174 fit
854 1138 928 1174 hoc
964 1145 1027 1174 aut
1059 1136 1148 1173 illud
1176 1148 1259 1183 ens,
1288 1143 1329 1172 ut
1355 1135 1474 1172 homo

367 1233 369 1236 v
424 1199 487 1228 aut
515 1191 633 1227 canis:
664 1202 741 1227 non
761 1197 887 1227 autem
914 1190 1029 1226 habet
1051 1189 1249 1226 veritatem
1269 1188 1306 1224 in
1324 1188 1475 1224 univer-

188 1306 196 1314 ·
211 1304 272 1325 Lect.
283 1310 329 1331 xiv,
343 1309 364 1324 n.
374 1303 395 1324 6.

187 1618 196 1625 ⁶
211 1622 256 1637 non
271 1622 300 1637 ex
313 1623 334 1638 P-

190 1776 197 1783 ·
209 1773 301 1800 penitus
320 1779 357 1794 om
362 1788 367 1794 .

186 1806 239 1827 xpe.

186 1879 194 1887 '
209 1877 279 1900 Num.
292 1883 368 1905 praec.

185 1933 193 1940 ·
216 1932 291 1951 autem
308 1936 394 1957 nni-en,

186 1963 233 1978 om.
248 1963 271 1978 Λ.

186 2195 194 2240 ¹·
203 2193 276 2214 solum
285 2199 339 2219 Pur:
350 2199 395 2220 rpc

194 2225 227 2240 ac.

189 2247 196 2254 ¹
213 2251 264 2266 esse
281 2251 395 2266 ACDIKLMN

187 2277 270 2298 rvxva,
286 2277 332 2293 om.
348 2271 382 2292 pb.

185 2509 193 2516 ⁴
210 2507 279 2528 etiam
293 2506 328 2528 ed.
342 2513 357 2527 α
372 2510 394 2528 et

186 2533 253 2554 codd.
269 2539 317 2554 exc.
330 2539 379 2554 rso.

186 2666 195 2673 ·
206 2670 318 2685 conuerso
327 2671 379 2686 nm„

423 1243 489 1280 sali
518 1243 611 1280 entis
637 1242 898 1291 productione.
930 1243 1045 1289 Quod
1067 1249 1170 1290 patet
1198 1253 1243 1277 ex
1270 1241 1344 1277 hoc
1371 1241 1476 1288 quod

423 1295 675 1344 Philosophus
704 1295 792 1331 dixit
818 1294 856 1331 in
885 1296 899 1331 I
927 1295 1173 1343 Physicorum
1196 1295 1224 1330 *.
1246 1293 1346 1330 Dixit
1374 1292 1474 1329 enim

423 1348 485 1395 ibi,
511 1348 615 1396 quod
643 1347 672 1384 si
700 1347 766 1384 fiat
793 1348 867 1384 hoc
895 1347 1046 1394 animal,
1067 1347 1289 1395 inquantum
1318 1353 1374 1382 est
1399 1346 1475 1382 hoc

423 1400 581 1447 animal,
611 1412 689 1437 non
727 1407 874 1448 oportet
901 1400 1005 1448 quod
1032 1400 1098 1436 fiat
1133 1411 1176 1435 ex
1205 1411 1278 1435 non
1307 1397 1473 1443 animali,

423 1453 488 1490 sed
518 1465 563 1489 ex
590 1465 664 1489 non
692 1453 762 1488 hoc
789 1453 964 1498 animali,
1002 1459 1092 1500 puta
1121 1451 1150 1488 si
1178 1451 1244 1488 fiat
1279 1451 1398 1487 homo
1428 1462 1473 1487 ex

423 1517 501 1542 non
528 1505 695 1551 homine,
721 1512 785 1541 aut
812 1517 931 1553 equus
960 1516 1005 1540 ex
1032 1517 1111 1540 non
1140 1515 1259 1552 equo:
1288 1504 1319 1540 si
1347 1510 1473 1540 autem

421 1558 488 1594 fiat
515 1558 652 1594 animal
680 1557 902 1606 inquantum
932 1564 987 1593 est
1014 1557 1163 1602 animal,
1193 1562 1348 1605 oportet
1369 1555 1474 1604 quod

422 1611 487 1646 fiat
507 1622 551 1646 ex
570 1622 648 1646 non
669 1610 688 1630 '¹‘
706 1609 869 1646 animali.
893 1609 954 1646 Sic
974 1621 1062 1656 ergo
1082 1609 1112 1645 si
1131 1609 1198 1646 fiat
1217 1609 1370 1658 aliquod
1390 1620 1473 1656 par-

421 1662 572 1699 ticulare
606 1675 689 1709 ens,
719 1674 796 1698 non
824 1662 866 1698 fit
894 1674 939 1698 cx
967 1662 1125 1698 omnino
1159 1674 1236 1699 non
1272 1660 1376 1698 ente:
1407 1660 1474 1697 sed

422 1715 452 1751 si
478 1715 521 1751 fit
548 1722 669 1751 totum
699 1727 784 1761 ens,
815 1714 919 1762 quod
948 1722 1002 1751 est
1035 1714 1116 1751 fieri
1146 1726 1211 1751 ens
1249 1714 1472 1762 inquantum

423 1775 477 1804 est
505 1779 582 1814 enS,
604 1774 750 1816 oportet
775 1768 878 1815 quod
897 1767 963 1804 fiat
982 1780 1027 1803 ex
1053 1767 1202 1815 penitus
1221 1767 1240 1787 '¹‘
1259 1779 1337 1803 non
1366 1774 1471 1802 ente:

422 1820 451 1856 si
479 1827 607 1857 tamen
627 1827 662 1856 et
679 1821 753 1856 hoc
774 1820 909 1856 debeat
928 1819 1102 1867 dicifieri
1119 1819 1350 1867 (aequivoce
1371 1818 1472 1854 enim

422 1872 566 1916 dicitur,
595 1879 636 1908 ut
665 1873 807 1909 dictum
836 1880 891 1908 est
908 1872 959 1918 ἓξ).

476 1925 592 1971 Quod
621 1925 732 1961 etiam
763 1926 781 1945 ³²
811 1923 1011 1961 introducit
1039 1923 1084 1961 de
1113 1923 1273 1972 antiquis
1309 1923 1473 1972 philoso-

420 1978 585 2027 phorum
605 1977 866 2026 opinionibus,
889 1976 1095 2013 efficaciam
1123 1989 1201 2013 non
1227 1976 1361 2012 habet:
1386 1975 1475 2024 quia

422 2030 563 2078 antiqui
600 2030 785 2066 naturales
827 2041 905 2066 non
944 2036 1150 2077 potuerunt
1189 2028 1387 2077 pervenire
1425 2028 1473 2064 ad

423 2094 576 2119 causam
612 2082 775 2130 primam
812 2082 923 2118 totius
956 2094 1055 2128 esse,
1091 2082 1157 2119 sed
1186 2081 1474 2120 considerabant

423 2147 554 2171 causas
572 2134 850 2183 particularium
875 2134 1140 2171 mutationum.
1168 2134 1342 2180 Quorum
1362 2133 1474 2182 primi

424 2187 755 2224 consideraverunt
791 2199 922 2223 causas
963 2187 1128 2223 solarum
1163 2187 1183 2207 ²³
1220 2185 1472 2222 mutationum

423 2239 730 2286 accidentalium,
758 2247 942 2287 ponentes
971 2251 1084 2285 omne
1112 2240 1132 2259 ³*
1158 2239 1240 2275 fieri
1274 2251 1355 2274 esse
1384 2239 1472 2274 alte-

423 2292 513 2328 rari:
542 2299 740 2340 sequentes
758 2304 850 2328 vero
880 2298 1133 2340 pervenerunt
1152 2291 1199 2328 ad
1220 2290 1472 2338 cognitionem

422 2344 675 2381 mutationum
712 2344 1030 2381 substantialium:
1067 2343 1250 2393 postremi
1281 2355 1395 2389 vero,
1433 2350 1474 2379 ut

423 2398 528 2434 Plato
559 2405 594 2433 et
620 2397 853 2443 Aristoteles,
887 2404 1140 2445 pervenerunt
1168 2396 1215 2433 ad
1244 2408 1471 2444 cognoscen-

423 2450 515 2487 dum
543 2449 768 2498 principium
796 2450 908 2486 totius
937 2462 1030 2486 esse.

475 2502 537 2538 Sic
564 2502 671 2549 igitur
700 2503 719 2523 ²
747 2509 848 2551 patet
867 2502 971 2550 quod
998 2514 1076 2538 non
1100 2513 1303 2539 movemur
1330 2501 1378 2538 ad
1405 2513 1473 2549 po-

422 2555 590 2591 nendum
619 2554 759 2603 aliquid
792 2555 874 2591 fieri
900 2567 944 2591 ex
972 2554 1104 2600 nihilo,
1134 2553 1223 2603 quia
1255 2561 1474 2602 reputemus

422 2619 466 2643 ea
494 2620 574 2644 esse
603 2608 727 2644 solum
752 2607 850 2644 entia
869 2620 966 2656 quae
994 2615 1080 2644 sunt
1097 2606 1272 2644 visibilia:
1298 2606 1365 2643 sed
1393 2618 1473 2643 ma-

420 2659 474 2707 gis
503 2673 523 2696 e
552 2660 738 2697 contrario
767 2661 806 2706 ³¹²,
836 2660 923 2708 quia
950 2672 1029 2697 non
1057 2659 1340 2696 consideramus
1374 2659 1473 2695 solas

419 2712 687 2760 productiones
715 2713 955 2761 particulares
984 2725 1006 2749 a
1035 2712 1154 2749 causis
1177 2711 1471 2760 particularibus,

420 2765 485 2802 sed
504 2765 791 2813 productionem
811 2765 1063 2802 universalem
1078 2765 1191 2801 totius
1211 2776 1292 2800 esse
1308 2777 1330 2800 a
1347 2764 1471 2812 primo

421 2818 568 2855 essendi
603 2818 800 2866 principio.
830 2819 913 2855 Nec
942 2817 1054 2854 etiam
1077 2817 1256 2866 ponimus
1285 2817 1389 2865 quod
1417 2817 1471 2853 in-

421 2870 544 2918 digere
573 2870 728 2907 materia
756 2871 805 2907 ad
838 2870 1027 2918 agendum
1060 2870 1105 2907 sit
1136 2869 1326 2919 potentiae
1364 2869 1472 2906 dimi—

419 2930 551 2969 nutae,
581 2923 687 2971 quasi
725 2923 931 2960 deficientis
969 2935 991 2960 a
1027 2923 1161 2960 virtute
1197 2922 1374 2960 naturali:
1404 2923 1470 2960 sed

420 2975 579 3012 dicimus
598 2976 671 3012 hoc
699 2988 780 3012 esse
799 2976 986 3024 potentiae
1014 2975 1256 3024 particularis,
1277 2987 1373 3024 quae
1393 2987 1471 3012 non

418 3035 541 3075 potest
568 3040 681 3076 super
713 3035 834 3064 totum
871 3041 960 3075 ens,
989 3029 1056 3065 sed
1084 3028 1170 3065 facit
1201 3028 1356 3077 aliquod
1391 3040 1469 3065 ens.

419 3081 467 3116 Et
485 3087 607 3128 potest
630 3080 682 3117 sic
708 3080 779 3117 dici
808 3093 888 3117 esse
913 3081 1103 3129 potentiae
1123 3081 1327 3118 diminutae
1347 3081 1470 3118 facere

419 3132 557 3181 aliquid
595 3145 639 3169 ex
677 3134 823 3182 aliquo,
859 3134 952 3170 sicut
988 3133 1018 3170 si
1056 3133 1226 3171 dicamus
1262 3133 1470 3183 potentiam

418 3185 680 3233 particularem
701 3198 780 3223 esse
802 3186 988 3223 minorem
1016 3186 1184 3234 potentia
1202 3186 1415 3223 universali.

472 3238 506 3275 6.
537 3238 683 3275 Deinde
705 3251 790 3275 curn
811 3238 915 3275 dicit:
935 3239 1042 3288 Ergo
1062 3244 1097 3275 et
1113 3240 1205 3276 haec
1223 3239 1469 3276 necessarium

420 3295 472 3326 est
498 3298 582 3337 etc.,
612 3291 805 3340 supposito
831 3291 934 3340 quod
962 3291 1010 3328 ad
1037 3292 1111 3328 hoc
1139 3291 1242 3340 quod
1271 3291 1317 3328 sit
1344 3298 1470 3329 motus

471 3411 496 3443 ζ)
515 3412 585 3444 quod
603 3412 650 3437 hoc
668 3413 739 3445 quod
749 3414 903 3438 Aristoteles
915 3413 956 3438 hic
966 3414 1072 3445 probat.
1085 3427 1104 3432 -
1117 3413 1187 3445 quod
1199 3413 1353 3438 Aristoteles
1366 3413 1416 3438 hoc
1428 3413 1470 3439 hic

415 3447 514 3477 probat
533 3447 753 3477 AlKMSTVXYa,
773 3448 843 3480 quod
860 3448 1014 3474 Aristoteles
1033 3449 1075 3474 hic
1088 3449 1188 3480 probat
1206 3447 1343 3479 (probavit
1361 3448 1397 3481 C)
1417 3448 1468 3479 CL,

419 3483 490 3513 quod
507 3481 548 3506 hic
562 3482 659 3513 probat
677 3483 830 3508 Aristoteles
848 3483 883 3513 N,
903 3483 974 3515 quod
991 3484 1039 3509 hoc
1057 3483 1205 3516 (corrigitur
1224 3482 1249 3507 in
1267 3482 1347 3515 haec)
1365 3483 1469 3508 Aristo-

420 3515 478 3540 telis
497 3516 565 3540 ratio
585 3517 652 3547 (add.
666 3518 732 3549 qua)
751 3517 792 3542 hi'c
807 3518 905 3549 probat
923 3518 956 3543 O.
968 3531 987 3537 —-
1000 3518 1049 3543 lbi:
1068 3519 1130 3550 quia
1152 3518 1204 3543 iam
1223 3517 1322 3542 dictum
1341 3521 1380 3543 est
1398 3518 1469 3550 quod

421 3550 581 3579 universalis,
601 3552 662 3583 quia
681 3555 709 3576 ut
728 3552 779 3577 iam
799 3553 897 3577 dictum
915 3556 955 3578 est
974 3553 1128 3579 universalis
1147 3553 1227 3583 Boi-“3
1247 3553 1322 3578 etiam
1341 3560 1358 3578 a
1377 3557 1402 3578 ct
1420 3558 1468 3579 eet.

420 3591 474 3609 uc.
493 3584 734 3610 GHLNRSTsCOZ
753 3595 805 3612 om.
823 3587 902 3619 quod.

1034 275 1376 313 PHYSICORUM
1403 273 1748 311 ARISTOTELIS
1777 274 1871 310 LIB.
1900 273 1986 310 VIII
2585 288 2591 307 ι

1533 350 1742 398 requiratur
1768 350 1910 387 mobile
1940 357 1975 387 et
2002 350 2202 399 motivum,
2224 352 2277 389 sic
2295 361 2586 401 argumentatur.

1535 402 1574 438 Si
1602 409 1729 439 motus
1756 415 1835 439 non
1863 414 2014 451 semper
2032 403 2110 450 fuit,
2131 415 2286 441 necesse
2306 413 2362 442 est
2379 406 2503 444 dicere
2523 413 2588 444 aut

1532 454 1636 502 quod
1673 454 1866 491 moventia
1900 462 1935 491 et
1961 455 2108 494 motiva
2139 455 2211 492 sint
2237 457 2440 506 aliquando
2478 459 2586 508 facta,

1533 518 1620 542 cum
1648 506 1752 556 prius
1780 519 1858 544 non
1888 514 2032 554 essent;
2061 514 2126 544 aut
2161 509 2266 556 quod
2294 509 2367 547 sint
2391 519 2586 560 perpetua.

1533 558 1572 594 Si
1601 570 1688 607 ergo
1718 558 1861 596 dicatur
1897 559 2001 607 quod
2032 561 2335 609 unumquodque
2364 563 2504 601 mobile
2533 571 2590 602 est

1532 611 1684 659 factum,
1704 624 1859 648 necesse
1879 619 1934 648 est
1953 611 2076 649 dicere
2095 612 2199 661 quod
2227 621 2312 650 ante
2337 615 2588 654 mutationem

1532 675 1630 710 quae
1658 663 1837 713 accipitur
1862 671 1904 700 ut
1930 664 2064 712 prima,
2085 664 2131 702 sit
2157 665 2229 702 alia
2256 666 2414 703 mutatio
2441 674 2477 703 et
2504 679 2588 705 mo-

1531 722 1602 762 tus,
1632 716 1842 753 secundum
1870 729 1985 765 quern
2022 717 2163 754 factum
2192 725 2248 754 est
2273 718 2398 767 ipsum
2426 715 2587 769 mobile,

1532 768 1637 815 quod
1663 776 1787 816 potest
1818 769 1966 806 moveri
1995 777 2030 806 et
2057 777 2206 807 motum
2236 782 2328 808 esse.
2369 771 2478 818 Quae
2507 772 2587 821 qui-

1533 819 1621 857 dem
1649 820 1760 857 illatio
1791 820 1980 870 dependet
2007 834 2052 858 ex
2069 822 2394 871 praecedentibus
2425 825 2466 861 Si
2485 825 2587 863 enim

1532 872 1642 909 detur
1660 873 1763 921 quod
1787 881 1913 910 motus
1930 879 1945 897 ’¹
1964 886 2044 911 non
2067 887 2217 925 semper
2236 876 2355 923 fuerit,
2376 876 2444 914 sed
2462 877 2589 926 aliqua

1531 924 1688 961 mutatio
1709 925 1753 961 sit
1770 924 1904 973 prima,
1917 933 2002 962 ante
2023 938 2138 975 quam
2153 928 2253 965 nulla
2267 928 2390 975 fuerit;
2411 937 2588 979 sequetur

1532 977 1636 1025 quod
1663 977 1723 1014 illa
1749 977 1872 1026 prima
1899 978 2056 1015 mutatio
2085 980 2223 1017 habeat
2250 980 2403 1030 aliquod
2423 982 2585 1030 mobile,

1532 1037 1568 1066 et
1596 1030 1700 1078 quod
1732 1030 1823 1067 illud
1851 1029 1992 1067 mobile
2020 1031 2066 1068 sit
2098 1032 2239 1069 factum
2267 1045 2355 1070 cum
2377 1034 2481 1082 prius
2509 1047 2587 1072 non

1530 1082 1654 1128 fuerit;
1685 1094 1772 1119 cum
1799 1090 1990 1131 ponantur
2018 1083 2148 1120 omnia
2179 1084 2335 1122 mobilia
2368 1097 2449 1123 esse
2477 1087 2584 1125 facta.

1531 1135 1659 1171 Omne
1678 1143 1806 1172 autem
1831 1134 1937 1183 quod
1963 1135 2007 1172 fit
2034 1147 2122 1172 cum
2149 1136 2253 1186 prius
2281 1149 2359 1175 non
2386 1138 2515 1186 fuerit,¹
2543 1139 2588 1177 fit

1528 1199 1598 1235 per
1625 1187 1790 1234 aliquem
1818 1195 1967 1224 motum
1986 1189 2048 1224 vel
2077 1189 2346 1227 mutationem:
2375 1199 2502 1228 motus
2521 1203 2586 1228 au-

1529 1246 1606 1275 tem
1633 1241 1695 1276 vel
1722 1239 1879 1276 mutatio
1908 1253 1976 1289 per
2002 1252 2118 1288 quam
2146 1241 2189 1278 fit
2215 1242 2373 1290 mobile',
2403 1251 2458 1281 est
2483 1244 2587 1293 prior

1530 1304 1645 1340 quarn
1664 1292 1822 1329 mutatio
1842 1305 1918 1340 qua
1945 1293 2087 1330 mobile
2113 1291 2362 1332 movebatur:
2391 1308 2479 1344 ergo
2499 1303 2584 1334 ante

1530 1343 1778 1382 mutationem
1807 1357 1905 1394 quae
1934 1345 2127 1383 dicebatur
2154 1359 2236 1384 esse
2262 1348 2402 1396 prima,
2433 1356 2488 1386 est
2514 1349 2587 1386 alia

1530 1397 1708 1443 mutati0;
1738 1404 1774 1434 et
1800 1398 1853 1434 sic
1879 1397 1918 1434 in
1945 1397 2145 1436 infinitum,
2165 1420 2190 1428 -
2211 1399 2251 1436 Si
2282 1407 2410 1438 autern
2443 1401 2587 1439 dicatur

1529 1450 1633 1498 quod
1648 1462 1693 1486 ea
1711 1461 1808 1497 quae
1829 1457 1915 1487 sunt
1929 1450 2085 1488 mobilia
2103 1464 2255 1501 semper
2272 1453 2583 1502 praeexistebant,

1529 1502 1641 1538 etiam
1662 1510 1770 1539 motu
1788 1503 1892 1539 nullo
1921 1503 2110 1551 existente,
2131 1505 2206 1542 hoc
2223 1505 2374 1542 videtur
2391 1505 2584 1544 irrationa—

1529 1554 1601 1591 bile
1621 1561 1657 1591 et
1685 1554 1827 1592 dictum
1851 1568 1874 1592 a
1893 1556 2156 1594 nescientibus.
2187 1557 2320 1595 Statim
2349 1558 2451 1596 enim
2470 1571 2585 1608 appa-

1529 1614 1583 1643 ret
1601 1607 1704 1656 quod
1733 1608 1763 1644 si
1800 1608 1954 1645 mobilia
1991 1616 2096 1655 sunt,
2125 1617 2274 1659 oportet
2301 1623 2382 1648 esse
2414 1619 2583 1649 motum:

1528 1660 1682 1696 mobilia
1710 1660 1813 1697 enim
1842 1661 2025 1698 naturalia
2044 1661 2155 1702 simul
2183 1662 2296 1700 etiam
2321 1670 2407 1701 sunt
2425 1676 2584 1703 moven-

1527 1711 1597 1759 tia,
1626 1719 1668 1749 ut
1695 1724 1741 1749 ex
1766 1713 1875 1750 tertio
1906 1714 1925 1734 *
1952 1721 2066 1762 patet.
2100 1715 2345 1753 Moventibus
2382 1723 2510 1754 autern
2547 1723 2584 1755 et

1528 1765 1732 1801 mobilibus
1764 1766 1994 1814 naturalibus
2040 1766 2300 1815 existentibus,
2339 1781 2492 1806 necesse
2530 1777 2586 1808 est

1528 1828 1610 1853 esse
1643 1824 1802 1854 motum.

1582 1869 1659 1906 Sed
1685 1877 1727 1906 ut
1744 1869 1967 1918 profundius
1994 1870 2249 1919 ingrediamur
2271 1873 2318 1910 ad
2337 1873 2502 1911 veritatis
2527 1873 2582 1912 in-

1528 1921 1780 1969 quisitionem,
1801 1922 2055 1960 necessarium
2085 1932 2139 1961 est
2165 1925 2240 1961 hoc
2266 1925 2370 1963 idem
2397 1926 2580 1975 accidere,

1528 1974 1558 2010 si
1585 1982 1775 2022 ponantur
1811 1975 1966 2012 mobilia
1999 1983 2035 2012 et
2068 1977 2261 2014 moventia
2296 1978 2583 2026 praeexistentia

1528 2038 1678 2076 semper
1705 2034 1790 2064 ante
1818 2035 1979 2074 motum,
2009 2029 2114 2078 quod
2141 2030 2369 2078 sequebatur
2387 2031 2417 2068 si
2436 2043 2582 2080 ponan-

1527 2086 1587 2115 tur
1619 2080 1714 2116 haec
1741 2092 1824 2116 esse
1851 2081 1967 2116 facta:
1997 2081 2134 2118 scilicet
2161 2084 2265 2130 quod
2293 2091 2382 2120 ante
2406 2084 2582 2122 mutatio-

1528 2144 1617 2168 nem
1645 2143 1742 2179 quae
1770 2132 1922 2181 ponitur
1947 2134 2081 2181 prima,
2107 2134 2152 2171 sit
2179 2135 2249 2172 alia
2275 2135 2433 2172 mutatio
2461 2136 2500 2173 in
2527 2136 2582 2174 in-

1527 2184 1688 2221 finitum.
1728 2185 1843 2230 Quod
1872 2185 1924 2222 sic
1950 2194 2063 2234 patet.
2104 2187 2203 2233 Quia
2231 2187 2261 2224 si
2287 2195 2451 2236 ponatur
2478 2189 2582 2238 quod

1527 2236 1599 2273 sint
1627 2236 1750 2285 aliqua
1787 2237 1943 2274 mobilia
1971 2246 2007 2275 et
2033 2238 2158 2287 aliqua
2193 2239 2359 2289 motiva,
2389 2249 2425 2278 et
2451 2248 2581 2279 tamen

1527 2289 1728 2338 aliquando
1756 2290 1934 2338 primum
1955 2303 2117 2328 movens
2154 2292 2306 2341 incipiat
2332 2305 2490 2331 movere
2505 2323 2515 2341 ,
2545 2301 2582 2330 et
2633 2319 2636 2322 -

1527 2341 1666 2390 aliquid
1704 2342 1851 2380 moveri
1877 2343 1925 2379 ab
1957 2343 2058 2392 ipso,
2089 2351 2125 2381 et
2151 2352 2237 2393 ante
2270 2346 2346 2382 hoc
2371 2345 2463 2383 nihil
2498 2358 2581 2384 mo-

1526 2402 1661 2431 veatur
1696 2395 1764 2431 sed
1800 2395 1987 2443 quiescat;
2022 2397 2210 2445 oportebit
2247 2397 2370 2435 dicere
2403 2398 2508 2447 quod
2534 2398 2581 2436 sit

1528 2447 1599 2483 alia
1620 2447 1639 2468 *
1657 2447 1814 2484 mutatio
1842 2449 1946 2497 prius
1965 2449 2061 2486 facta
2079 2449 2118 2486 in
2146 2458 2326 2487 movente
2353 2452 2414 2488 vel
2434 2450 2578 2500 mobili,
2606 2459 2616 2470 '

1529 2512 1644 2548 quarn
1671 2499 1709 2537 id
1737 2501 1842 2549 quod
1859 2502 2074 2549 ponebatur
2090 2502 2216 2551 primo
2235 2515 2408 2550 movens,
2428 2503 2581 2553 incipiat

1528 2564 1703 2590 movere:
1733 2553 1837 2601 quod
1865 2554 1918 2591 sic
1943 2562 2056 2603 patet.
2086 2554 2204 2601 Quies
2224 2555 2325 2592 enim
2345 2563 2401 2592 est
2417 2555 2581 2604 privatio
2589 2582 2592 2584 -

1527 2612 1675 2642 motus:
1703 2606 1864 2654 privatio
1893 2615 2020 2644 autem
2048 2619 2126 2644 non
2154 2607 2249 2646 inest
2276 2609 2491 2658 susceptivo
2512 2609 2580 2646 ha-

1528 2658 1625 2695 bitus
1663 2665 1699 2694 et
1731 2659 1876 2696 formae
1912 2659 1983 2696 nisi
2015 2667 2170 2708 propter
2206 2659 2370 2709 aliquam
2403 2673 2578 2700 causam:

1529 2718 1607 2747 erat
1635 2723 1722 2758 ergo
1751 2711 1875 2760 aliqua
1908 2725 2021 2749 causa
2048 2713 2110 2750 vel
2143 2725 2188 2749 ex
2213 2721 2320 2762 parte
2358 2713 2491 2752 motivi
2517 2714 2581 2752 vel

1529 2775 1573 2800 ex
1599 2771 1704 2812 parte
1733 2765 1896 2811 mobilis,
1926 2774 2042 2814 quare
2070 2765 2176 2814 quies
2205 2773 2300 2803 erat:
2322 2778 2410 2814 ergo
2439 2778 2484 2804 ea
2513 2766 2580 2804 du-

1527 2823 1642 2863 rante,
1660 2829 1811 2866 semper
1830 2817 1935 2866 quies
1955 2819 2185 2855 remanebat.
2207 2818 2247 2855 Si
2268 2830 2356 2867 ergo
2375 2818 2578 2869 aliquando

1526 2881 1688 2906 movens
1715 2866 1867 2918 incipiat
1894 2882 2064 2918 movere,
2085 2878 2233 2919 oportet
2251 2871 2355 2920 quod
2382 2871 2443 2908 illa
2467 2883 2580 2909 causa

1526 2921 1660 2970 quietis
1688 2930 1938 2960 removeatur.
1966 2924 2043 2960 Sed
2062 2935 2140 2960 non
2157 2930 2283 2972 potest
2301 2923 2488 2962 removeri
2508 2923 2579 2962 nisi

1524 2987 1594 3023 per
1621 2974 1785 3023 aliquem
1814 2984 1962 3013 motum
1980 2976 2042 3013 vel
2061 2976 2327 3013 mutationem:
2347 2987 2436 3024 ergo
2455 2975 2578 3025 sequi-

1525 3034 1585 3064 tur
1612 3028 1715 3076 quod
1743 3035 1829 3065 ante
1857 3028 1963 3072 illam,
1986 3028 2248 3076 mutationem,
2268 3040 2365 3077 quae
2385 3028 2579 3066 dicebatur

1526 3092 1608 3116 esse
1635 3080 1768 3129 prima,
1789 3080 1835 3118 sit
1858 3081 1930 3118 alia
1957 3081 2114 3118 mutatio
2132 3081 2246 3130 prior,
2267 3093 2342 3130 qua
2360 3089 2579 3120 removetur

1526 3145 1639 3170 causa
1667 3132 1811 3182 quietis.

1578 3198 1613 3234 7.
1635 3185 1781 3223 Deinde
1812 3198 1899 3222 cum
1928 3185 2030 3223 dicit:
2058 3185 2146 3222 Alia
2182 3186 2329 3234 quidem
2357 3186 2456 3224 enim
2485 3194 2575 3234 etc.,

1522 3239 1658 3287 probat
1685 3238 1946 3276 necessitatem
1968 3237 2197 3287 praemissae
2218 3240 2238 3260 ¹⁸
2257 3238 2421 3277 rationis.
2442 3240 2577 3277 Posset

1524 3291 1626 3328 enim
1664 3290 1794 3339 aliquis
1832 3290 1955 3328 dicere
1992 3291 2096 3340 quod
2133 3291 2311 3340 contingit
2345 3291 2575 3341 quandoque

1576 3414 1603 3447 η)
1619 3415 1650 3440 Si
1664 3414 1732 3439 em'm
1747 3414 1826 3440 detur
1840 3413 1912 3446 quod
1925 3417 2019 3440 motus.
2031 3426 2051 3434 -
2065 3414 2096 3440 Su·
2108 3414 2177 3440 enim
2191 3414 2344 3440 ostendetur
2355 3414 2427 3447 quod
2439 3417 2525 3440 motus
2539 3414 2574 3446 C;

1523 3449 1554 3474 Si
1572 3449 1640 3474 enim
1660 3449 1763 3474 dicetur
1786 3450 1857 3482 quod
1880 3452 1966 3475 motus
1984 3450 2041 3479 OS,
2061 3449 2107 3474 sed
2126 3457 2215 3483 margo
2233 3449 2257 3474 Ο
2277 3450 2318 3474 ve!
2340 3450 2431 3478 detur:
2456 3449 2488 3475 St*
2504 3449 2574 3475 em‘m

1523 3487 1608 3509 motus
1626 3484 1781 3509 AiKTxYa.
1794 3484 1860 3509 —lbi
1874 3484 1910 3510 sit
1918 3484 2010 3516 prima
2027 3487 2090 3510 ante
2101 3491 2189 3517 quam.
2203 3484 2296 3517 prima
2313 3492 2366 3510 om.
2385 3485 2438 3510 Pub
2457 3489 2483 3510 et
2499 3484 2574 3510 codd.

1522 3526 1574 3544 exc.
1594 3519 1832 3550 BDFGHLNRSZ:
1852 3519 1968 3544 similiter
1986 3519 2019 3544 ibi
2038 3519 2085 3544 illa
2098 3519 2190 3552 prima
2209 3519 2329 3550 mutatio,
2343 3520 2436 3552 prima
2452 3527 2505 3545 om.
2518 3518 2572 3544 Pab

1522 3558 1547 3578 et
1559 3554 1633 3579 codd.
1647 3561 1700 3579 exc.
1712 3554 1948 3579 BDFGHNORSZ.
1958 3567 1977 3573 —
1986 3554 2050 3580 Post
2066 3562 2160 3588 pauens
2179 3554 2258 3589 finees
2271 3562 2319 3588 pro
2333 3555 2375 3580 ve!
2392 3554 2571 3583 mutationem,

1520 3592 1568 3613 aut
1587 3588 1756 3614 mutationem
1776 3588 1994 3614 BDFGHNORZ.

2611 1727 2621 1738 ·
2634 1726 2801 1756 Lacuna-6.

2603 3244 2791 3274 ‘Nmpr-oe.
2826 3248 2841 3289 ἲς
