2950 4004
20 435 22 437 ’
52 430 62 440 ·
82 428 265 477 ἕανίἰοιιιαήῐεν

52 455 81 477 ad
98 471 104 476 .
118 461 142 477 u.

50 533 64 545 ⁸
75 538 208 561 segregare
222 538 265 554 eor-

50 566 76 582 x.

151 586 166 612 ὃ

0 961 15 984 22
51 958 61 967 ⁶
76 957 111 979 ad
123 956 218 978 invicem
232 962 266 981 νο,

53 983 120 1011 trab,
134 988 181 1004 om.
196 987 232 1008 to,

0 1064 8 1084 ξ,
52 1060 65 1072 ⁸
113 1059 264 1087 &nuptorum

3 1094 14 1098 ⁷>
53 1086 82 1108 ed
99 1085 265 1108 .abetcodd.

8 1119 11 1139 ζ’
51 1117 103 1134 exc.
115 1117 185 1134 oum.

14 1147 29 1183 ἲ
51 1140 81 1187 {a
98 1137 264 1186 .αὲἕέῑὲζὲἕῖ

19 1189 22 1207 ἱ
51 1196 102 1213 ειε-
115 1195 212 1212 omn.

53 1432 63 1440 '
111 1430 264 1452 indivieibiles

18 1455 25 1469 ³·
51 1456 105 1479 edd.
114 1457 150 1478 ab
164 1460 186 1478 et
195 1457 264 1478 codd.

12 1490 16 1510 ’,
53 1489 103 1505 exc.
117 1489 202 1505 cer-roi.

50 1746 64 1758 ⁴
74 1746 174 1774 propter
187 1750 238 1767 om.

1140 290 1250 326 CAP.
1281 290 1349 338 IV,
1380 290 1530 327 LECT.
1560 292 1610 327 VI

290 380 369 405 non
388 367 516 413 simul;
538 374 686 417 oportet
705 367 812 415 igitur
827 379 970 416 ponere
988 380 1110 404 unum
1125 367 1350 416 principium

290 420 539 468 generationis
558 420 744 467 omnium,
766 433 844 457 non
863 421 986 457 solum
1009 420 1348 468 uniuscuiusque&

291 474 340 510 Et
358 474 432 510 hoc
450 485 572 510 unum
599 473 827 522 principium
851 472 1005 510 vocavit
1027 473 1268 519 intellectum,
1291 473 1351 509 cui

291 525 360 563 soli
381 526 561 575 competit
580 526 807 574 distinguere
833 533 868 562 et
893 537 1118 573 congregare
1146 525 1176 571 ²²³,
1196 533 1351 573 propter

290 579 366 615 hoc
384 578 488 626 quod
509 585 563 615 est
581 578 773 615 immixtus
793 576 816 614 ὃ.
843 577 958 624 Quod
978 584 1105 614 autem
1130 577 1174 614 fit
1199 589 1269 625 per
1295 577 1349 614 in-

290 632 503 678 tellectum,
531 631 682 668 videtur
707 631 846 667 habere
871 630 1066 678 quoddam
1098 629 1348 678 principium;

291 684 380 732 quia
398 684 604 721 intellectus
633 696 655 720 a
680 682 926 720 determinato
954 682 1139 731 principio
1168 682 1349 731 incipiens

292 744 478 785 operatur.
500 736 539 773 Si
560 748 647 783 ergo
668 734 873 783 segregatio
894 734 935 771 fit
954 735 1001 771 ab
1022 734 1220 782 intellectu,
1238 748 1348 784 opor-

290 797 343 826 tet
362 789 485 826 dicere
513 788 617 836 quod
637 787 841 835 segregatio
862 788 1000 824 habeat
1027 788 1221 835 quoddam
1249 789 1350 836 prin-

293 841 448 892 cipium;
472 840 576 877 unde
600 841 849 877 concludebat
867 841 971 888 quod
992 840 1195 888 aliquando
1220 841 1350 878 omnia

290 893 427 930 fuerint
453 892 576 939 simul,
599 899 635 929 et
663 893 767 941 quo'd
786 900 913 929 motus
934 905 1010 942 quo
1031 901 1272 941 segregantur
1290 906 1350 930 res

291 946 339 982 ab
353 945 519 982 invicem
530 946 561 991 ⁵¹²,
578 945 780 993 aliquando
800 945 1015 994 incoeperit,
1037 958 1125 982 cum
1144 946 1247 994 prius
1271 959 1350 983 non

291 997 410 1034 fuerit.
428 997 490 1035 Sic
517 997 626 1046 igitur
653 999 896 1046 Anaxagoras
924 998 1051 1047 posuit
1068 1011 1189 1035 unum
1213 999 1349 1047 princi-

290 1050 398 1099 pium
412 1051 432 1071 *
447 1051 530 1087 fieri
550 1063 596 1087 ex
614 1051 742 1087 altero.

346 1103 422 1140 Sed
437 1103 678 1140 Democritus
707 1103 793 1140 dicit
812 1105 915 1152 quod
936 1116 1055 1140 unum
1082 1103 1310 1152 principium
1330 1105 1350 1125 *

291 1167 371 1192 non
389 1156 432 1192 fit
451 1168 496 1192 ex
511 1157 642 1205 altero:
673 1156 740 1193 sed
759 1164 886 1193 tamen
901 1164 1034 1193 natura
1054 1157 1234 1205 corporis,
1251 1169 1349 1205 quae

292 1215 348 1245 est
366 1209 581 1246 communis
610 1209 788 1247 omnibus
807 1209 1095 1246 indivisibilibus
1115 1210 1348 1258 corporibus,

292 1260 469 1298 differens
486 1262 697 1298 secundum
711 1269 836 1310 partes
847 1270 883 1299 et
892 1262 1043 1309 figuras,
1054 1270 1109 1299 est
1122 1262 1348 1312 principium

292 1314 467 1351 omnium
489 1315 700 1351 secundum
723 1315 1039 1362 magnitudinem,
1060 1315 1283 1364 inquantum
1304 1328 1349 1352 ex

291 1366 578 1404 indivisibilibus
605 1367 773 1416 ponebat
801 1367 980 1416 componi
1001 1379 1135 1405 omnes
1164 1368 1348 1415 magnitu-

293 1418 399 1456 dines
415 1419 620 1457 divisibiles
631 1420 663 1456 *.
675 1441 699 1447 -
712 1421 760 1456 Et
774 1420 826 1456 sic
842 1420 1031 1457 concludit
1045 1422 1150 1468 quod
1165 1421 1213 1458 ad
1227 1421 1348 1469 philo-

292 1473 458 1520 sophum
473 1473 682 1510 naturalem
695 1473 856 1521 pertinet
870 1473 1107 1510 considerare
1128 1474 1174 1510 de
1189 1473 1346 1511 infinito.

351 1537 408 1562 10.
429 1525 577 1563 Deinde
606 1537 693 1561 cum
723 1525 826 1562 dicit:
851 1526 1137 1563 Rationabiliter
1164 1532 1288 1563 autem
1317 1532 1352 1563 et

285 1578 514 1625 principium
543 1585 625 1626 etc.,
644 1578 752 1626 ponit
779 1585 951 1625 quatuor,
977 1579 1016 1615 in
1044 1579 1180 1627 quibus
1209 1579 1349 1627 antiqui

290 1629 507 1679 philosophi
527 1630 808 1667 concordabant
835 1630 932 1667 circa
951 1631 1150 1668 infinitum.
1173 1632 1348 1678 Quorum

290 1682 459 1731 primurn
480 1690 545 1730 est,
562 1683 666 1731 quod
681 1696 816 1720 omnes
835 1691 1043 1732 posuerunt
1057 1684 1246 1720 infinitum
1267 1697 1349 1720 esse

290 1734 529 1784 principium;
551 1743 587 1772 et
604 1736 680 1772 hoc
698 1736 979 1782 rationabiliter,
991 1736 1087 1773 idest
1104 1749 1173 1784 per
1184 1738 1203 1757 ξι
1214 1737 1350 1784 proba-

291 1787 409 1824 bilem
437 1788 634 1825 rationem.
656 1789 748 1825 Non
778 1789 880 1826 enim
906 1789 1085 1837 possibile
1116 1796 1181 1836 est,
1207 1789 1237 1825 si
1266 1789 1349 1825 infi-

292 1840 414 1877 nitum
443 1848 507 1888 est,
529 1842 634 1890 quod
661 1842 707 1878 sit
720 1842 893 1889 frustra,
923 1841 1018 1878 idest
1046 1842 1151 1890 quod
1179 1854 1257 1878 non
1285 1843 1349 1878 ha-

292 1894 380 1930 beat
407 1893 570 1942 aliquem
605 1894 896 1931 determinatum
933 1894 1093 1942 gradum
1121 1894 1160 1931 in
1188 1895 1347 1931 entibus.

292 1946 377 1983 Nec
403 1954 528 1995 potest
554 1947 694 1984 habere
723 1947 836 1984 aliam
864 1947 1042 1984 virtutem
1062 1947 1131 1984 nisi
1160 1947 1349 1996 principii:

292 1999 382 2047 quia
409 1999 538 2037 omnia
557 2012 655 2049 quae
675 2008 762 2037 sunt
789 2000 829 2037 in
848 2000 1005 2048 mundo,
1026 2001 1087 2037 vel
1112 2008 1199 2037 sunt
1216 2000 1351 2049 princi-

345 2169 370 2204 δ)
390 2170 461 2203 quod
473 2173 512 2195 est
525 2170 697 2195 immixtus.-
707 2171 767 2195 Sola
785 2170 864 2195 Piana
877 2170 937 2203 legit
950 2169 1099 2195 affirmative
1114 2173 1166 2200 est,·
1185 2170 1222 2194 ab
1237 2174 1262 2194 ct
1276 2170 1350 2194 codd.

293 2205 447 2230 unanimiter
466 2213 517 2230 non
536 2208 583 2234 est,
603 2206 650 2230 sed
668 2213 716 2237 pro
735 2205 882 2235 immixtus,
902 2205 1063 2230 commixtus
1082 2205 1141 2235 EG,
1161 2205 1264 2229 mixtus
1282 2205 1350 2229 FHL

293 2241 372 2270 MNZ,
386 2240 542 2272 permixtus
561 2241 603 2271 sC,
622 2240 647 2265 ei
665 2241 768 2265 mixtus
787 2241 950 2272 O.1ntellige
969 2240 1108 2265 immixtus
1121 2240 1214 2264 Pianae
1227 2240 1351 2271 negative,

293 2276 389 2300 scilicet
411 2279 451 2300 est
473 2282 524 2300 non
550 2275 665 2305 mixtus,
686 2271 804 2309 (ἄμιγης,
826 2272 856 2299 οὗ
876 2273 995 2309 μίκτος);
1015 2276 1132 2300 codicum
1155 2283 1218 2299 vero
1242 2275 1351 2306 positive

295 2308 445 2345 (ἕμμικτος),
466 2311 560 2335 scilicet
579 2318 631 2335 non
651 2314 691 2335 est
709 2311 820 2335 mixtus.

2392 304 2463 341 119

1405 367 1469 415 pia
1495 369 1557 405 vel
1582 380 1624 404 ex
1643 369 1850 418 principiis;
1871 369 2017 407 infinito
2038 377 2165 407 autem
2185 383 2263 407 non
2284 371 2464 419 competit

1405 420 1545 456 habere
1573 421 1810 470 principium,
1840 423 1929 470 quia
1948 423 2052 471 quod
2076 424 2191 460 habet
2216 423 2461 472 principium,

1404 473 1519 508 habet
1554 474 1684 510 finem.
1723 475 1833 511 Unde
1860 475 2092 523 ,relinquitur
2129 476 2233 524 quod
2274 475 2462 513 infinitum

1405 525 1451 560 sit
1485 525 1724 574 principium.
1764 528 1839 564 Sed
1877 528 2149 565 attendendum
2192 536 2247 565 est
2284 530 2388 577 quod
2425 529 2463 565 in

1404 577 1476 613 hac
1504 578 1649 614 ratione
1677 586 1833 616 utuntur
1861 580 2069 629 aequivoce
2091 581 2278 629 principio
2309 588 2344 617 et
2359 583 2463 629 fine:

1403 641 1494 665 nam
1531 630 1636 678 quod
1678 638 1732 667 est
1769 644 1813 668 ex
1849 633 2050 681 principio,
2089 634 2204 670 habet
2235 633 2462 682 principium

1404 682 1584 731 originis;
1612 683 1756 720 infinito
1792 692 1919 721 autem
1957 693 2139 734 repugnat
2165 686 2393 734 principium
2428 694 2463 723 et

1403 734 1489 771 finis
1509 736 1720 783 quantitatis
1738 737 1800 773 vel
1825 737 2101 784 magnitudinis.
2118 759 2141 765 -
2159 739 2378 775 Secundum
2398 752 2462 776 au-

1403 794 1481 823 tem
1515 788 1619 836 quod
1661 788 1910 826 attribuebant
1939 792 1958 812 ⁵³
1987 790 2132 827 infinito
2164 798 2237 838 est,
2273 792 2376 840 quod
2418 792 2463 828 sit

1403 839 1611 887 ingenitum
1632 848 1667 877 et
1685 841 1974 890 incorruptibile.
2001 843 2049 879 Et
2067 843 2141 879 hoc
2160 843 2326 892 sequitur
2349 857 2395 880 ex
2415 857 2460 881 eo

1405 893 1507 941 quod
1537 900 1592 929 est
1621 894 1858 942 principium.
1890 895 2016 931 Omne
2052 895 2153 932 enim
2187 896 2291 944 quod
2318 897 2371 943 fit,
2397 910 2460 933 ne-

1405 957 1509 981 cesse
1552 953 1607 982 est
1647 948 1750 994 quod
1792 947 1950 996 accipiat
1986 949 2116 996 finem,
2147 948 2240 985 sicut
2277 955 2313 984 et
2348 950 2463 986 habet

1403 997 1652 1046 principium;
1683 1006 1719 1035 et
1747 999 1859 1036 etiam
1889 1001 2084 1037 cuiuslibet
2121 1001 2369 1050 corruptionis
2409 1010 2464 1039 est

1405 1050 1537 1099 aliquis
1565 1051 1672 1087 finis:
1702 1051 1787 1088 finis
1816 1060 1942 1090 autem
1963 1061 2144 1102 repugnat
2163 1054 2331 1099 infinit0;
2360 1055 2462 1092 unde

1406 1115 1487 1139 esse
1510 1104 1722 1151 generabile
1744 1112 1780 1140 et
1799 1106 2036 1153 corruptibile
2066 1114 2249 1154 repugnat
2268 1106 2414 1143 infinito
2439 1113 2460 1143 ⁶.

1405 1156 1454 1192 Et
1472 1156 1524 1192 sic
1551 1163 1654 1204 patet
1679 1157 1783 1205 quod
1811 1169 1889 1194 non
1909 1166 1963 1194 est
1982 1159 2134 1207 aliquod
2162 1159 2388 1208 principium
2408 1159 2461 1196 in-

1404 1208 1510 1255 finiti,
1536 1209 1604 1246 sed
1624 1209 1742 1256 magis
1762 1209 1950 1247 infinitum
1971 1219 2025 1247 est
2042 1211 2269 1259 principium
2289 1212 2460 1249 aliorum.

1405 1262 1454 1298 Et
1467 1262 1486 1282 '¹‘
1501 1261 1538 1298 in
1557 1262 1632 1298 hoc
1651 1262 1763 1298 etiam
1784 1263 1993 1311 aequivoce
2017 1265 2217 1300 sumebant
2234 1265 2462 1312 principium

1405 1321 1440 1350 et
1447 1315 1582 1362 finem,
1595 1314 1689 1351 sieut
1704 1323 1740 1351 et
1754 1327 1909 1363 supra.—
1922 1316 2093 1353 Tertium
2113 1324 2239 1353 autem
2254 1317 2274 1337 ’ἴς
2289 1318 2392 1365 quod
2412 1325 2463 1354 at-

1403 1366 1617 1404 tribuebant
1643 1367 1791 1404 infinito
1817 1375 1905 1416 erat,
1927 1370 2031 1417 quod
2051 1369 2257 1406 contineret
2276 1377 2312 1406 et
2329 1370 2462 1417 guber-

1404 1427 1510 1456 naret
1529 1420 1674 1456 omnia:
1704 1421 1779 1457 hoc
1806 1421 1908 1458 enim
1937 1421 2086 1458 videtur
2115 1434 2194 1458 esse
2222 1422 2335 1470 primi
2363 1423 2462 1471 prin-

1405 1472 1501 1521 cipii.
1522 1473 1571 1508 Et
1598 1473 1672 1509 hoc
1699 1473 1872 1510 dixerunt
1892 1474 2122 1523 quicumque
2151 1487 2230 1511 non
2256 1483 2464 1523 posuerunt

1404 1532 1553 1573 praeter
1580 1525 1791 1573 materiam,
1812 1538 1928 1575 quarn
1957 1527 2132 1564 dicebant
2154 1527 2352 1574 infinitam,
2374 1528 2464 1564 alias

1407 1590 1548 1625 causas,
1571 1578 1709 1614 scilicet
1728 1586 1890 1626 agentes,
1911 1587 1952 1616 ut
1970 1579 2198 1617 intellectum
2218 1580 2345 1629 posuit
2362 1582 2462 1617 Ana-

1403 1643 1563 1678 xagoras
1602 1638 1638 1667 et
1671 1631 1915 1668 concordiam
1952 1633 2216 1680 Empedocles.
2258 1633 2461 1669 Continere

1406 1683 1507 1720 enim
1532 1690 1567 1719 et
1594 1684 1804 1730 gubernare
1832 1684 1951 1732 magis
1978 1685 2138 1733 pertinet
2165 1686 2214 1722 ad
2236 1685 2462 1734 principium

1404 1748 1529 1783 agens,
1542 1748 1658 1784 quam
1674 1736 1722 1772 ad
1737 1737 1977 1774 materiam-
1990 1738 2177 1784 Quartum
2188 1738 2207 1759 ²³²
2219 1746 2345 1774 autem
2361 1739 2464 1786 quod

1405 1788 1552 1824 infinito
1591 1788 1843 1825 attribuebant
1879 1797 1954 1836 est,
1994 1791 2096 1838 quod
2134 1798 2232 1827 esset
2268 1791 2462 1839 quoddam

1407 1840 1599 1878 divinum:
1639 1853 1753 1877 omne
1792 1841 1893 1878 enim
1931 1843 2033 1890 quod
2072 1849 2127 1879 est
2154 1843 2367 1879 immortale
2400 1851 2464 1880 aut

1406 1893 1699 1942 incorruptibile,
1721 1893 1893 1930 divinum
1913 1895 2171 1943 appellabant:
2193 1903 2228 1932 et
2245 1896 2320 1931 hoc
2338 1896 2465 1944 posuit

1406 1946 1690 1983 Anaximander
1723 1953 1758 1982 et
1789 1947 1915 1995 plures
1949 1947 2189 1996 antiquorum
2218 1948 2464 1997 philosopho—

1407 2011 1492 2036 rum
1520 1999 1757 2036 naturalium.

1388 2180 1390 2182 ·
1405 2178 1458 2194 om.
1477 2170 1607 2202 FGTZpE
1622 2170 1697 2194 solita
1711 2170 1846 2194 occasione
1860 2178 1979 2195 recursus
1994 2171 2145 2196 eorumdem
2159 2172 2308 2197 verborum.
2327 2172 2377 2196 Pro
2396 2173 2465 2197 unde

1405 2212 1472 2234 esse,
1492 2212 1546 2230 esse
1565 2212 1630 2238 ergo
1647 2205 1667 2229 P
1687 2205 1816 2237 corrigens
1836 2206 1959 2230 mendum
1978 2206 2025 2234 ab,
2049 2214 2124 2231 omne
2143 2207 2227 2237 enim‚·
2251 2207 2320 2232 unde
2339 2215 2390 2232 non
2410 2214 2465 2232 esse

1405 2240 1478 2271 NsC;
1497 2247 1576 2272 quare
1595 2240 1688 2264 addant
1707 2248 1766 2268 non,
1782 2240 1919 2272 explicatur
1938 2249 1967 2265 ex
1983 2249 2013 2266 eo
2033 2242 2102 2274 quod
2117 2249 2176 2266 curn
2189 2242 2404 2274 ACKSVXYle
2418 2242 2463 2267 ha—

1406 2275 1467 2299 bent
1486 2275 1632 2307 ingenitum
1652 2278 1678 2299 et
1697 2275 1909 2307 incorruptibile;
1928 2276 1997 2300 unde
2015 2284 2091 2301 omne
2110 2282 2156 2301 cet.
2177 2277 2259 2308 codd„
2279 2278 2325 2302 sed
2344 2284 2420 2302 omne
2439 2278 2464 2301 in

1406 2310 1535 2334 codicibus
1555 2317 1632 2341 saepe
1651 2314 1691 2334 est
1710 2311 1838 2342 corruptio
1857 2319 1904 2343 pro
1923 2318 1986 2335 esse.
2005 2312 2070 2336 Hinc
2084 2317 2143 2346 post
2157 2312 2260 2344 infinito
2279 2312 2337 2337 add.
2357 2313 2388 2337 S:
2408 2312 2463 2337 alia

346 2345 367 2381 ε)
389 2346 458 2370 unde
482 2353 536 2370 esse
560 2346 711 2379 generabile
733 2349 760 2371 et
783 2345 954 2377 corruptibile
977 2349 1109 2378 repugnat
1133 2345 1351 2378 infinito.—-Haec
1405 2345 1456 2369 l'ra
1476 2345 1544 2370 unde
1562 2352 1616 2369 esse
1634 2345 1783 2377 generabile
1801 2349 1828 2370 et
1845 2346 2024 2378 corruptibile.

2489 795 2498 803 ·
2514 794 2702 816 attribuuntedd.

2489 826 2503 841 a
2513 821 2525 841 b
2539 823 2560 841 ct
2572 821 2640 842 codd.
2651 827 2700 842 exc.

2488 853 2512 867 u.

2490 1269 2499 1278 ·
2514 1269 2544 1290 Et
2558 1275 2605 1291 om.
2621 1270 2672 1292 pab.

2490 1322 2501 1332 '⁵
2515 1324 2591 1342 autem
2606 1328 2652 1343 om.
2668 1323 2702 1343 ab

2490 1351 2519 1369 et.
2535 1348 2601 1370 codd.
2618 1355 2667 1370 cxc·
2689 1354 2702 1370 c

2489 1380 2526 1395 Π.

2490 1742 2592 1769 'Quarto
2599 1748 2633 1763 ῡ.-
2640 1742 2702 1769 quod

2490 1772 2512 1789 et
2526 1771 2562 1789 est
2575 1774 2622 1789 om.
2634 1769 2702 1789 codd.

2490 1798 2512 1816 et
2526 1801 2541 1815 a
2548 1795 2568 1815 b.
