2898 3996
1205 301 1315 338 CAP.
1346 300 1412 347 111,
1443 300 1593 337 LECT.
1622 301 1657 337 V

2442 305 2514 351 243

1110 505 1408 563 LECTIO
1448 507 1760 582 QUINTA

645 658 945 692 DEFINITIONES
967 657 1121 689 EORUM
1145 657 1262 694 QUAE
1285 656 1530 687 PERTINENT
1554 657 1611 687 AD
1636 657 1727 688 HOC
1752 657 1872 694 QUOD
1897 658 1976 688 EST
2005 658 2225 696 TANGERE,

703 722 762 752 ET
779 721 838 751 AD
857 719 949 750 HOC
973 718 1095 756 QUOD
1119 718 1199 749 EST
1217 718 1328 748 ESSE
1346 717 1708 755 CONSEQUENTER
1730 719 1787 748 ET
1806 719 1863 749 AD
1886 718 2164 750 CONTINUUM

349 853 451 886 Μετά
474 848 511 884 δὲ
535 852 832 896 ταῦτα’λέγωμεν
862 852 896 882 τί
922 849 994 883 ἐστι
1026 849 1066 881 τό
1101 861 1172 893 αμα
1202 851 1259 880 καὶ
1292 850 1404 894 χωρίς,

415 898 473 928 καὶ
498 898 531 928 τί
556 895 597 928 τὸ
624 893 813 934 ἅπτεσθαι,
839 895 897 924 καὶ
922 897 956 927 τί
981 893 1022 926 τὸ
1047 893 1197 938 μεταξύ,
1223 894 1280 924 καὶ
1305 895 1339 925 τί
1365 892 1405 924 τὸ

415 939 551 982 ἐφεξῆς,
582 940 639 969 καὶ
665 940 698 970 τί
723 938 764 970 τὸ
797 937 957 983 ἐχόμενον
987 939 1046 969 καὶ
1077 936 1225 982 συνεχές,
1251 939 1308 968 καὶ
1335 940 1405 973 τοῖς

415 985 521 1020 ποίοις
547 981 692 1014 ἕκαστον
718 980 851 1014 τούτων
877 982 1039 1026 ὑπάρχειν
1066 981 1220 1024 πέφυκεν.

342 1027 448 1070 Ἀμα
477 1027 536 1069 μὲν
554 1024 609 1058 οὖν
627 1024 768 1070 λέγεται
793 1023 894 1058 ταῦτ’
919 1023 1003 1058 εἶναι
1027 1026 1122 1058 κατά
1145 1024 1266 1065 τόπον,
1286 1023 1350 1055 ὅσα
1374 1024 1406 1055 ἐν

415 1071 461 1102 ἑνὶ
493 1069 588 1111 τόπῳ
621 1071 693 1102 ἐστὶ
726 1069 866 1114 πρώτῳ,
902 1071 1027 1124 χωρίς
1063 1066 1094 1100 δ’
1124 1068 1187 1101 ὅσα
1219 1069 1252 1100 ἐν
1283 1067 1405 1109 ἑτέρῳ,

829 1114 836 1124 ἱ
872 1113 885 1125 ν
986 1115 991 1124 Ι

416 1113 636 1146 ἅπτεσθαι
667 1109 696 1145 δ’
724 1113 766 1145 ὦν
791 1126 839 1146 τα
865 1125 951 1157 ακρα
978 1125 1067 1158 αμα,

348 1194 514 1238 μεταξύ
543 1189 573 1225 δ’
594 1195 637 1232 εἰς
664 1195 680 1226 ὃ
705 1194 828 1238 πέφυκε
848 1196 979 1239 πρῶτον
1003 1194 1209 1239 ἀφικνεῖσθαι
1235 1195 1275 1226 τὸ
1301 1206 1408 1237 μετα-

415 1238 563 1280 βάλλον,
593 1239 615 1275 ἦ
646 1239 690 1276 εἰς
724 1239 740 1270 ὃ
766 1239 913 1283 ἔσχατον
945 1239 1157 1282 μεταβάλλει
1187 1239 1284 1270 κατά
1311 1238 1407 1282 φύσιν

413 1284 557 1337 συνεχῶς
583 1282 814 1327 μεταβάλλον.
836 1284 892 1314 Ἐν
919 1284 1112 1328 ἐλαχίστοις
1137 1278 1166 1314 δ’
1196 1281 1268 1315 ἐστὶ
1294 1283 1334 1315 τό
1352 1295 1407 1327 μευ

415 1327 503 1368 ταξυ
528 1329 653 1370 τρισίν,
681 1327 827 1372 ἔσχατον
853 1328 911 1370 μὲν
937 1327 1000 1373 γάρ
1026 1329 1098 1360 ἑστι
1123 1327 1184 1364 τῆς
1210 1327 1405 1371 μεταβολῆς

414 1371 455 1404 τὸ
481 1369 651 1403 ἐναντίον·
677 1372 820 1415 συνεχῶς
838 1367 875 1403 δέ
898 1376 1042 1405 κινεῖται
1063 1371 1104 1404 τὸ
1121 1370 1222 1415 μηθέν
1242 1370 1262 1407 ἦ
1281 1372 1322 1403 *td
1341 1369 1408 1402 ὀλί-

413 1427 532 1462 γιστον
562 1411 738 1447 διαλεῖπον
771 1416 833 1448 τοῦ
865 1415 1087 1462 πράγματος,
1119 1415 1166 1460 μή
1199 1416 1261 1448 τοῦ
1286 1414 1405 1459 χρόνου

415 1455 531 1504 (οὐδὲν
555 1460 619 1505 γάρ
644 1459 764 1490 κωλύει
788 1455 1027 1500 διαλείποντα,
1052 1462 1111 1492 καὶ
1135 1459 1230 1496 εὐθύς
1256 1454 1293 1491 δὲ
1318 1459 1408 1503 μετά

414 1504 477 1541 τήν
509 1503 643 1540 ὑπάτην
680 1502 889 1548 φθέγξασθαι
920 1504 984 1540 τήν
1020 1504 1188 1547 νεάτην),
1226 1504 1316 1535 ἀλλά
1344 1504 1407 1535 τοῦ

414 1547 633 1593 πράγματος,
651 1547 684 1579 έν
703 1547 726 1587 ᾦ
743 1552 899 1581 κινεῖται.
926 1549 1036 1580 Τοῦτο
1054 1544 1092 1579 δὲ
1109 1548 1141 1580 ἔν
1159 1560 1198 1579 τε
1216 1551 1291 1585 ταῖς
1311 1547 1408 1579 κατά

413 1593 521 1625 τόπον
539 1594 595 1622 καὶ
615 1591 647 1623 ἐν
666 1595 742 1628 ταῖς
761 1591 878 1629 ἄλλαις
897 1593 1105 1635 μεταβολαῖς
1124 1591 1276 1635 φανερόν.
1291 1589 1408 1623 Ἐναν-

413 1638 486 1668 τίον
512 1631 549 1666 δὲ
572 1636 668 1668 κατά
693 1634 800 1667 τόπον
825 1635 866 1667 τὸ
891 1635 970 1668 κατ’
999 1635 1129 1668 εὐθεῖαν
1162 1634 1289 1680 ἀπέχον
1316 1637 1408 1667 πλεῖ-

413 1691 508 1711 στον·
535 1680 556 1715 ’ἡ
588 1679 652 1724 γάρ
685 1680 850 1723 ἐλαχίστη
884 1679 1119 1721 πεπέρανται,
1153 1679 1273 1723 μέτρον
1303 1674 1340 1711 δέ
1365 1679 1406 1711 τὸ

413 1723 681 1767 πεπερασμένον.

341 1767 512 1813 Ἐφεξῆς
537 1763 574 1798 δέ
600 1766 637 1798 οὗ
663 1767 754 1811 μετοὶ
778 1767 842 1802 τήν
870 1766 975 1811 ἀρχὴν
1001 1766 1101 1810 μόνον
1121 1766 1216 1803 ὄντος
1241 1765 1261 1803 ἦ
1281 1766 1367 1798 θέσει
1385 1765 1406 1803 ἦ

413 1811 506 1855 φύσει
532 1810 552 1847 ἦ
580 1810 668 1852 ἄλλῳ
693 1813 758 1842 τινὶ
781 1810 886 1848 οὕτως
906 1810 1138 1855 ἀφορισθέντος
1157 1805 1259 1853 μηδὲν
1275 1810 1407 1854 μεταξύ

413 1857 487 1888 ἐστι
513 1856 579 1886 τῶν
606 1856 637 1886 ἑν
664 1855 782 1895 ταύτῷ
807 1854 896 1898 γένει
920 1857 979 1887 καὶ
1005 1854 1041 1886 οὗ
1060 1854 1176 1898 ἑφεξῆς
1199 1855 1282 1886 ἐστι.
1309 1854 1406 1900 Λέγω

412 1895 440 1931 δ’
472 1900 539 1931 οἷον
564 1911 629 1944 γρα
657 1899 704 1943 μή
728 1899 887 1953 γραμμῆς
913 1899 934 1936 η’
958 1902 1126 1944 γραμμαί,
1145 1897 1165 1935 ἦ
1184 1893 1327 1941 μονάδος
1350 1910 1407 1942 μο-

412 1944 470 1981 νοὶς
496 1942 517 1980 ἦ
543 1910 699 1987 μονάδες,
726 1946 746 1980 ’ἡ
774 1944 879 1980 οἰκίας
907 1945 1007 1975 οἰκία.
1037 1943 1139 1974 ’Άλλο
1164 1938 1191 1974 δ’
1223 1939 1318 1974 οὐδὲν
1343 1954 1407 1973 κω-

410 1987 482 2019 λύει
508 1986 639 2031 μεταξύ
673 1985 771 2020 εἶναι·
799 1987 840 2020 τὸ
865 1988 929 2032 γάρ
960 1986 1075 2030 ἑφεξῆς
1107 1989 1170 2019 τινὶ
1202 1984 1319 2030 ἐφεξῆς
1349 1988 1407 2018 καὶ

412 2031 550 2075 ὕστερόν
575 2043 622 2064 τι·
652 2030 688 2063 οὐ
713 2032 776 2078 γάρ
802 2031 842 2064 ‘ro‘
869 2034 900 2064 ἓν
927 2032 1043 2074 ἑφεξῆς
1070 2035 1141 2064 τοῖν
1164 2026 1268 2071 δυοῖν,
1290 2026 1367 2062 οὐδὲ
1385 2031 1405 2067 ’ἡ

411 2077 574 2120 νουμηνία
598 2077 661 2114 τῆς
685 2072 846 2119 δευτέρας
874 2075 887 2109 ἐ
914 2076 1003 2117 εξῆς,
1032 2075 1121 2108 ἀλλά
1138 2076 1239 2107 ταῦτ’
1261 2076 1404 2108 ἐκείνων.

406 2118 637 2165 Ἐχόμενον
663 2115 700 2152 δὲ
726 2121 742 2152 ὃ
769 2119 808 2153 ἀν
835 2088 952 2164 ἑφεῖἦς
978 2119 1012 2152 ὂν
1039 2119 1209 2157 ἅπτηται.

339 2241 436 2273 Ἐπεὶ
460 2235 497 2271 δὲ
522 2240 618 2272 πᾶσα
649 2238 828 2283 μεταβολή
855 2237 887 2271 ἐν
913 2243 984 2276 τοῖς
1011 2240 1273 2283 ἀντικειμένοις,
1301 2241 1348 2273 τά
1371 2237 1402 2272 δ’

414 2284 629 2327 ἀντικείμενα
654 2283 702 2315 τά
726 2296 764 2315 τε
790 2281 931 2315 ἐναντία
955 2285 1011 2315 καὶ
1037 2279 1085 2316 τά
1099 2285 1195 2316 κατά
1213 2283 1404 2327 ἀντίφασιν,

414 2326 622 2370 ἀντιφάσεως
648 2322 680 2358 δ’
699 2323 795 2359 οὐδὲν
823 2327 889 2359 ἀνά
913 2326 1027 2370 μέσον,
1047 2329 1185 2373 φανερὸν
1211 2327 1265 2361 ὅτι
1284 2329 1315 2360 ἐν
1334 2333 1404 2366 τοῖς

413 2371 578 2409 ἐναντίοις
604 2371 702 2404 ἔσται
728 2372 769 2403 τὸ
795 2370 938 2416 μεταξύ.
983 2393 986 2395 -

345 2417 390 2449 T&
415 2413 452 2448 δέ
481 2415 659 2460 συνεχὲς
692 2415 764 2448 ’έστι
795 2416 853 2460 μέν
881 2414 959 2457 ὅπερ
986 2414 1146 2460 ἐχόμενόν
1173 2427 1227 2457 τι,
1257 2416 1346 2462 λέγω
1371 2412 1401 2447 δ’

410 2458 496 2492 εἶναι
521 2459 677 2504 συνεχές,
704 2459 789 2491 ὅταν
815 2459 929 2492 ταύτὸ
953 2459 1097 2505 γένηται
1120 2461 1178 2491 καὶ
1203 2461 1235 2492 ἓν
1262 2461 1302 2492 τὸ
1329 2462 1406 2492 ἑκα-

411 2504 509 2549 τέρου
536 2503 640 2549 πέρας
666 2504 712 2541 οἷς
739 2503 926 2543 ἅπτονται,
944 2505 1003 2535 καὶ
1027 2502 1134 2548 ὥσπερ
1152 2507 1307 2546 σημαίνει
1327 2505 1405 2537 τού-

410 2561 511 2593 νομα,
537 2548 736 2593 συνέχηται.
763 2549 872 2581 Τοῦτο
898 2543 925 2579 δ’
955 2547 1016 2592 οὐχ
1041 2547 1151 2579 οἷόντε
1177 2544 1266 2580 δυοῖν
1293 2549 1402 2581 ὄντοιν

411 2591 496 2625 εἶναι
523 2597 594 2626 τοῖν
620 2591 793 2637 ἐσχάτοιν.
821 2592 950 2625 Τούτου
975 2588 1013 2624 δὲ
1033 2587 1246 2636 διωρισμένου
1264 2593 1403 2637 φανερὸν

413 2637 467 2670 ὅτι
492 2638 524 2669 ἐν
551 2635 687 2674 τούτοις
713 2637 786 2668 ἐστὶ
812 2637 853 2668 τό
878 2636 1025 2681 συνεχές,
1053 2636 1087 2677 ἐξ
1112 2636 1154 2668 ὥν
1177 2636 1209 2668 ἕν
1229 2649 1262 2668 τι
1280 2636 1403 2680 πέφυκε

411 2680 561 2728 γίνεσθαι
584 2681 681 2714 καταῖ
704 2681 768 2717 τήν
793 2680 946 2724 σύναψιν·
972 2683 1029 2712 καὶ
1051 2680 1091 2718 ὥς
1110 2692 1195 2713 ποτε
1212 2683 1344 2726 γίνεται
1362 2681 1403 2714 τό

411 2724 489 2757 συνέ
518 2737 552 2756 ον
571 2724 617 2765 ἓν,
637 2723 727 2756 οὕτω
751 2727 808 2756 καὶ
826 2724 868 2756 τὸ
887 2724 962 2756 ὅλον
981 2725 1080 2756 ἔσται
1099 2724 1145 2766 ἐ’ν,
1165 2726 1232 2757 οἷον
1251 2723 1271 2762 ἦ
1289 2724 1404 2770 γόμφῳ

412 2768 433 2806 ἦ
457 2771 563 2811 κολλῃ
589 2768 610 2805 ἦ
637 2769 705 2810 ἀφῇ
731 2767 752 2804 ἦ
779 2768 970 2812 προσφύσει.

345 2813 492 2856 Φανερόν
517 2808 554 2845 δὲ
577 2814 635 2845 καὶ
662 2811 714 2844 ὅτι
741 2813 873 2855 πρῶτον
899 2812 940 2845 τὸ
965 2811 1080 2856 ἑφεξῆς
1099 2813 1186 2844 ἑστί-
1206 2813 1247 2844 το“
1263 2812 1322 2856 μέν
1340 2813 1403 2858 γάρ

414 2857 606 2901 ἀπτόμενον
632 2856 748 2899 ἑφεξῆς
767 2856 897 2902 ἀνάγκη
915 2852 1014 2896 εἶναι,
1034 2855 1074 2888 τὸ
1096 2852 1126 2888 δ’
1148 2854 1263 2900 ἑφεξῆς
1282 2857 1318 2888 οὐ
1337 2858 1404 2892 πᾶν

414 2901 596 2934 ἅπτεσθαι·
622 2896 674 2932 διὰ
698 2901 757 2931 καὶ
783 2898 815 2932 ἐν
841 2899 1016 2943 προτέροις
1042 2900 1089 2940 τῷ
1112 2897 1208 2946 λόγῳ’
1226 2901 1266 2933 τὸ
1286 2899 1404 2943 ἑφεξῆς

413 2946 517 2987 ἐστίν,
546 2946 613 2978 οἷον
640 2944 671 2976 ἑν
700 2944 861 2988 ἀριθμοῖς·
889 2945 957 2987 ἀφγὶ
983 2940 1011 2975 δ’
1040 2943 1099 2976 οὐκ
1124 2944 1210 2976 ἔστι.

344 3035 410 3065 Καὶ
435 3033 463 3064 εἱ
487 3033 546 3076 μὲν
572 3030 726 3076 συνεχές,
755 3030 888 3078 ἀνάγκη
917 3030 1098 3064 ἅπτεσθαι·
1125 3033 1153 3064 εἰ
1177 3027 1206 3064 δ’
1237 3032 1402 3074 ἅπτεται,

413 3076 506 3108 οὔπω
531 3089 605 3109 συνε
635 3077 678 3113 ές·
711 3076 749 3108 οὐ
781 3076 844 3122 γάρ
872 3075 1003 3122 ἀνάγκη
1037 3077 1069 3108 ἓν
1101 3073 1185 3108 εἶναι
1219 3075 1331 3109 αὐτῶν
1358 3078 1405 3109 τά

414 3120 521 3164 ἄκρα,
547 3121 574 3152 εἰ
608 3089 680 3165 &pe-ot
705 3117 780 3151 εἶεν·
810 3118 883 3153 ἀλλ’
911 3121 939 3152 εἰ
971 3119 1024 3162 ἕν,
1060 3120 1190 3166 ἀνάγκη
1221 3124 1278 3153 καὶ
1316 3120 1399 3165 ἅμα.

405 3163 508 3198 ’Ὥστε
525 3165 546 3201 ’ἦ
565 3164 725 3210 σύμφυσις
752 3163 885 3201 ὑστάτη
910 3165 1006 3197 κατά
1029 3165 1093 3201 τήν
1110 3165 1252 3210 γένεσιν·
1272 3164 1402 3210 ἀνάγκη

411 3208 475 3253 γοὶρ
502 3207 664 3252 ἅψασθαι,
691 3210 719 3240 εἰ
743 3207 952 3252 συμφύσεται
978 3209 1025 3241 τά
1051 3209 1092 3241 &a
1115 3221 1149 3241 α·
1173 3209 1220 3242 τοὶ
1240 3205 1276 3240 δὲ
1296 3209 1406 3241 ἀπτό-

412 3263 497 3330 μενα
523 3251 560 3284 οὐ
585 3253 702 3286 πάντα
727 3251 949 3296 συμπέφυκεν·
971 3253 1004 3284 ἐν
1023 3253 1069 3291 οἷς
1089 3221 1126 3285 δὲ
1144 3252 1190 3297 μή
1209 3253 1301 3284 ἐστιν
1320 3252 1402 3296 ἀφῆ,

437 3298 454 3306 ..ι

435 3299 515 3334 ηλον
543 3296 596 3328 ὅτι
621 3297 680 3329 οὐκ
705 3296 796 3329 ἔστιν
823 3293 901 3329 οὐδὲ
925 3296 1083 3340 σύμφυσις
1109 3297 1141 3329 ἑν
1167 3297 1315 3334 τούτοις.

338 3381 432 3413 ‘'Qu-¹?
453 3381 481 3411 εἰ
506 3379 579 3411 ἔστι
603 3379 732 3424 στιγμή
756 3381 814 3410 καὶ
838 3379 942 3423 μονάς
961 3379 1032 3416 οἵας
1051 3378 1186 3424 λέγουσι
1203 3379 1403 3423 κεχωρισμέ-

412 3436 484 3465 νας,
511 3424 575 3468 οὐχ
599 3422 709 3455 οἷόντε
735 3419 820 3454 εἶναι
844 3419 979 3467 μονάδα
1002 3425 1058 3454 καὶ
1076 3423 1223 3468 στιγμήν
1242 3423 1282 3455 τὸ
1301 3421 1401 3455 αὐτό·

412 3472 488 3505 ταῖς
514 3468 572 3512 μέν
597 3467 661 3513 γάρ
688 3466 833 3511 ὑπάρχει
858 3467 899 3498 τὸ
926 3465 1108 3508 ἅπτεσθαι,
1128 3470 1203 3503 ταῖς
1228 3461 1265 3498 δέ
1282 3466 1403 3510 μονάσι

413 3513 454 3545 τὰ
481 3511 611 3557 ἑφεξῆς.
638 3512 704 3542 Καὶ
730 3512 795 3543 τῶν
820 3511 879 3554 μέν
905 3507 1081 3555 ἐνδέχεται
1106 3507 1190 3542 εἶναί
1215 3521 1249 3542 τι
1272 3510 1403 3554 μεταξύ

415 3557 530 3600 (πᾶσα
553 3555 616 3602 γάρ
647 3554 787 3611 γραμμή
819 3553 949 3598 μεταξύ
980 3555 1167 3600 στιγμῶν),
1194 3554 1259 3586 τῶν
1285 3550 1312 3585 δ’
1343 3555 1402 3586 οὑκ

417 3601 560 3647 ἀνάγκη·
588 3595 683 3632 οὐδέν
708 3599 771 3645 γάρ
797 3598 928 3643 μεταξύ
953 3593 1075 3636 δυάδος
1099 3600 1156 3630 καὶ
1182 3593 1339 3642 μονάδος.

1460 849 1477 867 *
1491 849 1567 879 Post
1581 849 1657 880 haec
1673 856 1779 880 autem
1795 850 1935 880 dicamus
1950 851 2027 891 quid
2040 858 2086 882 est
2100 861 2197 890 smUL,
2210 858 2239 882 et
2253 852 2329 892 quid
2342 862 2519 892 saranum,

1528 899 1558 923 et
1580 893 1658 933 quid
1673 900 1719 924 est
1732 904 1884 932 TANGERE,
1903 901 1932 924 et
1946 894 2022 935 quid
2043 901 2089 925 est
2112 905 2240 933 mamma,
2259 902 2288 926 et
2312 896 2388 936 quid
2407 907 2518 927 consa-

1529 947 1680 975 QUENTER‚
1698 943 1727 968 et
1746 938 1822 978 quid
1844 948 1990 975 HABITUM,
2007 945 2037 968 et
2052 938 2128 978 quid
2145 949 2332 978 commum,
2350 946 2380 970 et
2394 939 2426 969 in
2440 951 2518 980 qua-

1527 980 1602 1011 libet
1624 990 1656 1010 re
1679 981 1932 1022 unumquodque
1947 982 2063 1012 horurn
2086 982 2185 1012 inesse
2208 989 2319 1022 aptum
2341 990 2451 1013 natum
2470 984 2517 1015 sit.

1461 1022 1478 1041 *
1494 1023 1588 1053 Smin„
1612 1023 1705 1062 igitur
1728 1025 1874 1055 dicuntur
1896 1025 1972 1055 haec
1995 1035 2060 1055 esse
2084 1026 2258 1056 secundum
2281 1026 2399 1064 locum,
2424 1037 2518 1067 quae-

1529 1076 1665 1106 cumque
1677 1068 1709 1097 in
1723 1078 1788 1098 uno
1803 1068 1875 1098 Ioco
1892 1075 1965 1099 sunt
1980 1069 2098 1108 primo:
2117 1080 2282 1099 sapam-rm
2298 1076 2414 1109 autem,
2426 1081 2519 1111 quae-

1528 1120 1665 1150 cumque
1688 1118 1760 1141 sunt
1775 1111 1808 1141 in
1823 1112 1935 1142 altero:
1959 1122 2099 1143 TANGERE
2119 1120 2235 1151 autern,
2252 1124 2391 1154 quorum
2409 1115 2520 1145 ultima

1529 1153 1634 1183 simul.

1462 1197 1591 1227 Manum
1606 1207 1691 1235 vero,
1707 1198 1739 1227 in
1758 1199 1846 1238 quod
1862 1205 1972 1239 aptum
1994 1206 2104 1230 natum
2129 1207 2174 1230 est
2189 1201 2328 1240 primum
2348 1201 2519 1241 pertingere

1528 1241 1616 1281 quod
1634 1248 1784 1280 mutatur,
1809 1252 1906 1282 quam
1921 1243 1954 1272 in
1970 1243 2058 1282 quod
2076 1243 2393 1283 ultimummutatur,
2410 1256 2519 1276 secun-

1528 1285 1606 1315 dum
1628 1292 1774 1315 naturam
1797 1286 1945 1316 continue
1969 1287 2177 1317 mutationem
2200 1288 2330 1327 patiens.
2355 1289 2390 1318 In
2413 1289 2519 1319 minus

1528 1335 1634 1359 autem
1657 1335 1704 1359 est
1726 1329 1867 1359 medium
1898 1330 1930 1359 in
1958 1330 2070 1360 tribus:
2104 1331 2253 1361 ultimum
2284 1332 2412 1372 quidem
2435 1333 2520 1363 enirn

1527 1372 1711 1403 mutationis
1748 1373 1939 1403 contrarium
1970 1381 2025 1404 est.
2047 1371 2062 1388 *
2087 1374 2246 1405 Continue
2279 1382 2384 1406 autem
2413 1386 2521 1406 move-

1527 1422 1595 1454 tur,
1611 1417 1699 1456 quod
1715 1416 1794 1446 nihil
1808 1423 1863 1447 aut
1878 1417 2105 1456 paucissimum
2122 1418 2223 1448 deficit
2239 1419 2293 1456 rei,
2310 1429 2374 1449 non
2399 1426 2520 1459 tempo-

1526 1459 1578 1490 ris.
1602 1460 1688 1490 Nihil
1704 1460 1789 1490 enim
1812 1461 1957 1500 prohibet
1976 1461 2183 1492 deficientiam
2206 1462 2249 1492 rei
2266 1472 2331 1492 non
2354 1463 2520 1502 temporis;

1527 1509 1558 1533 et
1580 1504 1684 1534 statim
1707 1504 1803 1534 etiam
1826 1511 1899 1544 post
1916 1505 2052 1546 hypaten
2077 1515 2187 1535 sonare
2217 1506 2378 1544 ultimam3
2402 1507 2455 1536 sed
2478 1507 2522 1537 rei

1526 1547 1560 1576 in
1579 1557 1642 1588 qua
1664 1554 1821 1578 movetur.
1847 1548 1919 1578 Hoc
1940 1555 2047 1579 autem
2063 1555 2093 1579 et
2106 1549 2138 1579 in
2154 1549 2298 1590 hisquae
2313 1557 2386 1580 sunt
2413 1560 2522 1580 secun-

1527 1591 1605 1620 dum
1628 1591 1752 1629 locum,
1777 1598 1807 1621 et
1829 1591 1861 1621 in
1885 1592 1952 1622 aliis
1980 1592 2208 1622 mutationibus
2238 1593 2440 1624 manifestum
2464 1601 2520 1624 est.

1527 1631 1543 1648 '¹‘
1554 1634 1756 1665 Contrarium
1776 1642 1881 1665 autem
1894 1636 2069 1666 secundum
2086 1636 2195 1666 locum
2214 1643 2269 1674 est,
2283 1638 2458 1667 secundum
2476 1648 2522 1668 re-

1528 1678 1711 1708 ctitudinem
1726 1678 1841 1708 distans
1857 1679 2041 1718 plurimum.
2066 1680 2198 1710 Minima
2212 1680 2296 1710 enim
2312 1680 2415 1711 finita:
2431 1691 2518 1712 men-

1528 1732 1600 1752 sura
1623 1728 1729 1752 autem
1751 1721 1876 1752 finitum
1900 1730 1955 1753 est.

1461 1763 1476 1779 *
1487 1764 1737 1795 CousssomzNTER
1750 1773 1856 1796 autern
1871 1773 1927 1804 est,
1939 1767 2027 1806 quod
2043 1776 2116 1796 cum
2125 1774 2197 1806 post
2209 1767 2399 1806 principium
2415 1769 2520 1799 solum

1529 1809 1584 1846 sit,
1610 1815 1664 1839 aut
1686 1809 1843 1848 positione
1867 1816 1920 1839 aut
1943 1810 2044 1849 specie
2067 1817 2121 1840 aut
2145 1810 2205 1840 alio
2229 1811 2335 1851 aliquo
2359 1811 2401 1841 sic
2423 1812 2519 1842 deter-

1528 1852 1659 1890 minato,
1676 1852 1802 1882 nullum
1816 1853 1958 1883 medium
1972 1860 2017 1883 est
2044 1863 2155 1883 eorum
2170 1864 2250 1894 quae
2265 1861 2337 1884 sunt
2352 1855 2384 1884 in
2407 1856 2520 1886 eodem

1528 1905 1651 1935 genere,
1675 1902 1706 1926 et
1729 1895 1817 1926 cuius
1834 1903 2060 1937 consequenter
2083 1903 2142 1927 est:
2167 1898 2236 1927 dico
2253 1904 2358 1928 autern
2382 1905 2417 1928 ut
2439 1899 2520 1929 linea

1528 1939 1627 1969 lineae
1657 1940 1832 1970 secundum
1855 1941 1943 1980 quod
1972 1947 2044 1970 sunt
2067 1940 2183 1979 lineae,
2208 1948 2262 1971 aut
2284 1941 2395 1972 unitati
2418 1943 2520 1972 unitas

1529 1983 1704 2013 secundum
1719 1983 1807 2023 quod
1823 1990 1896 2014 sunt
1912 1984 2060 2022 unitates,
2078 1991 2132 2014 aut
2155 1984 2265 2015 dornui
2285 1985 2415 2015 domus:
2435 1986 2520 2016 aliud

1529 2033 1636 2057 autern
1658 2027 1736 2056 nihil
1754 2027 1900 2067 prohibet
1918 2037 1984 2057 esse
2003 2028 2154 2058 medium.
2176 2028 2413 2068 Consequenter
2436 2029 2520 2059 enim

1529 2070 1620 2101 alicui
1653 2078 1897 2111 consequenter,
1928 2081 1963 2101 ac
1990 2071 2145 2111 posterius
2176 2072 2302 2112 aliquid.
2333 2073 2406 2102 Non
2436 2073 2519 2103 enim

1529 2124 1631 2144 unum
1644 2121 1870 2155 consequenter
1887 2122 1932 2145 est
1948 2115 2084 2153 duobus,
2104 2126 2206 2156 neque
2223 2126 2304 2146 nova
2319 2116 2394 2146 luna
2410 2127 2518 2147 secun-

1529 2158 1586 2188 dae
1610 2165 1851 2198 consequenter:
1875 2159 1929 2189 sed
1951 2159 2027 2189 haec
2050 2159 2119 2189 illis.
2135 2160 2153 2178 *
2172 2160 2318 2189 ΗΑΒῙΤωι
2341 2166 2447 2190 autem
2463 2167 2518 2199 est,

1528 2202 1617 2242 quod
1641 2212 1714 2232 cum
1738 2209 1964 2242 consequenter
1987 2209 2043 2241 est,
2066 2203 2173 2242 tangit.

1462 2245 1624 2282 Quoniam
1647 2251 1753 2275 autem
1777 2246 1880 2276 omnis
1903 2246 2037 2277 mutatio
2059 2246 2092 2276 in
2112 2246 2265 2287 oppositis
2289 2254 2349 2285 est,
2373 2247 2519 2287 opposita

1527 2295 1634 2319 autem
1650 2295 1723 2319 sunt
1739 2295 1769 2319 et
1785 2290 1938 2320 contraria
1958 2296 1988 2320 et
2014 2300 2094 2331 quae
2111 2291 2285 2320 secundum
2305 2291 2519 2321 contradictio-

1528 2342 1602 2362 nem
1618 2339 1701 2370 sunt,
1717 2333 1970 2363 contradictionis
1987 2341 2093 2364 autern
2117 2334 2194 2364 nihil
2215 2340 2260 2364 est
2283 2334 2423 2365 medium
2429 2342 2438 2373 ;
2453 2345 2518 2365 ma-

1527 2375 1676 2406 nifestum
1699 2382 1745 2406 est
1767 2377 1854 2416 quod
1877 2377 1910 2406 in
1934 2377 2092 2408 contrariis
2116 2377 2172 2407 erit
2198 2377 2349 2408 medium.

1462 2419 1648 2450 commum
1671 2426 1777 2450 autern
1801 2426 1846 2450 est
1875 2421 2005 2460 quidem
2035 2422 2123 2461 quod
2150 2421 2293 2451 habitum
2317 2421 2434 2462 aliquid
2462 2428 2517 2453 est.

1526 2463 1606 2493 Dico
1630 2470 1736 2493 autem
1760 2473 1826 2494 esse
1854 2464 2061 2502 continuum,
2086 2475 2160 2495 cum
2187 2464 2271 2494 idem
2293 2464 2354 2495 fiat'
2379 2472 2408 2495 et
2435 2475 2518 2495 unus

1526 2507 1690 2547 utriusque
1705 2507 1856 2538 terminus
1874 2517 1984 2538 eorum
2000 2518 2081 2548 quae
2096 2515 2276 2549 tanguntur,
2290 2515 2320 2538 et
2333 2509 2413 2539 sicut
2426 2509 2518 2548 signi-

1526 2550 1598 2581 ficat
1620 2561 1758 2589 nomen,
1782 2551 1989 2582 contineatur:
2015 2552 2076 2582 hoc
2099 2559 2205 2582 autem
2228 2561 2294 2582 esse
2320 2562 2385 2582 non
2414 2559 2518 2592 potest

1527 2604 1601 2625 cum
1615 2595 1679 2624 duo
1695 2594 1756 2624 sint
1770 2595 1916 2625 ultima.*
1928 2595 1989 2626 Sed
2003 2595 2064 2626 hoc
2083 2595 2298 2632 determinato,
2315 2595 2516 2626 manifestum

1527 2644 1573 2668 est
1588 2638 1676 2678 quod
1694 2638 1727 2668 in
1744 2638 1791 2668 his
1809 2645 1854 2668 est
1870 2639 2067 2677 continuum,
2084 2648 2120 2668 ex
2140 2639 2255 2679 quibus
2271 2648 2373 2669 unum
2388 2639 2516 2680 aliquod

1527 2688 1638 2721 aptum
1653 2688 1699 2712 est
1712 2681 1777 2712 fieri
1794 2683 1969 2712 secundum
1986 2689 2175 2713 contactum.
2193 2682 2233 2712 Et
2252 2682 2332 2713 sicut
2346 2683 2514 2723 aliquando

1526 2725 1563 2756 fit
1586 2725 1773 2756 continuum
1796 2736 1914 2764 unum,
1938 2727 1981 2756 sic
2005 2733 2034 2757 et
2057 2732 2161 2756 totum
2185 2725 2241 2756 erit
2263 2733 2379 2764 unum;
2403 2733 2438 2757 ut
2461 2733 2515 2757 aut

1528 2769 1762 2799 conclavatione
1786 2776 1840 2800 aut
1863 2770 1944 2800 colla
1967 2777 2020 2800 aut
2038 2777 2121 2800 tactu
2144 2776 2199 2800 aut
2223 2770 2428 2800 adnascentia.

1460 2812 1478 2831 '¹‘
1495 2812 1699 2843 Manifestum
1722 2820 1828 2844 autem
1852 2820 1881 2844 et
1904 2814 1991 2854 quod
2014 2813 2154 2853 primum
2177 2820 2222 2843 est
2244 2813 2275 2843 id
2299 2814 2385 2854 quod
2407 2824 2515 2844 conse—

1528 2863 1659 2897 quenter
1674 2863 1728 2887 est.
1747 2857 1938 2888 Contactum
1954 2857 2083 2897 quidem
2102 2857 2187 2887 enim
2201 2864 2324 2887 necesse
2347 2864 2392 2887 est
2408 2867 2515 2888 conse-

1527 2907 1659 2940 quenter
1677 2908 1760 2931 esse:
1776 2901 1864 2941 quod
1881 2908 2107 2941 consequenter
2125 2907 2230 2931 autern
2246 2911 2311 2931 non
2335 2911 2428 2931 omne
2449 2908 2516 2931 tan-

1527 2954 1608 2983 gere.
1630 2944 1720 2974 Unde
1743 2944 1774 2974 in
1792 2944 1948 2984 prioribus
1970 2945 2090 2975 ratione
2106 2951 2332 2985 consequenter
2347 2952 2401 2984 est,
2426 2952 2461 2976 ut
2483 2945 2515 2975 in

1528 2987 1683 3018 numeris:
1707 2994 1806 3018 tactus
1830 2995 1935 3019 autem
1958 2998 2024 3018 non
2048 2995 2101 3019 est.

1461 3031 1502 3062 Et
1525 3031 1550 3061 si
1573 3031 1761 3062 continuum
1794 3039 1855 3071 est,
1879 3042 2003 3063 necesse
2034 3039 2080 3062 est
2103 3032 2196 3062 etiarn
2225 3038 2367 3071 tangere:
2392 3031 2417 3061 si
2439 3042 2514 3062 vero

1527 3075 1635 3115 tangit,
1659 3076 1805 3105 nondum
1829 3076 2016 3106 continuum
2040 3082 2094 3106 est.
2119 3076 2192 3106 Non
2216 3076 2300 3106 enim
2324 3085 2447 3106 necesse
2471 3082 2516 3106 est

1527 3129 1629 3149 unum
1653 3129 1718 3149 esse
1741 3119 1886 3159 ipsorum
1901 3120 2022 3158 ultima,
2042 3119 2067 3149 si
2084 3119 2178 3149 simul
2200 3119 2277 3149 sint:
2301 3119 2355 3149 sed
2371 3119 2396 3148 si
2413 3129 2514 3149 unum

1527 3169 1610 3201 sunt,
1626 3173 1751 3193 necesse
1778 3170 1824 3193 est
1843 3171 1872 3194 et
1895 3163 1990 3193 simul
2013 3173 2088 3193 esse.
2107 3163 2211 3199 Quare
2232 3163 2364 3192 insertus
2383 3162 2513 3192 ultimus

1527 3213 1573 3236 est
1596 3207 1771 3237 secundum
1792 3207 2039 3246 generationem:
2065 3216 2187 3236 necesse
2215 3212 2260 3236 est
2282 3205 2366 3235 enim
2389 3212 2512 3244 tangere

1527 3250 1552 3280 si
1575 3250 1687 3280 adnata
1711 3257 1802 3280 erunt
1820 3251 1947 3288 ultima;
1972 3256 2113 3280 contacta
2131 3256 2238 3279 autem
2253 3259 2318 3278 non
2338 3248 2445 3278 omnia
2461 3248 2512 3278 ad-

1526 3300 1598 3324 nata
1621 3300 1703 3324 sunt.
1729 3294 1763 3324 In
1786 3294 1900 3334 quibus
1924 3300 2029 3324 autem
2043 3302 2108 3323 non
2124 3299 2169 3323 est
2183 3299 2293 3330 tactus,
2309 3291 2511 3322 manifestum

1527 3344 1572 3367 est
1595 3338 1683 3378 quod
1706 3347 1771 3367 non
1795 3344 1840 3368 est
1863 3343 2022 3367 consertus
2045 3336 2077 3366 in
2095 3336 2153 3366 his.

1459 3381 1476 3400 *
1491 3381 1597 3418 Quare
1620 3381 1645 3411 si
1669 3388 1714 3411 est
1733 3381 1835 3411 unitas
1858 3387 1889 3410 et
1911 3387 2074 3419 punctum,
2099 3378 2203 3419 qualia
2231 3378 2338 3409 dicunt
2360 3385 2509 3418 separata,

1521 3434 1587 3454 non
1610 3424 1758 3464 possibile
1780 3430 1826 3454 est
1848 3424 1999 3454 unitatem
2023 3429 2053 3453 et
2075 3429 2229 3462 punctum
2252 3432 2318 3452 esse
2336 3422 2431 3453 idem.
2452 3422 2510 3453 His

1525 3468 1654 3508 quidem
1685 3468 1766 3497 inest
1787 3474 1926 3506 tangere;
1950 3466 2120 3496 unitatibus
2144 3473 2249 3496 autern
2273 3473 2509 3506 consequenter.

1525 3506 1566 3542 Et
1588 3512 1705 3542 horum
1728 3510 1856 3550 quidem
1871 3509 2023 3549 contingit
2041 3520 2106 3540 esse
2122 3509 2281 3548 medium;
2305 3509 2408 3540 omnis
2425 3510 2510 3540 enim

1524 3555 1606 3585 linea
1639 3555 1780 3585 medium
1808 3560 2000 3593 punctorum
2023 3559 2087 3584 est:
2111 3553 2223 3583 harum
2247 3559 2353 3584 autem
2375 3563 2440 3584 non
2464 3560 2510 3584 est

1525 3606 1665 3638 necesse;
1682 3598 1806 3628 nullum
1822 3597 1907 3628 enim
1925 3597 2067 3628 medium
2086 3603 2133 3628 est
2151 3597 2306 3628 dualitatis
2322 3603 2352 3628 et
2370 3597 2508 3628 unitatis.

2546 859 2557 870 ⁴
2578 859 2634 886 Cap.
2655 865 2690 880 ιιι.

2546 885 2613 906 Text.
2631 891 2661 906 21.

2546 1034 2556 1045 ⁸¹
2570 1033 2637 1055 Text.
2652 1039 2686 1055 22.

2547 1379 2558 1390 ⁴
2572 1378 2641 1400 Text.
2656 1384 2689 1405 23-

2547 1645 2558 1656 *
2572 1645 2639 1666 Text.
2655 1651 2692 1672 24.

2547 1775 2557 1786 ⁸
2571 1775 2638 1797 Text.
2652 1781 2686 1803 25.

2547 2167 2555 2176 ”
2569 2166 2639 2188 Text.
2653 2166 2689 2187 26,

2543 2602 2555 2611 ⁸
2568 2602 2634 2624 Text.
2649 2609 2684 2630 27.

2544 2820 2553 2828 *
2566 2819 2632 2841 Text.
2646 2820 2682 2841 28.

2539 3389 2547 3398 ”
2561 3387 2628 3410 Text.
2643 3394 2679 3417 29.
