2898 3996
1110 286 1220 322 CAP.
1250 287 1336 332 xli,

283 369 520 399 mensuratur
538 370 664 399 motus
683 363 795 400 totius
816 364 900 411 diei,
923 371 958 400 et
971 376 1040 413 per
1063 372 1211 400 motum
1236 363 1334 400 diur-

141 423 159 440 α
282 426 375 450 num
413 422 651 452 mensuratur
687 424 813 452 motus
845 429 994 453 annuus
1026 423 1054 452 α.
1091 416 1191 462 Quia
1227 416 1335 463 igitur

282 474 409 503 motus
428 475 666 504 mensuratur
683 476 866 516 tempore,
887 469 976 505 nihil
997 476 1052 504 est
1070 468 1170 504 aliud
1185 476 1333 504 motum

283 530 365 555 esse
393 518 432 556 in
458 527 641 568 tempore,
671 533 787 568 quam
807 521 1016 557 mensurari
1043 533 1065 556 a
1093 528 1276 568 tempore,
1299 527 1334 556 et

282 572 492 608 secundum
521 572 559 609 id
587 573 692 621 quod
720 581 786 620 est,
807 581 844 610 et
861 573 1071 609 secundum
1090 584 1199 608 suam
1224 573 1333 608 dura-

282 623 446 661 tionem:
477 625 565 673 quia
592 625 801 662 secundum
819 633 1024 672 utrumque
1051 631 1292 661 mensuratur
1311 637 1333 660 a

281 683 466 724 tempore,
495 685 536 714 ut
563 677 704 714 dictum
734 685 797 713 est.

337 730 370 766 3:
383 729 530 766 Deinde
541 742 628 766 cum
641 729 739 766 dicit:
750 730 996 777 Manifestum
1006 735 1130 766 autem
1141 729 1241 776 quod
1250 735 1331 775 etc.,

282 781 444 818 ostendit
474 782 672 829 quomodo
705 793 746 817 se
777 782 915 818 habeat
939 782 958 802 ³³
984 782 1032 818 ad
1064 781 1146 817 alia.
1181 781 1229 817 Et
1259 781 1332 828 pri-

281 845 347 870 mo
369 835 389 855 ²²
408 834 569 871 ostendit
587 833 785 882 quomodo
805 833 899 870 aliae
919 846 977 870 res
997 833 1068 870 sint
1087 833 1125 870 in
1143 841 1330 881 tempore;

281 886 447 922 secundo
471 886 607 933 quibus
631 887 742 923 rebus
764 886 964 922 conveniat
982 886 1020 922 in
1044 893 1216 933 tempore
1237 898 1330 932 esse,

279 937 351 974 ibi:
393 938 580 979 Quoniam
616 944 740 975 autem
769 944 823 974 est
846 939 941 975 sicut
966 939 986 959 ²⁴
1016 945 1102 974 etc:
1117 938 1215 974 Dicit
1242 949 1330 984 ergo

278 990 403 1038 primo
429 991 534 1039 quod
553 991 589 1038 *,
610 991 699 1039 quia
726 993 874 1027 motum
903 1003 985 1027 esse
1013 990 1051 1027 in
1078 998 1250 1038 tempore
1279 997 1333 1026 est

279 1050 451 1092 tempore
476 1043 686 1080 mensurari
715 1051 750 1080 et
773 1044 898 1092 ipsum
923 1050 959 1079 et
982 1055 1063 1079 esse
1093 1043 1183 1089 eius,
1213 1043 1331 1079 mani-

279 1095 416 1132 festum
434 1103 500 1152 Nest
523 1096 626 1144 quod
650 1096 762 1133 etiam
791 1096 891 1133 idem
919 1103 974 1132 est
996 1096 1067 1132 alia
1094 1095 1133 1131 in
1160 1102 1330 1143 tempore

280 1160 361 1184 esse
391 1156 427 1185 et
452 1149 662 1185 mensurari
690 1162 712 1186 a
739 1156 922 1198 tempore,
942 1161 1020 1185 non
1048 1148 1140 1196 ipsa,
1163 1148 1231 1184 sed
1251 1159 1331 1184 esse

40 787 55 802 '⁴
68 788 137 811 habet
149 788 201 810 rab.

52 842 142 871 ,primo
161 848 209 864 om.
226 847 254 863 to

37 950 44 970 J·
65 945 136 969 Num.
151 951 200 973 seq.

67 997 131 1027 quod
143 1003 191 1019 om.
203 1003 226 1019 ι’.

38 1199 143 1237 >autem
156 1212 225 1228 ¹0¹¹ss-
280 1198 431 1238 eorum:
461 1209 588 1238 motus
613 1202 713 1238 enirn
735 1203 754 1223 ²²
773 1214 841 1250 per
863 1213 902 1238 se
931 1208 1168 1238 mensuratur
1190 1213 1213 1236 a
1238 1208 1331 1236 tem-

278 1265 387 1301 pore,
418 1254 484 1290 sed
513 1254 584 1290 alia
616 1255 826 1291 secundum
860 1254 964 1303 quod
995 1254 1136 1290 habent
1170 1261 1329 1289 motum.

333 1307 382 1342 Et
409 1306 512 1354 quod
540 1308 615 1343 hoc
642 1307 689 1343 sit
716 1319 797 1343 rem
831 1319 912 1343 esse
940 1306 978 1343 in
1005 1313 1197 1354 tempore,
1227 1305 1330 1353 quod

279 1359 487 1396 mensurari
507 1371 588 1396 esse
613 1359 693 1396 eius
712 1372 735 1396 a
753 1367 942 1408 ternpore,
969 1358 1022 1395 sic
1041 1358 1218 1395 ostendit:
1245 1358 1331 1406 quia

280 1422 362 1447 esse
389 1411 428 1449 in
461 1419 633 1460 tempore
671 1412 866 1460 dupliciter
890 1418 1014 1460 potest
1044 1410 1216 1458 intelligi3
1252 1423 1329 1447 uno

279 1464 397 1501 modo
425 1472 466 1501 ut
499 1464 643 1501 dicatur
674 1464 812 1512 aliquid
847 1476 928 1501 esse
955 1464 994 1500 in
1020 1471 1209 1512 tempore,
1244 1464 1332 1511 quia

280 1523 335 1552 est
365 1516 475 1553 simul
505 1529 592 1553 curn
626 1525 814 1565 tempore;
844 1517 916 1553 alio
944 1517 1062 1553 modo
1094 1524 1136 1552 ut
1163 1516 1333 1552 dicantur

241 1584 252 1589 -
279 1569 403 1617 aliqua
422 1581 504 1606 esse
518 1569 557 1606 in
574 1576 757 1618 tempore,
779 1569 874 1606 sicut
892 1569 1065 1606 dicuntur
1084 1569 1238 1617 aliqua*
1251 1581 1331 1605 esse

277 1621 317 1657 in
335 1633 507 1659 numero.
538 1622 655 1668 Quod
683 1622 795 1659 etiam
824 1622 956 1659 dicitur
975 1621 1186 1671 dupliciter:
1207 1622 1246 1658 in
1265 1634 1331 1658 nu-

277 1685 386 1711 mero
415 1674 518 1711 enim
547 1681 601 1711 est
628 1675 768 1724 aliquid
796 1675 890 1712 sicut
916 1687 1014 1722 pars,
1045 1674 1140 1711 sieut
1167 1674 1331 1711 binarius

279 1733 335 1762 est
365 1727 404 1763 in
438 1727 696 1775 quaternari03
731 1735 767 1764 et
794 1727 931 1776 aliquid
965 1735 1020 1764 est
1053 1727 1149 1764 sicut
1179 1727 1332 1775 propria

277 1779 403 1827 passio
433 1779 523 1827 eius,
552 1787 595 1816 ut
620 1792 690 1829 par
717 1788 752 1817 et
778 1780 917 1828 impar,
935 1781 998 1816 vel
1018 1779 1202 1828 quidquid
1230 1779 1332 1816 aliud

278 1839 334 1868 est
359 1831 478 1881 ipsius
497 1832 665 1869 numeri:
686 1833 759 1870 alio
787 1845 880 1870 vero
900 1833 1018 1870 modo
1040 1833 1172 1869 dicitur
1191 1832 1330 1880 aliquid

278 1885 428 1922 esse>in
455 1887 628 1933 numero,
649 1898 727 1922 non
746 1886 835 1934 quia
862 1886 987 1934 ipsum
1016 1893 1070 1922 est
1098 1885 1238 1934 aliquid
1262 1898 1329 1922 nu-

276 1937 393 1984 meri,
431 1937 499 1975 sed
525 1938 614 1986 quia
641 1936 822 1975 numerus
851 1946 907 1974 est
935 1938 1013 1975 eius
1050 1945 1091 1974 ut
1122 1938 1328 1984 numerati,

277 1990 372 2026 sicut
397 1990 572 2027 homines
600 1991 774 2028 dicuntur
802 2003 884 2028 esse
913 1991 952 2028 in
984 1991 1046 2027 tali
1073 1992 1135 2027 vel
1168 1991 1231 2027 tali
1262 2003 1329 2027 nu-

278 2054 398 2080 mero,
434 2043 511 2080 Sed
543 2043 632 2092 quia
658 2051 809 2092 tempus
847 2051 903 2080 est
938 2056 1140 2090 numerus,
1167 2051 1330 2092 utroque

278 2095 397 2132 modo
435 2095 614 2143 contingit
646 2096 787 2144 aliquid
824 2108 905 2132 esse
933 2096 972 2132 in
1005 2103 1188 2144 tempore.
1228 2097 1328 2133 Nam

278 2159 379 2184 nunc
406 2154 443 2184 et
472 2148 581 2195 prius
609 2155 645 2185 et
669 2149 856 2196 posterius
884 2156 920 2185 et
951 2160 1216 2197 quaecumque
1245 2157 1331 2185 sunt

36 2239 37 2242 Ἰ
277 2199 512 2247 huiusmodi,
550 2200 626 2237 hoc
661 2202 778 2238 modo
815 2208 902 2237 sunt
935 2201 974 2237 in
1007 2208 1198 2249 ternpore,
1238 2201 1332 2237 sicut

37 2272 40 2275 ·
73 2263 172 2285 unitatis
192 2269 252 2291 epau
278 2260 366 2289 sunt
396 2251 435 2289 in
462 2264 623 2289 numero
651 2254 772 2290 unitas
790 2253 821 2300 ’ἵ
843 2266 939 2302 quae
973 2261 1028 2290 est
1054 2266 1161 2302 pars,
1198 2261 1233 2290 et
1263 2266 1332 2302 par

41 2292 64 2312 ⁸²
77 2295 101 2311 ‘²'
279 2312 316 2341 et
341 2304 476 2353 impar,
496 2317 594 2353 quae
617 2313 703 2342 sunt
730 2307 878 2342 numeri
906 2306 1116 2354 passiones,
1143 2314 1179 2342 et
1202 2318 1330 2354 super-

277 2357 400 2394 fluum
421 2365 456 2394 et
472 2359 693 2406 perfectum.
715 2359 878 2405 (Dicitur
896 2366 1022 2395 autem
1042 2371 1222 2395 numerus
1243 2371 1330 2407 per-

267 2411 393 2458 fectus
407 2439 417 2456 ‚
456 2410 520 2458 qui
557 2418 702 2448 constat
740 2423 784 2447 ex
819 2411 988 2459 partibus
1029 2412 1331 2448 mensurantibus

278 2461 424 2510 ipsum;
462 2463 557 2500 sicut
592 2476 773 2501 numerus
805 2464 994 2510 senarius,
1028 2470 1144 2512 qu'em
1179 2476 1330 2501 mensu-

43 2515 45 2518 ’
63 2514 360 2573 wggcedss‘rant
387 2515 407 2536 *
434 2515 577 2564 unitas,
613 2516 778 2554 binarius
807 2523 843 2552 et
868 2516 1062 2564 ternarius,
1092 2528 1190 2566 quae
1218 2517 1330 2554 simul

40 2578 42 2581 ’
139 2567 145 2573 ”
199 2567 205 2573 “
278 2567 403 2604 iuncta
422 2569 879 2606 constituuntsenarium.
900 2570 1094 2606 Numerus
1120 2577 1247 2606 autem
1271 2582 1331 2606 su-

271 2621 441 2669 perfluus
461 2621 613 2669 dicitur,
644 2622 750 2658 cuius
769 2629 893 2670 partes
914 2629 1176 2659 mensurantes
1204 2622 1330 2670 ipsum

42 2718 44 2723 Ι
279 2672 464 2710 excedunt
492 2681 632 2719 totum;
661 2674 755 2711 sieut
783 2675 1056 2721 duodenarius,
1086 2675 1150 2723 qui
1179 2687 1330 2712 mensu-

24 2734 157 2782 -gtndd-
174 2741 252 2757 ram
279 2732 380 2761 ratur
413 2726 575 2772 unitate,
613 2726 780 2774 binario,
818 2727 1000 2774 ternario,
1040 2729 1059 2748 ’³
1092 2727 1329 2774 quaternario

38 2775 40 2781 ⁴
78 2776 86 2782 ⁰
280 2785 316 2813 et
342 2778 502 2823 senario,
531 2791 628 2827 quae
648 2779 758 2815 simul
786 2779 912 2816 iuncta
932 2787 1160 2827 consurgunt
1183 2780 1222 2816 in
1250 2792 1330 2816 sex-

280 2829 440 2876 decim.)
462 2831 511 2867 Et
528 2843 596 2879 per
613 2832 715 2868 hunc
743 2831 903 2868 modum
923 2839 1009 2868 sunt
1028 2832 1151 2880 aliqua
1179 2832 1218 2868 in
1236 2839 1330 2868 tem-

276 2894 383 2931 pore,
411 2883 636 2932 inquantum
664 2891 750 2920 sunt
778 2884 917 2932 aliquid
945 2884 1136 2932 temporis.
1167 2884 1244 2921 Sed
1272 2897 1330 2921 res

278 2947 375 2983 quae
395 2947 474 2972 non
493 2943 579 2973 sunt
605 2936 744 2984 aliquid
772 2937 964 2985 temporis,
990 2937 1164 2974 dicuntur
1188 2949 1268 2974 esse
1293 2937 1331 2974 in

277 2995 449 3036 tempore
478 2989 572 3026 sicut
599 2996 797 3026 numerata
815 2989 853 3026 in
876 3001 1050 3026 numero.
1080 2990 1189 3026 Unde
1219 3002 1330 3038 opor-

277 3047 329 3076 tet
356 3040 461 3088 quod
481 3053 525 3078 ea
543 3047 642 3090 quae
661 3049 748 3078 sunt
765 3042 803 3078 in
822 3049 1005 3090 tempore,
1032 3042 1291 3079 contineantur
1310 3043 1330 3063 ³³

278 3093 348 3129 sub
382 3100 553 3141 tempore
587 3094 682 3131 sicut
712 3095 782 3131 sub
814 3106 995 3140 numero,
1029 3095 1123 3131 sicut
1155 3107 1199 3131 ea
1233 3107 1330 3143 quae

279 3152 364 3181 sunt
391 3145 430 3182 in
455 3146 541 3182 loco
566 3147 802 3184 continentur
828 3148 898 3183 sub
918 3147 1003 3184 loco
1023 3147 1117 3183 sicut
1135 3148 1204 3184 sub
1225 3159 1330 3184 men-

278 3210 376 3234 sura.

331 3249 497 3298 Exponit
521 3251 540 3271 ’³‘
561 3250 673 3288 etiam
694 3259 967 3299 consequenter
984 3251 1150 3299 primum
1170 3251 1330 3288 modum

245 3330 251 3335 .
279 3301 427 3339 essendi
455 3302 475 3322 *
512 3301 651 3350 aliquid
682 3303 720 3339 in
752 3311 935 3350 tempore.
968 3304 1017 3339 Et
1054 3303 1141 3340 dicit
1172 3303 1330 3339 manife—

278 3362 378 3392 stum
407 3366 488 3391 esse
513 3355 619 3402 quod
646 3367 724 3391 non
749 3362 804 3391 est
836 3355 937 3392 idern
967 3366 1048 3391 esse
1072 3355 1110 3391 in
1135 3362 1328 3403 tempore,

279 3415 315 3444 et
343 3420 424 3444 esse
450 3407 603 3455 quando
627 3414 777 3455 tempus
802 3414 876 3452 est;
906 3406 1001 3443 sicut
1028 3406 1142 3443 etiam
1170 3419 1247 3443 non
1276 3414 1330 3443 est

331 3521 359 3555 οι)
382 3523 467 3545 motus
480 3527 593 3545 annuus.
606 3535 625 3539 -
637 3519 754 3550 ΜΕΖαὸ;
779 3522 865 3544 motus
877 3526 962 3543 annus
976 3518 1030 3549 PB;
1045 3519 1070 3542 in
1084 3523 1132 3543 cet.
1146 3518 1275 3543 codicibus
1288 3524 1329 3543 est

278 3557 342 3581 mira
361 3556 490 3581 confusio:
510 3559 596 3580 motus
614 3559 640 3580 et
657 3562 742 3579 annus
761 3554 980 3586 ADKVXYpCO,
1006 3556 1091 3578 motus
1110 3553 1187 3578 unius
1211 3553 1276 3577 anni
1293 3553 1312 3577 F
1321 3571 1328 3583 ,

278 3595 364 3617 motus
382 3592 496 3616 anninus
515 3591 551 3621 G,
572 3594 657 3615 motus
676 3590 756 3615 totius
775 3589 850 3622 (anni
868 3588 936 3614 addit
954 3593 979 3613 et
998 3587 1117 3620 expungit
1135 3588 1162 3620 S)
1189 3588 1284 3612 mensis
1302 3591 1328 3612 et

1367 287 1516 325 LECT.
1546 290 1617 325 XX

1388 364 1489 400 idem
1519 378 1600 403 esse
1619 367 1656 403 in
1676 375 1782 404 motu
1810 376 1846 404 et
1873 369 1910 405 in
1934 370 2030 415 loco,
2053 376 2088 405 et
2108 380 2188 405 esse
2207 369 2359 416 quando
2381 377 2436 406 est

1389 417 1492 453 locus
1522 426 1557 454 et
1584 427 1726 455 motus:
1752 420 1917 467 alioquin
1942 429 2160 468 sequeretur
2178 422 2281 469 quod
2301 434 2434 458 omnes

1389 480 1447 504 res
1468 478 1590 506 essent
1616 471 1653 506 in
1673 472 1851 519 quolibet,
1871 481 1911 509 ut
1929 481 2019 520 puta
2043 474 2145 521 quod
2175 475 2319 510 caelum
2340 482 2436 510 esset

1388 520 1426 556 in
1444 533 1560 567 grano
1590 523 1690 568 milii,
1716 525 1803 572 quia
1832 526 1983 572 quando
2013 534 2067 562 est
2090 526 2247 572 milium,
2274 533 2328 562 est
2353 538 2434 562 cae—

1388 573 1478 609 lum.
1508 574 1575 610 Est
1603 583 1728 611 autern
1752 576 1846 612 inter
1869 578 1961 613 haec
1989 578 2065 614 duo
2095 578 2319 615 differentia:
2346 579 2433 626 quia

1388 626 1541 672 quando
1566 626 1698 663 dicitur
1725 628 1861 676 aliquid
1892 641 1972 665 esse
2001 631 2151 677 quando
2181 631 2337 667 alterum
2367 636 2431 677 est,

1388 677 1520 714 accidit
1546 678 1611 714 uni
1640 680 1743 726 quod
1772 681 1816 716 sit
1844 681 1952 717 simul
1973 694 2060 718 cum
2089 684 2226 729 altero;
2255 683 2320 719 sed
2344 682 2432 720 illud

1388 729 1424 765 in
1452 741 1528 776 quo
1566 731 1703 779 aliquid
1733 740 1786 768 est
1818 733 1911 769 sicut
1942 734 1980 770 in
2007 746 2198 781 mensura,
2234 747 2278 770 ex
2305 746 2432 771 neces-

1388 782 1492 818 sitate
1530 784 1783 832 consequitur3
1821 785 1913 822 sicut
1948 794 2097 834 tempus
2135 799 2178 823 ex
2215 787 2432 823 necessitate

1388 835 1627 883 consequitur
1659 836 1690 872 ei
1716 837 1818 884 quod
1857 846 1910 874 est
1946 838 1983 874 in
2019 846 2206 886 tempore,
2242 847 2276 875 et
2307 847 2432 876 motus

1388 886 1421 922 ei
1449 887 1551 934 quod
1581 896 1635 924 est
1661 889 1698 924 in
1727 897 1844 934 motu,
1873 898 1914 926 ut
1941 890 2051 926 simul
2079 891 2160 927 sint.

1439 951 1474 985 4.
1505 939 1651 976 Deinde
1671 954 1758 977 cum
1786 942 1886 978 dicit:
1913 943 2096 984 Quoniam
2115 948 2238 979 autem
2257 949 2322 988 est,
2342 943 2436 979 sicut

1387 997 1440 1026 est
1456 992 1493 1027 in
1513 1004 1668 1029 numero
1698 1001 1778 1039 etc.,
1801 995 1960 1031 ostendit
1979 995 2114 1042 quibus
2135 995 2333 1031 conveniat
2352 1007 2433 1031 esse

1386 1043 1425 1079 in
1443 1050 1625 1092 ternpore.
1647 1046 1695 1081 Et
1713 1046 1835 1093 primo
1863 1047 1967 1094 quod
1987 1060 2064 1083 non
2083 1047 2212 1083 omnia
2234 1047 2330 1083 entia
2349 1055 2434 1084 sunt

1387 1096 1424 1132 in
1451 1103 1645 1144 tempore;
1666 1098 1830 1134 secundo
1861 1100 1961 1146 quod
1982 1111 2059 1135 non
2078 1100 2205 1136 omnia
2225 1111 2302 1136 non
2322 1100 2430 1146 entia,

2360 294 2433 329 213

1386 1148 1456 1184 ibi:
1489 1150 1734 1194 Manifestum
1759 1151 1873 1199 igitur
1891 1152 1910 1171 ³⁴
1931 1160 1998 1187 etc.
2029 1152 2137 1188 Circa
2163 1152 2327 1200 primum
2356 1152 2432 1189 duo
2459 1165 2470 1175 ·

1386 1201 1488 1237 facit:
1514 1201 1638 1249 primo
1668 1202 1828 1239 ostendit
1847 1204 1951 1250 quod
1979 1216 2023 1239 ea
2050 1216 2146 1251 quae
2166 1212 2251 1240 sunt
2269 1216 2429 1252 semper,

1386 1266 1464 1290 non
1492 1262 1578 1290 sunt
1596 1254 1634 1290 in
1653 1262 1840 1303 tempore;
1870 1256 2036 1292 secundo
2066 1257 2168 1303 quod
2192 1257 2432 1294 nihilominus

1387 1318 1431 1342 ea
1459 1319 1555 1354 quae
1588 1307 1799 1354 quiescunt,
1835 1307 2056 1355 inquantum
2085 1308 2317 1354 huiusmodi,
2347 1317 2433 1346 sunt

1386 1358 1424 1395 in
1450 1367 1642 1408 tempore,
1672 1359 1738 1396 ibi:
1777 1361 1960 1401 Quoniam
1997 1366 2119 1396 autem
2156 1366 2296 1408 tempus
2315 1362 2334 1381 '¹²
2364 1369 2431 1398 etc.

1387 1411 1496 1448 Circa
1522 1412 1690 1460 primum
1720 1412 1795 1449 duo
1824 1412 1924 1448 facit:
1954 1413 2076 1460 primo
2105 1413 2280 1461 proponit
2317 1425 2361 1449 ea
2389 1426 2433 1450 ex

1385 1464 1522 1512 quibus
1548 1465 1718 1513 procedit
1737 1465 1785 1501 ad
1803 1465 2039 1513 propositum
2064 1465 2356 1510 ostendendum;
2377 1478 2433 1502 se-

1386 1517 1509 1553 cundo
1539 1517 1727 1554 concludit
1753 1517 2001 1566 propositum,
2030 1517 2096 1554 ibi:
2131 1518 2256 1559 Quare
2278 1518 2433 1566 manffe—

1383 1575 1479 1606 stum
1507 1575 1562 1606 est
1579 1571 1610 1615 ⁵²,
1630 1577 1697 1606 etc.

1438 1622 1620 1670 Proponit
1656 1630 1782 1658 autem
1820 1622 1908 1659 duo.
1947 1623 2122 1669 Quorum
2158 1623 2324 1670 primum
2362 1630 2431 1669 est,

1386 1674 1491 1721 quod
1523 1687 1610 1710 cum
1638 1675 1775 1723 aliquid
1804 1675 1848 1710 sit
1878 1675 1914 1712 in
1939 1683 2109 1724 tempore
2137 1676 2231 1711 sicut
2258 1687 2431 1712 numera-

1385 1734 1466 1763 tum
1495 1727 1533 1763 in
1561 1739 1739 1773 numero,
1773 1739 1925 1763 necesse
1954 1735 2007 1764 est
2035 1728 2137 1776 quod
2166 1728 2282 1775 accipi
2315 1728 2432 1776 possit

1386 1779 1539 1827 aliquod
1558 1787 1707 1827 tempus
1727 1779 1847 1815 maius
1869 1780 1973 1816 omni
2002 1792 2047 1816 eo
2076 1780 2178 1828 quod
2207 1787 2262 1816 est
2283 1780 2321 1816 in
2338 1788 2432 1816 tem-

1384 1844 1493 1880 pore;
1523 1832 1617 1868 sicut
1643 1839 1767 1880 potest
1793 1832 1912 1880 accipi
1945 1832 2075 1879 aliquis
2107 1844 2287 1868 numerus
2311 1832 2432 1868 maior

1386 1885 1492 1921 omni
1522 1897 1567 1921 eo
1595 1885 1701 1933 quod
1730 1891 1784 1920 est
1820 1892 2070 1921 numeratum.
2105 1886 2153 1920 Et
2175 1892 2328 1933 propter
2360 1885 2433 1920 hoc

1386 1950 1540 1974 necesse
1570 1945 1624 1974 est
1652 1937 1781 1973 omnia
1809 1949 1905 1985 quae
1933 1945 2018 1973 sunt
2036 1937 2074 1973 in
2092 1944 2274 1984 tempore,
2294 1938 2314 1957 ³²
2340 1944 2432 1973 tota-

1385 1990 1466 2026 liter
1485 1990 1666 2027 contineri
1685 1991 1754 2026 sub
1773 1991 1792 2010 '⁵
1811 1998 1982 2038 tempore
2003 1997 2038 2026 et
2057 1989 2229 2025 concludi
2248 1990 2317 2025 sub
2338 1989 2431 2037 ipso,

1363 2064 1367 2068 ·
1386 2043 1480 2079 sicut
1499 2055 1543 2079 ea
1562 2055 1659 2091 quae
1684 2050 1769 2079 sunt
1787 2043 1825 2078 in
1844 2043 1928 2078 loco
1950 2042 2222 2092 concluduntur
2241 2042 2309 2078 sub
2335 2042 2431 2078 loco.

1442 2096 1474 2132 5.
1493 2095 1712 2132 Secundum
1726 2095 1862 2143 ponit*
1876 2094 1941 2131 ibi:
1957 2096 2008 2131 Et
2018 2095 2100 2142 pati
2117 2095 2192 2131 iam
2211 2094 2351 2142 aliquid
2365 2095 2433 2130 sub

1385 2153 1550 2196 tempore
1568 2156 1654 2184 etc.:
1676 2156 1712 2184 et
1736 2155 1790 2184 est
1814 2147 1916 2195 quod
1942 2159 2056 2183 omne
2081 2147 2182 2195 quod
2207 2154 2260 2183 est
2282 2147 2320 2183 in
2340 2154 2433 2182 tem-

1384 2213 1497 2248 pore,
1536 2200 1674 2249 aliquid
1710 2200 1848 2248 patitur
1885 2200 1954 2236 sub
1991 2207 2187 2248 tempore,
2225 2199 2433 2236 secundum

1386 2253 1489 2301 quod
1508 2254 1634 2301 passio
1657 2252 1818 2301 pertinet
1845 2253 1891 2288 ad
1921 2252 2120 2288 defectum.
2142 2253 2191 2288 Et
2208 2253 2282 2288 hoc
2300 2252 2434 2300 probat

1387 2318 1431 2342 ex
1459 2312 1640 2342 consueto
1660 2305 1778 2341 modo
1798 2304 2006 2341 locutionis.
2033 2305 2313 2341 Consuevimus
2333 2304 2433 2340 enim

1386 2358 1510 2395 dicere
1545 2358 1648 2406 quod
1676 2357 1869 2405 longitudo
1906 2357 2087 2405 temporis
2124 2358 2310 2405 tabefacit,
2339 2356 2434 2393 idest

1384 2410 1580 2459 putrefacit
1607 2418 1643 2447 et
1671 2410 1896 2458 corrumpit3
1927 2417 1962 2446 et
1989 2410 2124 2446 iterum
2152 2411 2256 2458 quod
2282 2417 2435 2458 propter

1385 2471 1535 2512 tempus
1555 2462 1684 2499 omnia
1704 2470 1902 2499 senescunt
1928 2474 2025 2511 quae
2043 2464 2062 2484 *
2082 2471 2168 2499 sunt
2185 2462 2223 2498 in
2242 2470 2432 2510 tempore;

1386 2523 1422 2552 et
1458 2516 1562 2564 quod
1598 2522 1752 2565 propter
1787 2523 1937 2564 tempus
1975 2515 2114 2552 oblivio
2153 2514 2299 2551 accidit:
2337 2526 2433 2562 quae

1386 2569 1488 2605 enim
1525 2569 1571 2605 de
1604 2566 1741 2604 recenti
1775 2567 2035 2615 cognovimus,
2069 2568 2107 2604 in
2139 2566 2323 2604 memoria
2354 2578 2433 2602 ma-

1385 2629 1489 2668 nent,
1519 2621 1584 2658 sed
1609 2633 1676 2669 per
1704 2620 1982 2657 diuturnitatem
2014 2620 2194 2669 temporis
2227 2620 2431 2655 elabuntur.

1439 2675 1487 2710 Et
1523 2686 1571 2710 ne
1608 2673 1740 2721 aliquis
1777 2673 1874 2710 dicat
1901 2673 2007 2721 quod
2043 2673 2155 2709 etiam
2187 2671 2432 2720 perfectiones

1385 2727 1634 2763 attribuuntur
1651 2726 1812 2774 tempori
1832 2726 1926 2762 sicut
1945 2733 1980 2762 et
1997 2725 2202 2774 passiones,
2222 2725 2295 2760 hoc
2311 2725 2330 2744 ³¹²
2345 2735 2432 2759 con-

1385 2786 1585 2828 sequenter
1604 2778 1780 2824 excludit3
1811 2787 1847 2815 et
1864 2778 1972 2827 ponit
1993 2778 2062 2815 tria
2082 2785 2210 2814 contra
2232 2776 2300 2812 tria
2327 2788 2432 2824 prae-

1385 2831 1510 2868 missa.
1537 2832 1678 2868 Contra
1696 2831 1733 2868 id
1754 2831 1856 2867 enim
1875 2831 1978 2878 quod
2003 2830 2102 2876 dixit,
2123 2829 2226 2878 quod
2249 2828 2432 2865 oblivisci-

1384 2891 1444 2920 tur
1474 2891 1629 2932 propter
1665 2891 1835 2932 tempus,
1874 2883 2018 2929 subdit,
2057 2883 2159 2931 quod
2192 2881 2322 2930 aliquis
2356 2893 2432 2917 non

1385 2936 1542 2973 addiscit
1559 2944 1713 2985 propter
1731 2943 1898 2984 tempus:
1925 2936 1955 2972 si
1975 2935 2075 2972 enim
2095 2935 2226 2982 aliquis
2248 2933 2311 2970 diu
2329 2933 2434 2969 vivat

1385 2989 1527 3025 otiosus
1564 3002 1586 3025 a
1622 2988 1745 3025 studio
1783 2988 2021 3034 addiscendi,
2060 3000 2138 3024 non
2171 2994 2323 3035 propter
2358 2986 2432 3022 hoc

1385 3042 1557 3088 addiscit,
1578 3042 1597 3062 ’¹‘
1616 3041 1710 3077 sicut
1727 3048 1880 3089 propter
1898 3048 2046 3088 tempus
2066 3039 2305 3076 obliviscitur.
2332 3039 2432 3074 Con-

1384 3102 1440 3130 tra
1467 3095 1541 3131 hoc
1560 3101 1687 3130 autem
1707 3093 1810 3141 quod
1830 3093 1929 3139 dixit,
1951 3092 2054 3141 quod
2080 3091 2208 3128 omnia
2235 3098 2432 3127 senescunt

1385 3147 1454 3183 sub
1474 3155 1658 3195 ternpore,
1683 3146 1819 3191 subdit,
1840 3145 1943 3193 quod
1963 3157 2040 3181 non
2060 3152 2113 3180 est
2132 3142 2269 3190 aliquid
2292 3143 2430 3178 factum

1384 3211 1530 3236 novum
1548 3206 1702 3247 propter
1722 3199 1740 3219 ⁵³
1760 3205 1926 3246 tempus:
1956 3209 2033 3234 non
2062 3195 2160 3231 enim
2179 3201 2330 3242 propter
2357 3194 2429 3229 hoc

1383 3252 1508 3288 solum
1537 3251 1676 3299 aliquid
1703 3250 1904 3286 innovatur
1921 3249 2008 3296 quia
2028 3249 2139 3294 longo
2165 3254 2334 3293 tempore
2363 3245 2429 3281 du-

1384 3311 1450 3349 rat,
1471 3303 1537 3340 sed
1555 3303 1674 3350 magis
1693 3302 1914 3349 antiquatur.
1945 3301 2083 3336 Contra
2107 3297 2196 3334 illud
2214 3309 2306 3333 vero
2325 3297 2429 3344 quod

1384 3355 1541 3403 dixerat,
1571 3355 1674 3403 quod
1701 3362 1850 3402 tempus
1886 3351 2056 3388 tabefacit
2085 3351 2115 3396 ²⁸,
2146 3349 2287 3396 subdit,
2326 3349 2428 3397 quod

1382 3415 1533 3455 tempus
1558 3419 1635 3443 non
1663 3406 1748 3443 facit
1767 3407 1924 3450 bonum,
1954 3403 2047 3439 idest
2080 3402 2264 3449 integrum
2293 3408 2328 3438 et
2345 3413 2428 3450 per-

1380 3526 1466 3544 annus
1489 3520 1543 3549 LS,
1569 3519 1662 3544 mensis
1687 3521 1712 3542 et
1735 3524 1820 3541 annus
1844 3516 1917 3545 NsC,
1942 3518 2027 3540 motus
2051 3515 2213 3546 septimanae
2236 3517 2263 3539 et
2284 3521 2369 3539 annus
2388 3514 2428 3545 Q,

1381 3557 1467 3579 motus
1486 3554 1565 3578 totius
1583 3553 1647 3578 anni
1666 3552 1744 3582 RTsl,
1763 3554 1848 3576 motus
1870 3550 1934 3575 anni
1953 3551 2005 3581 εΗ,
2030 3550 2083 3574 abr.
2097 3550 2147 3582 pH,
2163 3552 2248 3574 motus
2266 3553 2293 3574 et
2309 3549 2375 3574 anni
2392 3549 2428 3581 pl.

1381 3591 1451 3613 totus
1469 3595 1555 3613 annus
1573 3589 1623 3613 sO.

2484 1164 2554 1186 Num.
2568 1171 2598 1186 12.

2459 1369 2468 1380 ⁸
2484 1369 2554 1391 Num.
2568 1376 2589 1397 7.

2459 1580 2470 1591 *
2484 1581 2552 1602 Num.
2569 1580 2591 1602 6.

2460 1942 2469 1951 ·
2485 1943 2508 1962 et
2520 1940 2572 1962 add.
2586 1947 2607 1962 Ρ.

2459 1999 2469 2010 “
2483 2004 2498 2019 α
2512 1999 2577 2020 Ρεαὶ).

2460 2099 2468 2106 ·
2479 2098 2591 2125 proponit
2606 2104 2668 2119 :cun

2460 2130 2474 2145 a
2485 2124 2504 2151 b,
2520 2130 2567 2146 om.
2582 2130 2603 2145 P.

2460 2468 2471 2478 ·“
2485 2466 2548 2494 quod
2565 2467 2600 2488 ed.
2618 2472 2634 2488 a
2648 2470 2670 2488 et

2457 2499 2526 2520 pecu.

2459 2729 2470 2739 ⁸
2484 2733 2544 2755 quae
2557 2733 2593 2754 ea,
2606 2727 2656 2748 abr.

2455 2760 2512 2782 pon.

2458 3045 2470 3055 '⁴'
2484 3043 2592 3074 addiscat
2599 3049 2620 3069 γ,
2632 3042 2669 3063 di-

2459 3072 2503 3091 sclt
2515 3073 2559 3091 cet.
2574 3075 2622 3090 exc.
2637 3074 2658 3089 c.

2456 3203 2467 3214 ⁸
2478 3209 2523 3230 per
2536 3203 2587 3224 pah.

2455 3358 2466 3369 ·
2480 3358 2577 3379 tabescit
2589 3363 2643 3379 tua.
