2898 3996
192 705 203 716 ⁸
218 704 288 726 Num.
303 710 323 731 7.

191 1706 199 1714 '
216 1704 286 1726 Num.
302 1710 376 1732 praec.

187 1758 197 1767 ⁶
211 1757 255 1778 hoc
269 1757 335 1778 codd.
349 1763 398 1779 exc.

187 1783 237 1808 affl)
260 1788 280 1805 et
301 1790 329 1804 εῡ
359 1784 397 1811 qui

188 1816 239 1832 cum
255 1816 269 1831 a
278 1810 290 1831 b
304 1816 351 1831 om.

433 306 507 342 266

431 383 534 432 quod
563 381 703 430 aliquid
724 381 789 418 erit
808 381 1004 430 quiescens
1028 394 1106 418 non
1125 393 1288 430 semper,
1313 381 1392 418 sine
1412 381 1486 418 hoc

431 436 535 485 quod
550 436 616 473 fiat
631 434 845 483 quiescens:
865 434 971 483 quod
984 433 1134 471 videtur
1147 433 1392 482 impossibile.
1410 434 1486 471 Sed

430 490 557 538 palam
574 496 628 524 est
648 487 751 536 quod
772 487 839 524 erit
858 487 1088 535 quandoque
1105 486 1212 534 quies
1229 486 1407 523 violenta.
1430 486 1485 523 Si-

433 549 494 578 cut
513 541 614 577 enim
635 547 811 576 movetur
829 539 970 588 aliquid
997 546 1146 588 praeter
1169 546 1355 586 naturam,
1376 539 1427 575 ita
1451 547 1487 576 et

432 593 588 643 quiescit
607 592 746 641 aliquid
764 599 913 640 praeter
941 599 1126 628 naturam.
1142 612 1166 619 -
1182 592 1251 628 Est
1269 599 1396 628 autern
1424 592 1486 629 hic

431 645 714 691 attendendum,
740 644 845 693 quod
868 645 943 681 hoc
962 644 1066 693 quod
1085 644 1146 681 hic
1166 643 1310 692 dicitur,
1335 644 1486 681 videtur

432 711 513 735 esse
534 697 763 734 contrarium
784 697 818 733 ei
837 697 940 745 quod
959 709 1074 745 supra
1089 698 1109 718 *
1125 696 1266 733 dictum
1287 704 1353 733 est.
1374 696 1485 734 Unde

430 753 621 788 Averroes
650 749 737 787 dicit
765 749 870 798 quod
892 749 1072 786 dubitatio
1093 749 1265 798 superius
1289 756 1404 796 mota,
1425 749 1487 786 hic

430 803 596 840 solvitur.
628 803 704 839 Sed
723 802 858 839 melius
883 809 938 838 est
960 809 1001 838 ut
1029 801 1173 838 dicatur
1201 802 1305 850 quod
1324 801 1362 838 id
1382 802 1485 850 quod

431 868 544 905 supra
562 855 728 904 positum
751 862 816 901 est,
839 861 893 891 est
913 854 1033 902 magis
1051 866 1205 891 verum:
1226 854 1311 890 licet
1326 861 1362 890 et
1381 855 1486 902 quod

430 909 491 945 hic
519 908 653 945 dicitur
681 906 969 956 quodammodo
995 907 1040 943 sit
1066 919 1214 944 verum.
1245 906 1364 953 Quies
1385 907 1485 943 enim

428 961 596 999 violenta
623 973 701 997 non
734 961 848 996 habet
880 959 1162 1007 generationem
1190 958 1363 1008 proprie,
1393 959 1488 996 sicut

428 1014 700 1062 procedentem
725 1014 772 1049 ab
793 1013 917 1061 aliqua
937 1024 1049 1049 causa
1068 1025 1138 1061 per
1156 1024 1195 1049 se
1218 1012 1355 1049 factiva
1382 1012 1486 1061 quie-

429 1067 494 1113 tis,
531 1066 624 1102 sicut
661 1065 766 1114 quies
799 1065 977 1102 naturalis
1011 1071 1230 1113 generatur:
1269 1065 1336 1102 sed
1373 1065 1488 1102 habet

429 1119 711 1166 generationem
739 1130 807 1167 per
830 1117 1015 1165 accidens,
1036 1129 1104 1167 per
1125 1118 1313 1155 defectum
1340 1117 1487 1155 virtutis

429 1171 608 1208 factivae:
638 1171 726 1219 quia
754 1171 907 1219 quando
937 1178 1057 1207 cessat
1083 1170 1263 1208 violentia
1296 1170 1486 1207 moventis

427 1225 490 1261 vel
517 1223 736 1272 impeditur,
763 1231 853 1260 tunc
871 1223 914 1259 fit
932 1223 1039 1272 quies
1057 1223 1237 1260 violenta.
1268 1224 1317 1260 Et
1334 1231 1488 1272 propter

427 1277 502 1313 hoc
530 1284 657 1313 motus
684 1276 872 1314 violentus
899 1276 938 1312 in
956 1276 1033 1313 fine
1062 1276 1279 1323 remittitur;
1309 1275 1486 1313 naturalis

428 1337 555 1366 autem
578 1329 617 1366 in
635 1330 713 1366 fine
732 1328 945 1366 intenditur.

483 1381 689 1419 Sciendum
708 1390 836 1419 tamen
856 1389 910 1419 est
929 1381 1033 1430 quod
1061 1381 1132 1418 alia
1160 1381 1279 1418 littera
1298 1380 1487 1416 invenitur

428 1434 466 1470 in
486 1435 560 1471 hoc
579 1435 662 1471 loco
683 1433 706 1482 ⁰,
727 1447 843 1484 quam
869 1442 1018 1483 oportet
1037 1434 1086 1471 ad
1106 1434 1216 1470 aliam
1237 1432 1485 1469 intentionem

429 1487 578 1524 referre.
595 1487 693 1524 Dicit
709 1488 810 1524 enim
830 1487 899 1524 sic:
922 1486 1027 1536 quod
1042 1494 1196 1535 quaeret
1211 1485 1344 1533 aliquis
1358 1493 1486 1522 utrum

428 1540 549 1576 motui
579 1548 678 1576 extra
706 1548 878 1576 naturam
915 1539 1160 1576 contrarietur
1187 1545 1194 1559 ‘
1223 1538 1347 1586 aliqua
1380 1538 1486 1587 quies

427 1605 506 1629 non
534 1594 742 1630 secundum
762 1600 947 1629 naturam.
968 1613 992 1619 -
1013 1592 1104 1628 Non
1124 1591 1228 1640 quod
1252 1590 1359 1639 quies
1388 1603 1486 1640 quae

428 1653 484 1681 est
502 1653 631 1681 contra
650 1653 835 1692 naturam,
854 1651 1070 1694 opponatur
1089 1644 1209 1681 motui
1234 1643 1297 1692 qui
1322 1651 1378 1680 est
1397 1656 1486 1681 con-

426 1705 482 1734 tra
501 1705 673 1734 naturam
692 1698 856 1747 proprie,
873 1705 914 1734 ut
933 1709 1047 1746 supra
1061 1697 1081 1718 ²¹²
1101 1697 1320 1734 Aristoteles
1341 1697 1484 1734 docuit:

427 1750 494 1786 sed
521 1750 583 1787 hic
603 1752 622 1772 ss
643 1751 776 1788 dicitur
803 1751 903 1798 large
941 1758 977 1787 et
1009 1749 1236 1798 improprie,
1271 1750 1484 1787 secundum

427 1815 674 1840 communem
703 1803 983 1852 oppositionem
1004 1803 1137 1853 quietis
1157 1803 1205 1839 ad
1225 1810 1385 1839 motum.
1398 1823 1421 1830 -
1438 1803 1487 1839 Et

426 1856 514 1893 dicit
533 1857 636 1905 quod
665 1856 916 1893 irrationabile
939 1856 1101 1902 videtur,
1123 1855 1152 1892 si
1172 1867 1250 1892 non
1274 1853 1487 1892 inveniatur

426 1910 615 1958 quaedam
632 1909 739 1957 quies
754 1922 832 1946 non
847 1909 1036 1946 naturalis.
1054 1907 1297 1946 Manifestum
1314 1915 1369 1945 est
1385 1907 1485 1944 enirn

426 1963 529 2010 quod
548 1963 727 1999 violentia
746 1962 934 1999 moventis
954 1961 1174 2007 remanebit,
1204 1961 1299 1998 idest
1328 1961 1488 1998 cessabit

426 2015 673 2064 quandoque:
695 2023 730 2052 et
749 2015 818 2052 nisi
838 2014 945 2064 quies
966 2015 1090 2064 aliqua
1109 2015 1175 2051 fiat
1195 2021 1486 2063 consequenter,

426 2076 552 2105 motus
585 2081 664 2105 non
696 2068 894 2117 perveniet
921 2069 969 2105 ad
998 2075 1146 2104 statum.
1187 2067 1297 2104 Unde
1331 2066 1486 2103 manife-

426 2128 526 2157 stum
548 2129 602 2158 est
621 2122 726 2170 quod
751 2121 918 2158 motibus
945 2120 1121 2158 violentis
1149 2119 1353 2169 opponitur
1380 2119 1487 2168 quies

424 2173 611 2211 violenta:
659 2174 748 2223 quia
785 2174 888 2223 quod
931 2181 1034 2210 extra
1070 2180 1245 2210 naturam
1284 2180 1485 2220 movetur,

425 2227 539 2264 habet
567 2228 680 2264 etiam
710 2235 812 2264 extra
839 2235 1013 2264 naturam
1043 2226 1248 2275 quiescere.

478 2392 502 2428 θ)
521 2394 577 2418 alia
595 2393 684 2418 littera
704 2393 838 2417 invenitur
856 2393 882 2417 in
902 2392 950 2417 hoc
968 2393 1033 2417 loco.
1045 2406 1064 2411 -
1082 2391 1239 2416 Exhibemus
1258 2391 1323 2416 hanc
1342 2391 1483 2416 secundam

425 2430 534 2454 litteram
554 2437 583 2453 ex
603 2429 659 2453 cod.
674 2429 732 2453 Vat.
749 2435 830 2460 2071:
857 2437 870 2452 «
889 2428 921 2452 Et
940 2432 1046 2460 quaeret
1070 2427 1148 2451 homo
1172 2427 1249 2452 etiam
1273 2427 1305 2451 de
1324 2427 1482 2451 cessatione:

423 2470 511 2489 utrum
529 2472 622 2489 omnes
642 2469 727 2488 motus
747 2464 790 2496 qui
810 2469 870 2488 sunt
888 2468 956 2488 extra
976 2468 1108 2493 naturam,
1127 2462 1222 2487 habent
1244 2462 1358 2495 quietem
1376 2462 1482 2494 opposi-

423 2505 485 2524 tam.
505 2500 633 2530 Quoniam
653 2500 674 2524 si
693 2499 741 2523 hoc
760 2507 811 2523 non
830 2499 913 2530 fuerit,
933 2498 979 2523 erit
998 2498 1160 2531 inopinabile.
1180 2498 1308 2528 Quoniam
1323 2502 1383 2522 tunc
1397 2505 1482 2522 rema-

424 2535 494 2559 nebit
511 2543 553 2559 res
572 2535 597 2558 in
621 2534 754 2565 violentia,
780 2539 805 2558 et
828 2534 875 2559 erit
897 2534 993 2566 aliquid
1018 2534 1088 2566 quod
1112 2541 1246 2566 nunquam
1271 2533 1399 2565 quiescet,
1425 2533 1481 2558 sine

423 2571 593 2603 generatione.
613 2570 681 2603 Ergo
700 2569 862 2594 manifestum
882 2575 921 2594 est
934 2570 1005 2602 quod
1019 2569 1113 2593 habent
1125 2569 1185 2601 (sec.
1201 2576 1271 2594 man.
1286 2576 1338 2593 non
1355 2568 1479 2600 habent):

424 2606 563 2638 quoniam.
589 2606 809 2638 quemadmodum
829 2613 870 2629 res
889 2613 956 2638 quae
975 2610 1094 2629 movetur
1118 2610 1187 2629 extra
1210 2609 1343 2634 naturam,
1369 2604 1485 2636 quiescet

424 2646 492 2666 extra
511 2647 657 2666 naturam.»
668 2642 808 2672 -Scriptor
827 2640 903 2665 huius
923 2640 1017 2665 codicis
1037 2645 1095 2664 ante
1108 2639 1171 2664 haec
1186 2640 1264 2664 verba
1284 2644 1367 2664 notat:
1387 2648 1401 2662 a
1414 2640 1484 2664 Haec

422 2677 504 2701 littera
523 2676 606 2701 deficit
623 2677 698 2701 nobis
722 2676 747 2700 in
767 2681 854 2701 nostra
872 2676 1047 2701 translatione.
1059 2686 1071 2699 x
1097 2675 1195 2700 Deinde
1219 2674 1296 2699 habet
1321 2682 1388 2707 quae
1406 2682 1484 2707 supra

1065 302 1410 340 PHYSICORUM
1437 302 1785 340 ARISTOTELIS
1815 276 1908 340 LlB.
1937 303 1973 340 V

1602 393 1658 419 12.
1679 382 1828 419 Deinde
1849 394 1937 418 cum
1967 381 2074 418 dicit:
2100 383 2285 424 Quoniam
2305 391 2430 423 autem
2449 391 2504 423 est
2520 386 2599 435 qui-

1541 436 1696 473 busdam
1717 442 1800 481 etc.,
1819 434 1927 483 ponit
1946 434 2168 482 secundum,
2189 435 2239 472 ad
2263 438 2567 486 explanationem
2585 445 2600 460 ¹

1541 489 1621 525 eius
1641 487 1743 536 quod
1764 487 1906 524 dictum
1927 494 1982 523 est
2002 488 2021 508 ²⁶·
2042 487 2088 524 de
2109 488 2368 526 contrarietate
2387 498 2514 528 motus
2534 503 2599 529 na-

1539 541 1666 578 turalis
1686 548 1722 576 et
1743 539 1909 576 violenti.
1940 540 1989 576 Et
2018 539 2105 577 dicit
2132 541 2248 588 quod,
2269 554 2358 578 curn
2381 542 2420 580 in
2445 543 2599 592 quibus-

1539 594 1628 630 dam
1648 593 1693 630 sit
1711 600 1838 629 motus
1866 592 2077 630 secundum
2106 600 2280 630 naturam
2300 602 2336 631 et
2361 603 2510 643 praeter
2534 608 2599 634 na-

1538 654 1673 693 turam,
1694 645 1789 682 sicut
1807 645 1912 693 ignis,
1934 645 1998 694 qui
2017 653 2194 682 movetur
2211 658 2362 683 sursum
2388 648 2599 686 seeundum

1539 705 1712 736 naturam
1738 705 1774 734 et
1803 699 1982 735 deorsum
2009 706 2157 747 praeter
2184 707 2379 736 naturam:
2409 700 2601 749 quaeritur

1539 758 1668 788 utrum
1687 750 1808 787 motui
1827 751 1985 787 naturali
2003 751 2098 798 ignis
2118 763 2268 788 sursum
2278 752 2309 799 *,
2330 752 2376 789 sit
2391 752 2600 791 contrarius

1540 811 1667 840 motus
1685 803 1876 840 violentus
1896 803 1990 851 ignis
2010 804 2201 851 deorsum,
2230 805 2293 841 vel
2321 813 2448 842 motus
2466 813 2598 854 terrae,

1541 856 1638 905 qu‘ae
1653 855 1869 892 naturaliter
1882 863 2061 893 movetur
2075 857 2294 894 deorsum.-
2306 858 2355 894 Et
2369 858 2480 896 solvit
2494 858 2600 907 quod

1540 909 1656 946 ambo
1687 907 1720 944 ei
1749 906 2038 956 contrariantur,
2072 909 2140 946 sed
2174 922 2253 946 non
2290 910 2428 948 eodem
2456 911 2598 949 modo:

1541 961 1609 998 sed
1645 967 1772 997 motus
1809 967 1928 998 terrae
1971 961 2152 999 deorsum
2190 963 2435 1000 contrariatur
2475 964 2598 1001 motui

1540 1013 1636 1062 ignis
1665 1025 1827 1060 sursum,
1857 1013 1952 1050 sicut
1978 1014 2156 1051 naturalis
2183 1015 2356 1061 naturali;
2386 1024 2513 1054 motus
2533 1029 2599 1054 au-

1540 1074 1618 1104 tem
1647 1066 1740 1114 ignis
1770 1065 1949 1103 deorsum
1979 1067 2224 1103 contrariatur
2249 1068 2370 1104 motui
2397 1068 2492 1116 ignis
2519 1081 2598 1107 sur-

1541 1131 1639 1167 sum,
1669 1118 1763 1155 sicut
1781 1118 1969 1156 violentus
1989 1119 2158 1156 naturali.
2188 1120 2238 1156 Et
2265 1121 2401 1157 eadem
2430 1121 2523 1158 ratio
2545 1129 2599 1159 est

1542 1171 1588 1209 de
1618 1171 1877 1208 contrarietate
1906 1171 2088 1220 quietum.

1600 1225 1656 1261 13.
1686 1223 1834 1260 Deinde
1860 1235 1948 1260 cum
1969 1223 2076 1260 dicit:
2095 1224 2210 1260 Forte
2236 1229 2362 1261 autem
2384 1225 2499 1273 quieti
2516 1232 2598 1275 etc„

1539 1276 1646 1324 ponit
1670 1275 1831 1322 tertium,
1853 1275 1902 1312 ad
1921 1275 2239 1313 manifestandum
2263 1275 2303 1313 id
2328 1277 2434 1326 quod
2458 1277 2600 1316 dictum

1542 1336 1597 1365 est
1615 1329 1635 1349 ²*
1655 1328 1701 1365 de
1731 1328 1991 1364 contrarietate
2020 1328 2153 1377 quietis
2181 1329 2230 1366 ad
2249 1337 2411 1367 motum.
2440 1331 2490 1368 Et
2513 1331 2601 1369 dicit

1540 1381 1646 1429 quod
1674 1381 1768 1417 forte
1801 1380 1916 1428 quieti
1945 1387 2071 1417 motus
2103 1381 2337 1429 aliquatenus
2373 1383 2598 1432 opponitur,

1541 1441 1577 1470 et
1604 1445 1682 1470 non
1713 1433 1938 1481 simpliciter.
1978 1433 2079 1470 Cum
2117 1434 2217 1470 enim
2255 1434 2388 1483 aliquis
2425 1443 2602 1474 movetur

1541 1498 1585 1522 ex
1613 1487 1687 1523 hoc
1710 1485 1748 1522 in
1781 1498 1857 1534 quo
1887 1485 2102 1535 quieverat,
2133 1494 2168 1524 et
2195 1487 2346 1524 abiiciat
2373 1487 2474 1535 illud,
2494 1489 2600 1527 vide·

1540 1546 1600 1575 tur
1627 1538 1753 1575 adhuc
1784 1538 1925 1575 habere
1954 1539 2043 1576 illud
2072 1539 2177 1588 quod
2209 1540 2390 1578 abiicitur.
2424 1541 2536 1579 Unde
2570 1541 2601 1579 si

1540 1591 1646 1640 quies
1673 1603 1771 1640 quae
1806 1599 1860 1628 est
1887 1591 1964 1639 hic,
1999 1591 2044 1629 sit
2072 1593 2257 1630 contraria
2294 1594 2415 1631 motui
2453 1594 2516 1644 qui
2545 1602 2603 1632 est

1541 1644 1630 1682 hinc
1652 1643 1691 1681 in
1716 1644 1956 1692 contrarium,
1977 1644 2144 1694 sequitur
2162 1645 2267 1694 quod
2286 1646 2398 1683 simul
2418 1646 2491 1684 sint
2511 1659 2600 1685 con-

1538 1697 1660 1734 traria.
1683 1697 1761 1734 Sed
1782 1698 1802 1718 ’¹‘
1821 1697 1946 1735 adhuc
1973 1697 2208 1746 aliquatenus
2227 1698 2384 1747 quiescit
2408 1699 2501 1737 dum
2520 1712 2600 1738 ma·
2628 1710 2638 1720 ·

1539 1758 1603 1787 net
1630 1749 1668 1786 in
1695 1750 1857 1786 termino
1877 1763 1900 1787 a
1919 1762 2017 1798 quo;
2048 1758 2084 1788 et
2107 1751 2368 1789 universaliter
2396 1752 2475 1790 eius
2495 1753 2601 1802 quod

1539 1810 1728 1850 movetur,
1753 1802 1895 1851 aliquid
1923 1803 2035 1840 estin
2055 1804 2218 1841 termino
2238 1817 2261 1841 a
2280 1817 2370 1854 quo,
2401 1813 2436 1842 et
2459 1805 2601 1855 aliquid

1539 1855 1578 1892 in
1605 1855 1768 1892 termino
1798 1855 1847 1892 ad
1875 1867 2015 1904 quem:
2053 1856 2155 1893 unde
2190 1857 2297 1906 quies
2325 1857 2451 1895 minus
2479 1870 2600 1907 oppo-

1540 1908 1639 1945 nitur
1657 1907 1778 1944 motui
1798 1920 1913 1956 quam
1933 1915 2060 1945 motus
2080 1909 2299 1956 contrarius,
2329 1910 2424 1947 sieut
2447 1923 2564 1960 supra
2576 1912 2598 1933 '⁶

1541 1960 1753 2010 expositum
1783 1968 1883 1997 est.-
1899 1962 1949 1998 Et
1975 1961 2108 1998 ultimo
2138 1962 2374 2012 recapitulat,
2404 1969 2445 2000 ut
2470 1975 2540 2012 per
2558 1969 2600 2001 se

1540 2013 1783 2050 manifestum
1813 2021 1878 2050 est.
2527 2012 2530 2017 ”

1594 2067 1652 2103 Ex
1679 2067 1754 2103 hoc
1782 2074 1909 2103 autem
1937 2066 2020 2115 ipso
2050 2066 2155 2115 quod
2183 2067 2318 2104 eadem
2346 2068 2465 2104 verba
2493 2080 2600 2118 repe-

1540 2127 1678 2167 tuntur,
1700 2131 1799 2168 quae
1824 2132 1938 2168 supra
1960 2121 1979 2140 ss
1996 2120 2093 2156 dicta
2120 2127 2217 2166 sunt,
2247 2120 2490 2157 manifestum
2519 2133 2600 2158 esse

1540 2180 1675 2221 potest,
1705 2172 1810 2220 quod
1838 2184 1917 2208 non
1945 2180 2032 2209 sunt
2058 2172 2178 2209 verba
2196 2172 2417 2221 Aristotelis,
2446 2173 2515 2210 sed
2535 2173 2600 2210 ali-

1544 2225 1650 2261 cuius
1679 2224 1912 2273 expositoris.

1541 2390 1711 2420 exhibuimus,
1729 2396 1755 2416 et
1772 2391 1856 2423 pergit
1873 2391 2015 2416 secundum
2034 2391 2099 2416 hanc
2118 2391 2194 2416 aliam
2211 2392 2358 2416 versionem
2375 2399 2461 2425 usque
2473 2392 2506 2417 ad
2522 2392 2603 2419 verba

1541 2427 1623 2451 Forte
1641 2430 1729 2461 autem
1749 2426 1831 2459 quieti
1849 2429 1935 2451 motus
1953 2427 2119 2459 aliquatenus
2144 2427 2287 2458 opponitur
2305 2427 2429 2452 inclusive
2435 2434 2442 2458 ;
2460 2427 2505 2452 ubi
2522 2427 2602 2455 finem

1540 2462 1605 2486 libro
1629 2462 1719 2494 quinto
1744 2461 1860 2494 imponit.
1874 2475 1893 2480 ·—
1911 2462 1997 2486 Codex
2022 2462 2110 2487 Urbin.
2138 2461 2187 2487 206
2211 2462 2306 2487 librum
2329 2462 2448 2488 terminat
2469 2470 2528 2488 cum
2551 2461 2603 2488 fine

1543 2502 1626 2522 textus
1645 2496 1693 2521 63:
1712 2497 1770 2522 Vat.
1790 2504 1857 2528 2072
1877 2502 1991 2521 nostram
2009 2498 2155 2522 versionem
2174 2497 2299 2530 integram
2317 2497 2403 2523 habet.

1597 2533 1615 2565 ι)
1635 2536 1717 2557 extra
1736 2535 1862 2557 naturam
1880 2533 2069 2558 contrarietur.
2082 2547 2100 2551 -
2112 2533 2213 2558 PEGsS
2236 2538 2262 2558 et
2279 2533 2329 2558 ab.
2343 2533 2394 2558 Pro
2412 2533 2601 2564 contrarietur,

1538 2571 1659 2600 ponatur
1676 2568 1713 2597 A,
1733 2571 1883 2599 opponatur
1901 2568 2001 2599 BHYZ,
2015 2571 2191 2600 componatur
2208 2569 2264 2599 DR,
2278 2571 2477 2601 extraponatur
2494 2569 2526 2599 K,
2540 2575 2602 2594 con·

1543 2606 1704 2635 traponatur
1723 2608 1770 2627 cet.

1595 2638 1621 2671 κ)
1636 2638 1715 2670 ponit
1733 2637 1876 2663 secundum
1895 2637 1932 2662 ad
1950 2638 2205 2670 explanationem.,-
2214 2639 2293 2671 ponit
2310 2639 2453 2664 secundam
2471 2639 2602 2672 explana-

1542 2674 1640 2699 tionem
1659 2673 1770 2698 PEGab.
1789 2673 1827 2698 cf.
1846 2681 1918 2698 num.
1932 2680 2016 2705 praec.
2035 2678 2060 2698 et
2078 2674 2176 2699 initium
2195 2682 2266 2699 num.
2281 2681 2336 2707 seq.

2627 499 2636 508 ·
2653 498 2724 520 Num.
2739 498 2762 520 6.

2625 763 2637 775 ⁴
2645 769 2738 785 :ursum
2745 769 2794 786 om.
2804 770 2819 786 a
2826 763 2839 786 b

2627 792 2650 811 et
2659 789 2727 812 codd.
2740 796 2789 813 exc.
2799 797 2837 813 nc.

2626 1339 2638 1352 ⁸
2652 1339 2724 1363 Num.
2738 1345 2754 1368 9
2763 1345 2812 1369 seq.

2653 1709 2676 1732 εἰ
2682 1715 2812 1732 amum.

2628 1918 2637 1927 ·
2650 1916 2722 1939 Num.
2737 1921 2770 1940 m.

2627 2127 2638 2139 ⁸*
2653 2125 2724 2148 Num.
2735 2132 2758 2155 9,
2766 2132 2799 2148 10.
