2898 3996
0 1221 7 1230 “
46 1216 73 1227 “’
159 1228 211 1250 rab.

72 2291 177 2313 ...4

1104 304 1212 340 CAP.

263 384 416 422 alicuius
444 396 534 420 suae
553 383 688 432 partis:
718 383 812 419 sicut
831 383 861 419 si
889 382 1033 419 dicatur
1056 381 1208 429 aliquod
1236 393 1318 417 mo-

263 438 334 474 bile
363 444 550 473 mutatum
579 448 661 472 esse
689 436 727 472 in
756 436 836 482 die,
868 435 955 483 quia
983 442 1170 471 mutatum
1199 440 1254 469 est
1281 433 1318 469 in

262 489 397 537 aliqua
404 496 507 538 parte
536 488 630 525 illius
650 488 740 533 diei3
770 500 847 524 non
876 487 977 523 enim
1000 487 1125 535 primo
1153 492 1319 522 mutatur

262 541 301 579 in
329 541 399 578 die.
421 541 538 588 Quod
557 549 683 578 autem
710 540 802 576 illud
829 539 1010 587 temporis
1029 539 1067 575 in
1095 550 1172 587 quo
1191 537 1316 586 primo

263 601 449 631 mutatum
478 601 533 630 est
551 594 597 630 sit
623 592 857 638 indivisibile,
878 591 931 627 sic
956 592 1102 639 probat.

317 647 356 683 Si
377 647 477 683 enim
506 646 551 683 sit
579 645 780 691 divisibile,
806 644 852 680 sit
874 643 958 688 AC,
986 650 1023 679 et
1047 642 1234 679 dividatur
1259 655 1315 693 se7

264 700 431 736 cundum
450 700 496 735 B:
517 710 672 735 necesse
689 704 743 733 est
762 696 883 732 dicere
899 695 1003 743 quod
1023 702 1086 731 aut
1103 694 1142 730 in
1157 702 1316 743 utroque

263 759 449 788 mutatum
469 751 530 798 sit,
551 757 615 786 aut
637 749 675 785 in
693 757 850 796 utraque
873 755 978 795 parte
999 755 1175 795 mutetur,
1197 755 1260 783 aut
1278 747 1316 783 in

262 817 338 841 una
362 811 468 852 parte
494 809 660 839 mutetur
678 801 770 836 etin
794 800 864 836 alia
883 799 930 836 sit
957 806 1156 836 mutatum.
1185 800 1261 836 Sed
1286 800 1316 836 si

262 857 300 894 in
314 864 472 903 utraque
489 861 594 903 parte
609 860 795 889 mutatum
813 859 878 899 est,
895 864 974 888 non
986 852 1110 900 primo
1127 860 1314 889 mutatum

262 916 318 946 est
335 908 373 944 in
393 915 482 952 τοῖο,
503 906 570 943 sed
589 905 626 942 in
645 912 761 953 parte.
780 904 820 941 Si
838 917 931 941 vero
949 905 1057 941 detur
1075 905 1180 953 quod
1199 912 1315 941 trans-

261 966 425 997 mutetur
450 959 489 995 in
516 965 674 1006 utraque
702 965 825 1006 parte,
847 957 1035 1005 oportebit
1059 957 1183 994 dicere
1211 958 1316 1005 quod

259 1018 526 1049 transmutetur
553 1011 592 1047 in
618 1017 714 1047 toto:
744 1010 797 1047 sic
826 1010 926 1046 enim
956 1009 1088 1046 dicitur
1116 1010 1254 1057 aliquid
1276 1011 1313 1046 in

258 1072 338 1102 toto
371 1072 542 1112 tempore
575 1063 731 1110 mutari,
766 1062 854 1111 quia
886 1069 1051 1099 mutatur
1083 1062 1122 1099 in
1150 1063 1315 1111 qualibet

260 1117 339 1154 eius
357 1124 473 1166 parte.
491 1117 577 1152 Hoc
591 1123 719 1153 autem
735 1123 790 1152 est
805 1123 934 1152 contra
947 1115 1131 1163 positum:
1147 1115 1314 1163 positum

260 1170 361 1207 enim
391 1177 468 1206 erat
495 1170 599 1217 quod
618 1169 655 1205 in
674 1175 753 1205 toto
777 1169 844 1204 AC
866 1175 944 1204 erat
962 1175 1161 1204 mutatum.
1190 1168 1230 1204 Si
1249 1180 1313 1204 au-

258 1230 336 1260 tem
357 1222 465 1259 detur
492 1221 597 1269 quod
615 1221 654 1258 in
680 1233 757 1258 una
774 1227 879 1269 parte
899 1227 1064 1257 mutetur
1084 1221 1103 1241 ²³²
1124 1228 1160 1256 et
1178 1220 1216 1256 in
1244 1221 1315 1256 alia

259 1275 304 1312 sit
335 1281 534 1333 mutatum,
567 1273 733 1333 sequitur
750 1273 852 1311 idem
871 1272 1153 1332 inconveniens,
1175 1273 1314 1309 scilicet

258 1327 366 1386 quod
391 1340 469 1364 non
503 1327 548 1364 sit
573 1327 699 1375 primo
726 1333 913 1363 mutatum
938 1325 977 1362 in
996 1333 1092 1371 toto;
1120 1325 1207 1384 quia
1226 1338 1313 1362 curn

257 1393 345 1429 pars
354 1379 409 1417 'sit
427 1380 530 1428 prior
548 1387 640 1426 toto,
657 1387 692 1415 et
705 1379 807 1427 prius
823 1386 987 1415 mutetur
1001 1378 1163 1437 aliquid
1155 1391 1193 1415 1n
1207 1386 1313 1427 parte

258 1432 442 1492 temporis
464 1445 579 1480 quam
609 1433 647 1468 in
674 1439 766 1478 toto,
787 1438 963 1480 sequetur
986 1431 1091 1479 quod
1110 1431 1155 1468 sit
1174 1431 1313 1479 aliquid

257 1486 361 1534 prius
387 1486 530 1534 primo,
560 1485 664 1532 quod
693 1491 748 1520 est
766 1483 1009 1543 imp-ossibile.
1040 1484 1200 1532 Oportet
1225 1495 1317 1531 ergo,

260 1538 382 1575 dicere
409 1539 513 1587 quod
533 1537 623 1574 illud
641 1537 822 1585 temporis
842 1537 880 1572 in
899 1549 976 1585 quo
995 1536 1119 1585 primo
1140 1536 1154 1562 ζ
1173 1536 1313 1584 aliquid

258 1598 445 1628 mutatum
474 1597 545 1637 est,
570 1589 615 1626 sit
641 1589 876 1627 indivisibile.

257 1666 262 1670 —
311 1644 370 1680 Ex
396 1644 470 1680 hoc
498 1650 627 1679 autem
653 1642 806 1678 ulterius
835 1641 1039 1688 concludit,
1065 1641 1170 1689 quod
1199 1653 1312 1677 omne

258 1696 362 1745 quod
391 1703 610 1743 corruptum
639 1701 705 1742 est,
736 1702 771 1731 et
799 1706 913 1731 omne
943 1694 1047 1742 quod
1075 1694 1215 1730 factum
1245 1701 1310 1740 est,

259 1756 314 1785 est
340 1749 377 1785 in
397 1748 611 1785 indivisibili
638 1746 819 1796 temporis
843 1747 984 1783 factum
1012 1753 1048 1782 et
1077 1754 1312 1794 corruptum;

258 1801 346 1850 quia
377 1801 567 1848 generatio
598 1807 633 1836 et
662 1799 851 1847 corruptio
889 1806 975 1836 sunt
1006 1798 1156 1835 termini
1184 1799 1314 1835 altera-

257 1853 379 1891 tionis.
409 1853 519 1890 Unde
549 1853 578 1889 si
606 1852 760 1901 quilibet
787 1859 913 1888 motus
945 1851 1165 1888 terminatur
1193 1851 1231 1888 in
1259 1851 1312 1888 in-

256 1905 505 1952 stanti‘fidem
525 1913 581 1942 est
603 1905 704 1942 enim
722 1904 847 1954 primo
871 1911 1058 1940 mutatum
1083 1916 1180 1950 esse,
1210 1904 1314 1952 quod

256 1958 447 1996 terminari
483 1960 677 2004 motum),
716 1957 883 2006 sequitur
918 1957 1023 2005 quod
1059 1957 1250 2004 generatio
1280 1965 1315 1995 et

258 2011 446 2060 corruptio
476 2010 548 2047 sint
574 2011 612 2047 in
640 2010 802 2047 instanti.

313 2065 345 2100 5.
375 2063 522 2101 Deinde
565 2075 652 2099 cum
682 2062 786 2100 dicit:
815 2062 963 2098 Dicitur
999 2068 1123 2099 autem
1165 2062 1202 2099 in
1240 2075 1313 2111 quo

250 2116 378 2164 primo
408 2123 489 2162 etc.,
511 2115 674 2152 ostendit
700 2114 896 2164 quomodo
917 2114 955 2151 in
983 2122 1090 2151 motu
1116 2115 1236 2163 possit
1253 2128 1313 2152 ac-

258 2168 330 2217 cipi
358 2169 535 2217 primum.
557 2169 606 2205 Et
629 2168 726 2204 circa
753 2169 828 2204 hoc
847 2167 924 2204 duo
953 2167 1055 2204 facit:
1075 2167 1198 2216 primo
1226 2180 1313 2216 pro-

257 2221 363 2269 ponit
393 2221 610 2266 veritatem;
640 2220 807 2257 secundo
842 2220 1002 2268 probat,
1037 2219 1104 2256 ibi:
1134 2220 1190 2256 Sit
1215 2221 1312 2257 enim

253 2274 419 2322 primum
441 2275 460 2296 ’²‘
481 2281 550 2310 etc.
575 2273 674 2310 Dicit
701 2285 790 2321 ergo
818 2272 955 2320 primo,
977 2272 1080 2321 quod
1107 2273 1182 2308 hoc
1209 2273 1313 2320 quod

258 2326 390 2363 dicitur
418 2326 454 2363 in
483 2338 555 2374 quo
569 2326 695 2374 primo
724 2330 905 2362 mutatum
932 2330 986 2361 est
1011 2325 1161 2373 aliquid,
1190 2333 1315 2374 potest

257 2379 405 2426 intelligi
435 2379 639 2427 dupliciter.
668 2379 754 2416 Uno
783 2378 901 2414 modo
925 2377 965 2414 in
983 2387 1059 2426 quo
1085 2378 1209 2426 primo
1230 2391 1312 2415 mu-

257 2431 346 2468 tatio
367 2439 422 2468 est
438 2432 603 2480 perfecta
621 2432 683 2468 vel
702 2430 917 2468 terminata:
938 2437 1027 2467 tunc
1056 2430 1157 2466 enim
1175 2443 1312 2468 verum

258 2492 313 2522 est
341 2484 463 2521 dicere
493 2483 598 2532 quod
625 2491 813 2520 mutatum
843 2490 908 2529 est,
943 2482 1098 2531 quando
1126 2480 1313 2520 iam'mu-

257 2537 345 2574 tatio
375 2545 429 2574 est
455 2537 620 2586 perfecta
639 2537 670 2573 ³⁸.
698 2536 782 2574 Alio
812 2535 930 2573 modo
949 2542 1074 2584 potest
1101 2536 1250 2599 intelligi
1274 2537 1311 2573 in

257 2601 329 2638 quo
351 2589 478 2638 primo
503 2594 684 2626 mutatum
705 2595 767 2635 est,
789 2588 883 2626 idest
910 2588 948 2625 in
968 2601 1044 2636 quo
1072 2589 1238 2637 primo··
1258 2589 1311 2625 in-

259 2642 356 2690 cepit
373 2642 522 2689 mutari,
543 2654 622 2678 non
640 2641 678 2678 in
697 2654 773 2690 quo
793 2642 918 2691 primo
938 2641 1006 2678 fuit
1023 2653 1161 2678 verum
1187 2641 1311 2678 dicere

257 2694 362 2742 quod
398 2694 475 2731 iam
513 2701 698 2731 mutatum
736 2702 844 2731 esset.
880 2693 1009 2730 Primo
1046 2694 1156 2742 igitur
1193 2694 1310 2732 modo

258 2746 494 2794 accipiendo,
520 2746 658 2783 scilicet
675 2747 885 2784 secundum
904 2746 1208 2783 terminationem
1229 2759 1311 2783 mu-

258 2798 424 2846 tationis,
455 2798 586 2836 dicitur
609 2799 648 2836 in
666 2806 785 2845 motu,
807 2806 843 2835 et
862 2806 917 2835 est
935 2799 972 2835 in
994 2811 1039 2835 eo
1064 2799 1167 2847 quod
1185 2799 1310 2848 primo

259 2858 446 2888 mutatum
459 2858 531 2888 est.
554 2851 743 2899 Contingit
763 2851 863 2888 enim
885 2851 1087 2900 aliquando
1102 2851 1226 2900 primo
1242 2860 1312 2888 ter-

258 2903 392 2941 minari
412 2903 679 2950 mutationem,
696 2903 785 2952 quia
805 2903 1002 2940 cuiuslibet
1020 2904 1237 2941 mutationis
1258 2912 1313 2941 est

203 2980 209 2987 -
258 2956 390 3005 aliquis
408 2956 602 2993 terminus.
619 2957 669 2993 Et
686 2957 761 2993 hoc
775 2956 892 2994 modo
909 2956 1156 2993 intelleximus
1173 2958 1192 2978 ψ’
1208 2957 1312 3005 quod

257 3008 381 3057 primo
402 3016 588 3046 mutatum
609 3016 663 3045 est
691 3021 773 3046 esse
796 3009 1036 3055 indivisibile3
1062 3016 1098 3045 et
1116 3017 1311 3046 ostensum

259 3067 314 3097 est
336 3061 411 3098 hoc
428 3061 500 3098 hac
518 3061 677 3099 ratione:
699 3061 786 3110 quia
812 3069 866 3098 est
887 3061 985 3109 finis,
1010 3062 1106 3099 idest
1129 3062 1311 3099 terminus

259 3120 402 3158 motus;
419 3113 542 3150 omnis
557 3121 684 3150 autem
698 3114 881 3151 terminus
897 3114 1062 3151 continui
1077 3114 1311 3152 indivisibilis

260 3172 325 3202 est.
356 3164 432 3202 Sed
459 3165 490 3202 si
518 3166 720 3215 accipiatur
747 3167 852 3215 quod
878 3167 1002 3215 primo
1037 3174 1224 3204 mutatum
1258 3175 1312 3204 est

259 3217 427 3254 secundo
456 3218 573 3254 modo
603 3218 763 3265 dicendi,
784 3219 923 3256 scilicet
945 3219 1156 3256 secundum
1175 3219 1310 3268 princi-

257 3269 381 3318 pium,
400 3269 495 3306 idest
513 3271 722 3308 secundum
742 3271 905 3319 primam
924 3278 1070 3319 partem
1090 3278 1233 3318 motus,
1259 3271 1312 3309 sic

259 3334 337 3359 non
357 3327 412 3358 est
430 3322 468 3358 in
487 3333 563 3370 quo
581 3322 706 3371 primo
725 3330 911 3360 mutatum
933 3330 997 3359 est.
1025 3324 1116 3360 Non
1136 3323 1236 3360 enim
1258 3331 1312 3361 est

312 3442 337 3475 ζ)
358 3443 423 3468 illud
446 3443 570 3475 temporis
595 3443 621 3468 in
646 3450 697 3475 quo
711 3444 810 3476 primo.
824 3457 843 3463 —-
860 3444 1010 3475 EFGHNZ;

259 3478 312 3503 Pab
332 3478 398 3502 illud
416 3481 517 3510 tempus
536 3477 561 3502 in
576 3485 627 3510 quo
641 3478 731 3510 primo
750 3483 796 3504 cet.

311 3510 339 3547 η)
359 3513 430 3545 quod
447 3512 556 3545 quiescit
575 3512 600 3537 in
619 3514 651 3538 A.
670 3527 689 3532 -
708 3514 778 3546 quod
797 3513 913 3546 quiescat
934 3514 960 3538 in
983 3514 1026 3538 CA
1046 3513 1123 3538 Pinna
1142 3518 1168 3539 et
1185 3514 1261 3539 editio
1280 3515 1309 3544 b,

260 3547 410 3580 corrigendo
429 3547 564 3572 lectionem
583 3547 699 3573 editionis
718 3555 749 3577 a,
769 3556 836 3581 quae
855 3549 916 3582 legit
939 3549 1010 3581 quod
1027 3549 1144 3580 quiescat
1157 3549 1183 3573 in
1198 3549 1248 3574 AC
1259 3557 1310 3581 po-

259 3583 338 3607 situm
358 3587 405 3607 etc.
423 3583 507 3607 Etiam
526 3583 605 3607 codex
617 3583 642 3607 M
657 3582 734 3608 habet
754 3584 813 3608 CA.-
831 3584 876 3608 sed
895 3584 965 3616 quod
984 3584 1079 3608 mobile
1093 3584 1206 3616 quiescat
1218 3584 1243 3608 in
1257 3584 1309 3614 CA,

261 3624 313 3642 non
327 3622 366 3642 est
378 3618 537 3649 conclusum,
556 3618 602 3642 sed
615 3618 741 3650 positum,
762 3623 787 3643 et
805 3626 835 3643 ex
853 3618 900 3643 hac
919 3618 1095 3651 suppositione
1113 3619 1230 3651 sequitur
1248 3626 1310 3644 con-

1035 3444 1064 3469 id
1088 3442 1189 3476 tempus
1207 3445 1233 3470 in
1258 3453 1309 3478 quo

1242 303 1293 349 v,
1324 303 1474 339 LECT.

1504 303 1571 339 VII

1374 380 1542 428 accipere
1571 381 1724 430 aliquod
1747 382 1975 430 principium
2001 381 2227 427 mutationis,
2253 381 2348 418 idest
2367 382 2429 418 ali-

1373 445 1489 481 quam
1509 433 1673 481 primam
1692 442 1838 482 pattem
1854 434 2082 480 mutationis,
2100 446 2215 482 quam
2231 446 2308 470 non
2322 445 2429 481 prae-

1373 485 1482 521 cedat
1509 486 1580 522 alia
1606 499 1705 534 pars.
1735 486 1911 523 Similiter
1930 487 2043 523 etiam
2071 499 2149 522 non
2178 493 2233 522 est
2260 486 2429 534 accipere

1373 537 1512 585 aliquid
1526 538 1694 586 primum
1709 539 1747 575 in
1761 547 1945 587 tempore,
1967 539 2005 575 in
2020 551 2095 586 quo
2110 538 2234 587 primo
2251 546 2427 575 mutetur.

1426 591 1460 626 6.
1482 591 1629 627 Deinde
1660 603 1747 627 cum
1783 591 1890 627 dicit:
1920 592 1976 627 Sit
2000 591 2098 627 enim
2129 591 2298 639 primum
2336 598 2428 638 etc.,

1370 643 1508 690 probat
1540 644 1644 691 quod
1676 656 1754 679 non
1788 651 1842 679 est
1878 643 2048 692 accipere
2080 644 2247 691 primurn
2285 643 2323 680 in
2351 656 2428 691 quo

1371 703 1558 731 mutatum
1579 703 1648 742 est,
1677 708 1721 732 ex
1748 703 1854 743 parte
1878 696 2062 744 principii.
2093 697 2142 732 Et
2163 696 2288 744 primo
2318 696 2427 732 ratio-

1371 760 1419 783 ne
1447 755 1602 797 accepta
1631 760 1675 784 ex
1698 756 1802 796 parte
1827 749 2026 796 temporis;
2056 749 2224 785 secundo
2255 761 2300 785 ex
2323 756 2427 797 parte

1371 801 1537 847 mobilis,
1571 800 1637 837 ibi:
1669 801 1803 848 Neque
1835 801 1950 850 igitur
1982 802 2018 837 in
2047 813 2090 837 eo
2119 802 2220 849 quod
2245 807 2428 838 mutatum

1370 859 1423 889 est
1443 854 1462 874 ³⁶
1482 860 1569 898 etc.;
1598 853 1705 889 tertio
1736 866 1780 889 ex
1806 860 1912 901 parte
1942 853 1994 889 rei
2022 853 2060 889 in
2089 866 2164 901 qua
2196 862 2252 890 est
2284 861 2426 901 motus,

1369 905 1440 942 ibi:
1467 907 1595 953 Ipsum
1625 911 1748 942 autem
1777 906 1878 953 quod
1903 912 2069 942 mutatur
2087 907 2107 927 ἃ·
2127 914 2195 942 etc.

1424 958 1533 994 Circa
1569 958 1737 1006 primum
1773 958 1881 1006 ponit
1916 959 2030 994 talem
2067 959 2265 998 rationem.
2297 958 2335 994 Si
2374 967 2429 995 est

1370 1010 1523 1058 aliquod
1559 1010 1740 1059 temporis
1782 1011 1820 1046 in
1858 1023 1932 1059 quo
1970 1011 2094 1059 primo
2129 1019 2317 1048 mutatum
2352 1019 2426 1059 est,

1369 1062 1415 1099 sit
1441 1063 1532 1099 illud
1550 1064 1634 1099 AD.
1656 1064 1742 1098 Hoc
1770 1062 1878 1110 igitur
1897 1071 1960 1099 aut
1989 1071 2042 1100 est
2071 1063 2253 1100 divisibile
2282 1071 2346 1100 aut
2373 1064 2426 1100 in-

1369 1115 1566 1151 divisibile.
1606 1114 1646 1151 Si
1684 1123 1738 1151 est
1774 1115 2019 1162 indivisibile,
2059 1124 2267 1164 sequuntur
2301 1117 2320 1137 ²³⁴
2349 1117 2462 1153 duo*

1369 1167 1690 1204 inconvenientia:
1719 1179 1884 1215 quorum
1912 1168 2080 1215 primum
2109 1176 2184 1215 est,
2215 1169 2319 1217 quod
2345 1169 2427 1217 ipsa

1368 1233 1470 1257 nunc
1497 1220 1535 1256 in
1562 1227 1735 1267 tempore
1769 1219 1840 1256 sint
1875 1221 2021 1266 habita,
2060 1221 2156 1258 idest
2193 1234 2425 1270 consequen-

1368 1273 1429 1310 tia.
1464 1272 1581 1319 Quod
1614 1272 1769 1321 quidem
1801 1272 2074 1309 inconveniens
2101 1274 2173 1310 hac
2199 1274 2341 1310 ratione
2371 1286 2426 1310 se-

1369 1326 1514 1374 quitur,
1544 1325 1632 1374 quia
1662 1327 1681 1346 >³²
1710 1333 1860 1373 tempus
1890 1324 2066 1362 dividitur
2095 1326 2189 1362 sicut
2217 1334 2253 1362 et
2287 1334 2425 1373 motus,

1367 1386 1408 1415 ut
1436 1390 1548 1426 supra
1577 1380 1596 1399 ⁹³²
1626 1385 1820 1414 ostensum
1851 1385 1915 1414 est.
1957 1377 1996 1414 Si
2025 1385 2151 1414 autem
2184 1378 2308 1426 aliqua
2339 1391 2427 1427 pars

1369 1438 1495 1467 motus
1533 1430 1642 1467 fuerit
1678 1431 1716 1467 in
1752 1431 1848 1477 AD,
1886 1442 2040 1467 necesse
2071 1438 2125 1467 est
2162 1431 2286 1467 dicere
2322 1431 2428 1480 quod

1367 1485 1438 1520 AD
1468 1483 1514 1520 sit
1541 1483 1666 1532 aliqua
1691 1495 1779 1531 pars
1802 1482 2000 1531 temporis;
2031 1490 2068 1520 et
2094 1483 2144 1519 ita
2171 1491 2322 1532 tempus
2361 1484 2429 1520 erit

1369 1536 1624 1584 compositum
1644 1548 1690 1572 ex
1717 1535 2017 1573 indivisibilibus.
2039 1535 2270 1573 Indivisibile
2300 1544 2427 1573 autem

1368 1589 1549 1637 temporis
1587 1596 1642 1625 est
1678 1589 1802 1637 ipsum
1832 1601 1950 1625 nunc:
1981 1596 2159 1637 sequetur
2197 1601 2284 1636 ergo
2322 1589 2429 1637 quod

1369 1643 1450 1689 ipsa
1478 1654 1579 1678 nunc
1608 1648 1882 1689 consequenter
1910 1653 1949 1677 se
1976 1642 2140 1678 habeant
2176 1642 2214 1678 in
2242 1649 2425 1690 tempore.

1368 1715 1391 1722 -
1401 1695 1620 1731 Secundum
1634 1694 1906 1731 inconveniens
1922 1701 1986 1730 est.
1999 1695 2195 1730 Ponamus
2211 1694 2312 1730 enim
2324 1695 2427 1743 quod

1367 1747 1406 1785 in
1434 1754 1605 1795 tempore
1635 1747 1738 1795 quod
1765 1746 1957 1795 praecedit
1985 1747 2112 1795 ipsum
2131 1748 2218 1794 AD,
2244 1747 2348 1794 quod
2374 1755 2428 1784 est

1369 1800 1448 1846 CA,
1470 1799 1573 1836 idem
1593 1799 1735 1835 mobile
1754 1799 1859 1847 quod
1876 1800 2091 1847 ponebatur
2110 1799 2258 1836 moveri
2276 1799 2314 1836 in
2342 1801 2425 1848 AD,

1367 1852 1527 1888 totaliter
1563 1851 1740 1901 quiescat.
1771 1851 1811 1888 Si
1849 1864 1936 1899 ergo
1965 1852 2004 1888 in
2040 1859 2118 1888 toto
2155 1853 2221 1888 CA
2250 1852 2425 1900 quiescit,

2356 304 2429 350 295

2455 863 2464 873 '¹
2479 862 2548 884 Num.
2564 869 2613 890 seq.

2454 920 2464 930 ³
2474 919 2545 940 Num.
2560 919 2582 941 8.

2474 1122 2594 1147 ponuntur
2609 1126 2662 1147 mn,

2454 1148 2579 1174 sequentur
2585 1146 2651 1167 mab.

2454 1334 2464 1343 '
2475 1333 2537 1360 quod
2550 1333 2633 1354 anab.

2452 1385 2464 1396 ⁴
2478 1385 2542 1433 Lgcct.
2559 1385 2663 1412 praeced.

2453 1418 2476 1433 n.
2508 1427 2513 1432 .

1368 1905 1535 1953 sequitur
1572 1904 1677 1953 quod
1714 1904 1880 1953 quiescat
1907 1906 1945 1940 in
1973 1906 2027 1950 A,
2058 1904 2162 1952 quod
2201 1912 2255 1941 est
2286 1905 2427 1952 aliquid
2483 1936 2485 1938 .

1368 1957 1458 1995 eius.
1480 1957 1519 1994 Si
1549 1969 1637 2005 ergo
1666 1958 1736 1994 AD
1767 1964 1822 1993 est
1844 1956 2079 2003 indivisibile,
2100 1964 2140 1993 ut
2169 1957 2299 1993 datum
2317 1959 2336 1979 ’¹‘
2356 1965 2425 2005 est,

2452 1965 2462 1974 ³
2484 1964 2567 1986 dictum
2588 1969 2662 1992 1²1.qu

2454 1994 2476 2012 et
2490 1996 2505 2012 a
2514 1991 2534 2012 b.

1367 2017 1544 2059 sequetur
1577 2010 1682 2059 quod
1705 2010 1816 2046 simul
1844 2009 1984 2057 aliquid
2011 2010 2179 2058 quiescat
2207 2018 2242 2046 et
2270 2022 2426 2052 movea-
2459 2042 2462 2046 .

1366 2071 1446 2100 tur:
1485 2064 1706 2100 conclusum
1740 2070 1794 2099 est
1822 2062 1923 2099 enim
1956 2063 2062 2111 quod
2094 2062 2250 2111 quiescit
2281 2063 2320 2099 in
2347 2065 2381 2099 A
2399 2069 2425 2111 η,

1367 2123 1403 2152 et
1430 2116 1596 2165 positum
1635 2123 1713 2152 erat
1746 2115 1852 2164 quod
1888 2115 1926 2152 in
1955 2116 2025 2151 AD
2058 2123 2288 2153 moveretur.
2319 2117 2425 2153 Idem

1352 2176 1494 2216 ,autem
1523 2177 1579 2205 est
1605 2170 1639 2205 A
1673 2176 1709 2204 et
1736 2169 1828 2215 AD,
1859 2167 1888 2204 si
1916 2169 1986 2204 AD
2016 2167 2062 2204 sit
2088 2168 2322 2206 indivisibile.
2360 2171 2425 2206 Se-

1367 2229 1502 2269 quetur
1522 2233 1609 2268 ergo
1630 2221 1734 2269 quod
1752 2220 1791 2257 in
1810 2220 1949 2257 eodem
1969 2220 2136 2269 quiescat
2156 2229 2191 2258 et
2210 2230 2421 2259 moveatur.

1421 2273 1497 2311 Sed
1531 2273 1807 2310 advertendum
1841 2280 1916 2320 est,
1950 2274 2056 2321 quod
2089 2286 2168 2310 non
2199 2275 2367 2323 sequitur
2394 2275 2425 2312 si

1366 2326 1507 2375 aliquid
1535 2325 1691 2385 quiescit
1726 2326 1766 2362 in
1793 2333 1872 2362 toto
1901 2333 2094 2384 ternpore,
2125 2327 2230 2374 quod
2258 2327 2425 2376 quiescat

1366 2379 1404 2416 in
1431 2379 1564 2416 ultimo
1586 2379 1666 2415 eius
1694 2378 1924 2416 indivisibili:
1951 2378 2038 2427 quia
2066 2386 2261 2416 ostensum
2290 2388 2344 2416 est
2363 2393 2423 2417 su-

1365 2444 1433 2480 pra
1447 2433 1476 2478 ²³³,
1494 2431 1625 2480 quod
1618 2444 1656 2468 ln
1675 2444 1775 2468 nunc
1794 2443 1917 2479 neque
1937 2439 2114 2468 movetur
2138 2432 2277 2480 aliquid
2297 2445 2420 2481 neque

1366 2484 1533 2532 quiescit.
1565 2484 1642 2521 Sed
1660 2484 1879 2521 Aristoteles
1903 2485 1977 2520 hoc
2001 2484 2190 2521 concludit
2204 2484 2265 2531 hic
2285 2497 2329 2521 ex
2348 2486 2423 2522 hoc

1367 2537 1470 2585 quod
1493 2537 1646 2585 ponitur
1673 2537 1720 2573 ab
1749 2536 1985 2574 adversario:
2016 2537 2120 2585 quod
2148 2537 2187 2574 id
2209 2538 2391 2586 temporis
2410 2536 2423 2558 ⁰

1365 2590 1403 2626 in
1441 2602 1517 2638 quo
1555 2589 1678 2638 primo
1716 2597 1914 2636 movetur,
1945 2596 2000 2625 est
2033 2589 2268 2626 indivisibile.
2308 2591 2358 2626 Et
2390 2591 2421 2627 si

1366 2642 1544 2690 contingit
1562 2641 1710 2678 moveri
1729 2642 1767 2678 in
1786 2641 2000 2679 indivisibili
2019 2642 2221 2691 temporis,
2243 2643 2422 2691 contingit

1366 2695 1502 2732 eadem
1531 2694 1674 2732 ratione
1702 2695 1740 2731 in
1768 2694 1982 2731 indivisibili
2009 2695 2191 2743 temporis
2215 2695 2419 2743 quiescere.

1419 2749 1583 2784 Remoto
1614 2759 1702 2794 ergo
1732 2748 1836 2796 quod
1864 2748 1948 2794 AD,
1969 2747 2007 2783 in
2031 2760 2107 2795 quo
2138 2747 2271 2784 dicitur
2294 2748 2420 2796 primo

1365 2800 1524 2846 moveri,
1546 2800 1593 2836 sit
1615 2800 1860 2849 impartibile,
1891 2799 2109 2848 relinquitur
2134 2801 2238 2848 quod
2266 2813 2421 2851 necesse

1365 2852 1410 2889 sit
1428 2853 1518 2890 illud
1538 2865 1620 2889 esse
1641 2852 1840 2889 divisibile:
1872 2860 1908 2889 et
1936 2864 1980 2889 ex
2008 2865 2085 2900 quo
2113 2853 2151 2890 in
2170 2854 2240 2890 AD
2269 2854 2423 2902 ponitur

1363 2905 1488 2953 primo
1526 2905 1690 2952 moveri,
1720 2905 1888 2954 sequitur
1925 2905 2030 2954 quod
2066 2905 2104 2942 in
2136 2906 2320 2954 quolibet·
2342 2906 2422 2943 eius

1365 2965 1576 2995 moveatur.
1616 2958 1732 3004 Quod
1768 2958 1821 2994 sic
1856 2958 2004 3006 probat.
2034 2958 2235 2995 Dividatur
2271 2958 2372 2995 enim
2402 2961 2421 2980 Ἐ

1364 3010 1489 3059 ipsum
1517 3012 1588 3047 AD
1618 3010 1657 3047 in
1686 3010 1778 3047 duas
1811 3018 1954 3059 partes:
1985 3018 2049 3047 aut
2084 3011 2194 3059 igitur
2220 3011 2258 3047 in
2290 3019 2422 3049 neutra

1364 3071 1469 3112 parte
1489 3070 1664 3110 mutatur,
1685 3071 1749 3099 aut
1767 3063 1805 3100 in
1824 3063 2022 3111 ambabus,
2043 3071 2108 3100 aut
2125 3064 2164 3100 in
2183 3064 2298 3100 altera
2316 3072 2422 3112 parte

1364 3123 1522 3152 tantum.
1549 3115 1588 3152 Si
1615 3115 1654 3152 in
1681 3123 1813 3152 neutra
1832 3123 2008 3162 mutatur,
2034 3116 2203 3165 sequitur
2226 3117 2330 3164 quod
2357 3129 2421 3152 ne-

1366 3181 1439 3217 que
1467 3168 1506 3204 in
1534 3175 1634 3205 toto:
1655 3169 1723 3205 sed
1742 3168 1772 3205 si
1791 3175 1957 3205 mutetur
1974 3168 2014 3204 in
2032 3169 2218 3204 ambabus
2240 3168 2419 3216 partibus,

1365 3228 1455 3257 tunc
1481 3220 1618 3269 poterit
1638 3221 1729 3270 poni
1748 3221 1853 3269 quod
1872 3228 2038 3257 mutatur
2062 3221 2100 3256 in
2120 3228 2218 3256 toto:
2245 3219 2312 3256 sed
2333 3220 2364 3256 si
2382 3220 2422 3256 in

2551 2075 2565 2098 η

2447 2442 2540 2464 *Lecn
2549 2449 2571 2470 v,
2583 2449 2605 2464 n.
2616 2443 2640 2465 8.

2450 2968 2458 2976 ·
2474 2967 2533 2988 enim
2548 2972 2594 2988 om.
2609 2972 2647 2988 εο.

1365 3273 1481 3309 altera
1499 3280 1644 3310 tanturn
1665 3281 1876 3319 moveatur,
1898 3279 2075 3320 sequetur
2094 3272 2198 3319 quod
2218 3280 2420 3308 moveatur
2450 3310 2455 3314 ,

1365 3325 1403 3361 in
1422 3332 1518 3371 toto,
1542 3325 1609 3362 sed
1636 3338 1714 3362 non
1741 3325 1877 3373 primo,
1898 3325 1965 3360 sed
1993 3323 2136 3360 ratione
2163 3324 2290 3372 partis.
2321 3324 2421 3370 Quia

1363 3447 1457 3477 clusio,
1482 3455 1576 3480 nempe
1594 3448 1666 3480 quod
1683 3448 1799 3481 quiescat
1817 3448 1843 3472 in
1861 3449 1894 3473 A.
1909 3461 1928 3466 -
1946 3447 2012 3472 Infra
2031 3454 2078 3480 pro
2101 3447 2306 3478 advertendum,
2330 3452 2418 3474 atten-

1364 3481 1478 3507 dendum
1497 3482 1592 3507 habent
1610 3483 1665 3507 EG.

1416 3515 1439 3548 Θ)
1459 3517 1529 3549 quod
1547 3518 1575 3542 id
1594 3517 1718 3549 temporis
1737 3522 1783 3542 etc.
1801 3530 1820 3538 ·-·
1838 3517 1887 3541 Pro
1906 3517 1983 3549 quod,
2002 3517 2064 3549 quia
2083 3517 2137 3542 Pab
2157 3522 2182 3543 et
2200 3518 2274 3543 codd.
2298 3526 2351 3543 exc.
2377 3518 2420 3544 ΟΕ

1363 3551 1534 3577 FGHNVXZ.
1553 3565 1571 3570 -
1578 3552 1674 3583 primo
1694 3559 1747 3576 om.
1766 3552 1794 3576 P.
1812 3565 1830 3570 -
1848 3552 1898 3576 Pro
1918 3552 1943 3576 in
1964 3552 2118 3577 indivisibili
2135 3553 2260 3584 temporis
2278 3554 2419 3586 quiescere,

1365 3585 1390 3609 in
1411 3586 1535 3611 divisibili
1554 3590 1670 3618 tempore
1688 3586 1818 3619 quiescere
1836 3587 1871 3616 P‚·
1890 3587 1915 3611 in
1935 3587 2060 3612 divisibili
2077 3587 2172 3612 habent
2193 3588 2270 3613 etiarn
2288 3589 2419 3613 AIKLOR

1365 3620 1414 3650 ST,
1434 3625 1478 3645 aut
1496 3621 1585 3653 legunt
1603 3629 1661 3646 cum
1680 3621 1737 3646 ab:
1755 3606 1922 3652 indivisibili,
1942 3625 2059 3654 tempore
2076 3622 2171 3647 habent
2189 3623 2261 3649 th.
