<?xml version="1.0" encoding="UTF-8"?>
<!DOCTYPE html PUBLIC "-//W3C//DTD XHTML 1.0 Transitional//EN"
    "http://www.w3.org/TR/xhtml1/DTD/xhtml1-transitional.dtd">
<html xmlns="http://www.w3.org/1999/xhtml" xml:lang="en" lang="en">
 <head>
  <title>
</title>
<meta http-equiv="Content-Type" content="text/html;charset=utf-8" />
  <meta name='ocr-system' content='tesseract 3.04.00' />
  <meta name='ocr-capabilities' content='ocr_page ocr_carea ocr_par ocr_line ocrx_word'/>
</head>
<body>
  <div class='ocr_page' id='page_1' title='image "./operaomniaiussui02thom/operaomniaiussui02thom_0468.png"; bbox 0 0 2898 3996; ppageno 0'>
   <div class='ocr_carea' id='block_1_1' title="bbox 184 412 311 479">
    <p class='ocr_par' dir='ltr' id='par_1_1' title="bbox 184 412 311 479">
     <span class='ocr_line' id='line_1_1' title="bbox 185 412 311 453; baseline 0.016 -2"><span class='ocrx_word' id='word_1_1' title='bbox 185 412 193 441; x_wconf 33' lang='grc' dir='ltr'>Δ·</span> <span class='ocrx_word' id='word_1_2' title='bbox 210 431 245 452; x_wconf 83' lang='lat' dir='ltr'>Cf.</span> <span class='ocrx_word' id='word_1_3' title='bbox 261 431 311 453; x_wconf 83' lang='lat' dir='ltr'>lect.</span> 
     </span>
     <span class='ocr_line' id='line_1_2' title="bbox 184 463 242 479; baseline 0.017 -1"><span class='ocrx_word' id='word_1_4' title='bbox 184 463 207 478; x_wconf 93' lang='lat' dir='ltr'>n.</span> <span class='ocrx_word' id='word_1_5' title='bbox 222 463 242 479; x_wconf 86' lang='lat'>2.</span> 
     </span>
    </p>
   </div>
   <div class='ocr_carea' id='block_1_2' title="bbox 327 437 372 457">
    <p class='ocr_par' dir='ltr' id='par_1_2' title="bbox 327 437 372 457">
     <span class='ocr_line' id='line_1_3' title="bbox 327 437 372 457; baseline 0 -5"><span class='ocrx_word' id='word_1_6' title='bbox 327 437 372 457; x_wconf 76' lang='lat' dir='ltr'>xlv</span> 
     </span>
    </p>
   </div>
   <div class='ocr_carea' id='block_1_3' title="bbox 181 1225 393 1278">
    <p class='ocr_par' dir='ltr' id='par_1_3' title="bbox 181 1225 393 1278">
     <span class='ocr_line' id='line_1_4' title="bbox 184 1225 393 1246; baseline -0.01 0"><span class='ocrx_word' id='word_1_7' title='bbox 184 1227 192 1234; x_wconf 86' lang='grc'><em>·</em></span> <span class='ocrx_word' id='word_1_8' title='bbox 219 1225 278 1246; x_wconf 74' lang='grc' dir='ltr'><em>ιἠῐηι</em></span> <span class='ocrx_word' id='word_1_9' title='bbox 307 1229 393 1245; x_wconf 69' lang='grc' dir='ltr'>οι-Νοιιῑ</span> 
     </span>
     <span class='ocr_line' id='line_1_5' title="bbox 181 1257 222 1278; baseline 0.024 -6"><span class='ocrx_word' id='word_1_10' title='bbox 181 1257 222 1278; x_wconf 76' lang='lat' dir='ltr'>pn.</span> 
     </span>
    </p>
   </div>
   <div class='ocr_carea' id='block_1_4' title="bbox 182 1381 393 1408">
    <p class='ocr_par' dir='ltr' id='par_1_4' title="bbox 182 1381 393 1408">
     <span class='ocr_line' id='line_1_6' title="bbox 182 1381 393 1408; baseline -0.005 -5"><span class='ocrx_word' id='word_1_11' title='bbox 182 1383 191 1391; x_wconf 74' lang='lat'>⁸</span> <span class='ocrx_word' id='word_1_12' title='bbox 208 1381 270 1403; x_wconf 80' lang='lat' dir='ltr'>Lect.</span> <span class='ocrx_word' id='word_1_13' title='bbox 286 1388 323 1408; x_wconf 79' lang='lat' dir='ltr'>ix,</span> <span class='ocrx_word' id='word_1_14' title='bbox 339 1387 361 1402; x_wconf 87' lang='lat' dir='ltr'>n.</span> <span class='ocrx_word' id='word_1_15' title='bbox 378 1388 393 1403; x_wconf 86' lang='lat'>1.</span> 
     </span>
    </p>
   </div>
   <div class='ocr_carea' id='block_1_5' title="bbox 421 251 1487 1839">
    <p class='ocr_par' dir='ltr' id='par_1_5' title="bbox 423 251 499 286">
     <span class='ocr_line' id='line_1_7' title="bbox 423 251 499 286; baseline 0 -10"><span class='ocrx_word' id='word_1_16' title='bbox 423 251 499 286; x_wconf 85' lang='lat'>442</span> 
     </span>
    </p>

    <p class='ocr_par' dir='ltr' id='par_1_6' title="bbox 421 314 1487 1839">
     <span class='ocr_line' id='line_1_8' title="bbox 474 314 1486 364; baseline -0.003 -11"><span class='ocrx_word' id='word_1_17' title='bbox 474 329 510 364; x_wconf 87' lang='lat'>4.</span> <span class='ocrx_word' id='word_1_18' title='bbox 541 315 687 353; x_wconf 87' lang='lat' dir='ltr'>Deinde</span> <span class='ocrx_word' id='word_1_19' title='bbox 726 327 813 352; x_wconf 92' lang='lat' dir='ltr'>cum</span> <span class='ocrx_word' id='word_1_20' title='bbox 843 314 948 352; x_wconf 82' lang='lat' dir='ltr'>dicit:</span> <span class='ocrx_word' id='word_1_21' title='bbox 983 314 1093 356; x_wconf 79' lang='lat' dir='ltr'>Quod</span> <span class='ocrx_word' id='word_1_22' title='bbox 1130 319 1254 350; x_wconf 87' lang='lat' dir='ltr'>autem</span> <span class='ocrx_word' id='word_1_23' title='bbox 1282 314 1486 351; x_wconf 83' lang='lat' dir='ltr'>secundum</span> 
     </span>
     <span class='ocr_line' id='line_1_9' title="bbox 423 366 1485 415; baseline -0.002 -9"><span class='ocrx_word' id='word_1_24' title='bbox 423 370 544 406; x_wconf 84' lang='lat' dir='ltr'>locum</span> <span class='ocrx_word' id='word_1_25' title='bbox 574 368 727 405; x_wconf 85' lang='lat' dir='ltr'>mutatio</span> <span class='ocrx_word' id='word_1_26' title='bbox 756 375 841 414; x_wconf 89' lang='lat' dir='ltr'>etc.,</span> <span class='ocrx_word' id='word_1_27' title='bbox 873 367 1036 404; x_wconf 90' lang='lat' dir='ltr'>ostendit</span> <span class='ocrx_word' id='word_1_28' title='bbox 1062 379 1131 415; x_wconf 90' lang='lat' dir='ltr'>per</span> <span class='ocrx_word' id='word_1_29' title='bbox 1165 366 1365 415; x_wconf 89' lang='lat' dir='ltr'>opiniones</span> <span class='ocrx_word' id='word_1_30' title='bbox 1394 366 1485 404; x_wconf 90' lang='lat' dir='ltr'>anti-</span> 
     </span>
     <span class='ocr_line' id='line_1_10' title="bbox 423 419 1487 471; baseline -0.003 -13"><span class='ocrx_word' id='word_1_31' title='bbox 423 434 586 471; x_wconf 88' lang='lat' dir='ltr'>quorum</span> <span class='ocrx_word' id='word_1_32' title='bbox 614 421 974 469; x_wconf 71' lang='lat' dir='ltr'>philosophorum*</span> <span class='ocrx_word' id='word_1_33' title='bbox 979 419 1111 468; x_wconf 92' lang='lat' dir='ltr'>,quod</span> <span class='ocrx_word' id='word_1_34' title='bbox 1132 427 1258 455; x_wconf 92' lang='lat' dir='ltr'>motus</span> <span class='ocrx_word' id='word_1_35' title='bbox 1286 419 1414 456; x_wconf 91' lang='lat' dir='ltr'>localis</span> <span class='ocrx_word' id='word_1_36' title='bbox 1442 419 1487 456; x_wconf 91' lang='lat' dir='ltr'>sit</span> 
     </span>
     <span class='ocr_line' id='line_1_11' title="bbox 421 471 1486 523; baseline -0.003 -12"><span class='ocrx_word' id='word_1_37' title='bbox 421 475 565 523; x_wconf 88' lang='lat' dir='ltr'>primus</span> <span class='ocrx_word' id='word_1_38' title='bbox 585 481 771 510; x_wconf 89' lang='lat' dir='ltr'>motuum.</span> <span class='ocrx_word' id='word_1_39' title='bbox 802 473 851 509; x_wconf 88' lang='lat' dir='ltr'>Et</span> <span class='ocrx_word' id='word_1_40' title='bbox 870 472 957 509; x_wconf 88' lang='lat' dir='ltr'>dicit</span> <span class='ocrx_word' id='word_1_41' title='bbox 985 472 1090 520; x_wconf 90' lang='lat' dir='ltr'>quod</span> <span class='ocrx_word' id='word_1_42' title='bbox 1118 471 1206 508; x_wconf 89' lang='lat' dir='ltr'>huic</span> <span class='ocrx_word' id='word_1_43' title='bbox 1229 471 1376 508; x_wconf 88' lang='lat' dir='ltr'>veritati</span> <span class='ocrx_word' id='word_1_44' title='bbox 1395 479 1486 508; x_wconf 88' lang='lat' dir='ltr'>atte-</span> 
     </span>
     <span class='ocr_line' id='line_1_12' title="bbox 422 524 1487 583; baseline -0.004 -19"><span class='ocrx_word' id='word_1_45' title='bbox 422 535 564 565; x_wconf 89' lang='lat' dir='ltr'>stantur</span> <span class='ocrx_word' id='word_1_46' title='bbox 606 525 703 562; x_wconf 87' lang='lat' dir='ltr'>dicta</span> <span class='ocrx_word' id='word_1_47' title='bbox 745 525 917 562; x_wconf 91' lang='lat' dir='ltr'>omnium</span> <span class='ocrx_word' id='word_1_48' title='bbox 959 524 1276 573; x_wconf 87' lang='lat' dir='ltr'>philosophorum</span> <span class='ocrx_word' id='word_1_49' title='bbox 1301 524 1487 583; x_wconf 82' lang='lat' dir='ltr'>antiquo—</span> 
     </span>
     <span class='ocr_line' id='line_1_13' title="bbox 423 577 1485 627; baseline -0.003 -11"><span class='ocrx_word' id='word_1_50' title='bbox 423 592 506 616; x_wconf 86' lang='lat' dir='ltr'>rum</span> <span class='ocrx_word' id='word_1_51' title='bbox 510 579 595 627; x_wconf 90' lang='lat' dir='ltr'>,qui</span> <span class='ocrx_word' id='word_1_52' title='bbox 610 578 656 615; x_wconf 93' lang='lat' dir='ltr'>de</span> <span class='ocrx_word' id='word_1_53' title='bbox 672 585 780 615; x_wconf 92' lang='lat' dir='ltr'>motu</span> <span class='ocrx_word' id='word_1_54' title='bbox 798 578 967 614; x_wconf 86' lang='lat' dir='ltr'>fecerunt</span> <span class='ocrx_word' id='word_1_55' title='bbox 986 577 1226 622; x_wconf 86' lang='lat' dir='ltr'>memoriam,</span> <span class='ocrx_word' id='word_1_56' title='bbox 1247 577 1335 626; x_wconf 89' lang='lat' dir='ltr'>quia</span> <span class='ocrx_word' id='word_1_57' title='bbox 1349 577 1485 625; x_wconf 91' lang='lat' dir='ltr'>princi-</span> 
     </span>
     <span class='ocr_line' id='line_1_14' title="bbox 421 630 1486 682; baseline -0.003 -13"><span class='ocrx_word' id='word_1_58' title='bbox 421 633 490 682; x_wconf 87' lang='lat' dir='ltr'>piis</span> <span class='ocrx_word' id='word_1_59' title='bbox 510 631 714 669; x_wconf 90' lang='lat' dir='ltr'>attribuunt</span> <span class='ocrx_word' id='word_1_60' title='bbox 731 630 837 678; x_wconf 91' lang='lat' dir='ltr'>quod</span> <span class='ocrx_word' id='word_1_61' title='bbox 856 638 1037 667; x_wconf 90' lang='lat' dir='ltr'>moveant</span> <span class='ocrx_word' id='word_1_62' title='bbox 1054 637 1162 666; x_wconf 91' lang='lat' dir='ltr'>motu</span> <span class='ocrx_word' id='word_1_63' title='bbox 1182 630 1338 667; x_wconf 88' lang='lat' dir='ltr'>locali.-</span> <span class='ocrx_word' id='word_1_64' title='bbox 1351 631 1398 666; x_wconf 90' lang='lat' dir='ltr'>Et</span> <span class='ocrx_word' id='word_1_65' title='bbox 1411 630 1486 666; x_wconf 93' lang='lat' dir='ltr'>hoc</span> 
     </span>
     <span class='ocr_line' id='line_1_15' title="bbox 421 681 1484 741; baseline -0.004 -19"><span class='ocrx_word' id='word_1_66' title='bbox 421 685 545 734; x_wconf 91' lang='lat' dir='ltr'>primo</span> <span class='ocrx_word' id='word_1_67' title='bbox 575 683 736 721; x_wconf 86' lang='lat' dir='ltr'>ostendit</span> <span class='ocrx_word' id='word_1_68' title='bbox 771 695 840 731; x_wconf 91' lang='lat' dir='ltr'>per</span> <span class='ocrx_word' id='word_1_69' title='bbox 877 682 1098 731; x_wconf 87' lang='lat' dir='ltr'>opinionem</span> <span class='ocrx_word' id='word_1_70' title='bbox 1127 682 1389 741; x_wconf 80' lang='lat' dir='ltr'>Empedoclis,</span> <span class='ocrx_word' id='word_1_71' title='bbox 1420 681 1484 730; x_wconf 90' lang='lat' dir='ltr'>qui</span> 
     </span>
     <span class='ocr_line' id='line_1_16' title="bbox 421 735 1485 797; baseline -0.003 -23"><span class='ocrx_word' id='word_1_72' title='bbox 421 738 548 797; x_wconf 88' lang='lat' dir='ltr'>posuit</span> <span class='ocrx_word' id='word_1_73' title='bbox 575 736 778 773; x_wconf 85' lang='lat' dir='ltr'>amicitiam</span> <span class='ocrx_word' id='word_1_74' title='bbox 799 743 835 772; x_wconf 92' lang='lat' dir='ltr'>et</span> <span class='ocrx_word' id='word_1_75' title='bbox 858 735 959 772; x_wconf 88' lang='lat' dir='ltr'>litem</span> <span class='ocrx_word' id='word_1_76' title='bbox 980 736 1103 784; x_wconf 89' lang='lat' dir='ltr'>prima</span> <span class='ocrx_word' id='word_1_77' title='bbox 1121 735 1304 784; x_wconf 84' lang='lat' dir='ltr'>principia</span> <span class='ocrx_word' id='word_1_78' title='bbox 1324 747 1485 772; x_wconf 91' lang='lat' dir='ltr'>moven-</span> 
     </span>
     <span class='ocr_line' id='line_1_17' title="bbox 421 786 1482 848; baseline -0.004 -21"><span class='ocrx_word' id='word_1_79' title='bbox 421 792 491 836; x_wconf 87' lang='lat' dir='ltr'>tia;</span> <span class='ocrx_word' id='word_1_80' title='bbox 513 801 677 848; x_wconf 79' lang='lat' dir='ltr'>quorum</span> <span class='ocrx_word' id='word_1_81' title='bbox 697 787 859 825; x_wconf 88' lang='lat' dir='ltr'>amicitia</span> <span class='ocrx_word' id='word_1_82' title='bbox 875 795 1086 836; x_wconf 88' lang='lat' dir='ltr'>congregat,</span> <span class='ocrx_word' id='word_1_83' title='bbox 1108 788 1150 824; x_wconf 91' lang='lat' dir='ltr'>lis</span> <span class='ocrx_word' id='word_1_84' title='bbox 1169 799 1263 824; x_wconf 86' lang='lat' dir='ltr'>vero</span> <span class='ocrx_word' id='word_1_85' title='bbox 1281 786 1482 835; x_wconf 86' lang='lat' dir='ltr'>disgregat:</span> 
     </span>
     <span class='ocr_line' id='line_1_18' title="bbox 423 820 1482 890; baseline -0.004 -10"><span class='ocrx_word' id='word_1_86' title='bbox 423 820 660 890; x_wconf 83' lang='lat' dir='ltr'>corigregatio</span> <span class='ocrx_word' id='word_1_87' title='bbox 682 849 807 878; x_wconf 85' lang='lat' dir='ltr'>autern</span> <span class='ocrx_word' id='word_1_88' title='bbox 837 849 871 877; x_wconf 93' lang='lat' dir='ltr'>et</span> <span class='ocrx_word' id='word_1_89' title='bbox 891 840 1114 888; x_wconf 83' lang='lat' dir='ltr'>disgregatio</span> <span class='ocrx_word' id='word_1_90' title='bbox 1135 848 1220 876; x_wconf 90' lang='lat' dir='ltr'>sunt</span> <span class='ocrx_word' id='word_1_91' title='bbox 1238 848 1364 877; x_wconf 90' lang='lat' dir='ltr'>motus</span> <span class='ocrx_word' id='word_1_92' title='bbox 1384 841 1482 876; x_wconf 90' lang='lat' dir='ltr'>loca—</span> 
     </span>
     <span class='ocr_line' id='line_1_19' title="bbox 422 893 1482 942; baseline -0.003 -10"><span class='ocrx_word' id='word_1_93' title='bbox 422 898 486 933; x_wconf 88' lang='lat' dir='ltr'>les.</span> <span class='ocrx_word' id='word_1_94' title='bbox 499 917 512 922; x_wconf 94' lang='lat'>—</span> <span class='ocrx_word' id='word_1_95' title='bbox 526 894 701 932; x_wconf 88' lang='lat' dir='ltr'>Secundo</span> <span class='ocrx_word' id='word_1_96' title='bbox 718 893 878 931; x_wconf 89' lang='lat' dir='ltr'>ostendit</span> <span class='ocrx_word' id='word_1_97' title='bbox 892 893 995 930; x_wconf 91' lang='lat' dir='ltr'>idem</span> <span class='ocrx_word' id='word_1_98' title='bbox 1009 906 1078 942; x_wconf 91' lang='lat' dir='ltr'>per</span> <span class='ocrx_word' id='word_1_99' title='bbox 1093 893 1314 941; x_wconf 88' lang='lat' dir='ltr'>opinionem</span> <span class='ocrx_word' id='word_1_100' title='bbox 1333 894 1482 929; x_wconf 87' lang='lat' dir='ltr'>Anaxa-</span> 
     </span>
     <span class='ocr_line' id='line_1_20' title="bbox 422 946 1482 996; baseline -0.003 -11"><span class='ocrx_word' id='word_1_101' title='bbox 422 961 550 996; x_wconf 90' lang='lat' dir='ltr'>gorae,</span> <span class='ocrx_word' id='word_1_102' title='bbox 589 947 653 996; x_wconf 89' lang='lat' dir='ltr'>qui</span> <span class='ocrx_word' id='word_1_103' title='bbox 689 946 815 995; x_wconf 87' lang='lat' dir='ltr'>posuit</span> <span class='ocrx_word' id='word_1_104' title='bbox 850 946 1079 983; x_wconf 90' lang='lat' dir='ltr'>intellectum</span> <span class='ocrx_word' id='word_1_105' title='bbox 1120 946 1286 995; x_wconf 88' lang='lat' dir='ltr'>primam</span> <span class='ocrx_word' id='word_1_106' title='bbox 1327 957 1482 982; x_wconf 88' lang='lat' dir='ltr'>causam</span> 
     </span>
     <span class='ocr_line' id='line_1_21' title="bbox 421 998 1482 1048; baseline -0.003 -10"><span class='ocrx_word' id='word_1_107' title='bbox 421 1007 660 1045; x_wconf 79' lang='lat' dir='ltr'>moventem3</span> <span class='ocrx_word' id='word_1_108' title='bbox 691 999 794 1036; x_wconf 89' lang='lat' dir='ltr'>cuius</span> <span class='ocrx_word' id='word_1_109' title='bbox 814 1011 922 1048; x_wconf 91' lang='lat' dir='ltr'>opus,</span> <span class='ocrx_word' id='word_1_110' title='bbox 944 1000 1154 1036; x_wconf 91' lang='lat' dir='ltr'>secundum</span> <span class='ocrx_word' id='word_1_111' title='bbox 1174 999 1313 1047; x_wconf 88' lang='lat' dir='ltr'>ipsum,</span> <span class='ocrx_word' id='word_1_112' title='bbox 1334 1005 1390 1035; x_wconf 93' lang='lat' dir='ltr'>est</span> <span class='ocrx_word' id='word_1_113' title='bbox 1409 998 1482 1035; x_wconf 91' lang='lat' dir='ltr'>dis-</span> 
     </span>
     <span class='ocr_line' id='line_1_22' title="bbox 421 1048 1482 1102; baseline -0.003 -12"><span class='ocrx_word' id='word_1_114' title='bbox 421 1048 575 1102; x_wconf 77' lang='lat' dir='ltr'>gregare</span> <span class='ocrx_word' id='word_1_115' title='bbox 596 1052 811 1089; x_wconf 86' lang='lat' dir='ltr'>commixta.</span> <span class='ocrx_word' id='word_1_116' title='bbox 827 1073 851 1079; x_wconf 98' lang='lat'>-</span> <span class='ocrx_word' id='word_1_117' title='bbox 873 1052 1002 1090; x_wconf 90' lang='lat' dir='ltr'>Tertio</span> <span class='ocrx_word' id='word_1_118' title='bbox 1018 1051 1179 1088; x_wconf 90' lang='lat' dir='ltr'>ostendit</span> <span class='ocrx_word' id='word_1_119' title='bbox 1198 1051 1300 1088; x_wconf 91' lang='lat' dir='ltr'>idem</span> <span class='ocrx_word' id='word_1_120' title='bbox 1314 1063 1384 1100; x_wconf 93' lang='lat' dir='ltr'>per</span> <span class='ocrx_word' id='word_1_121' title='bbox 1403 1051 1482 1099; x_wconf 92' lang='lat' dir='ltr'>opi-</span> 
     </span>
     <span class='ocr_line' id='line_1_23' title="bbox 422 1104 1479 1154; baseline -0.003 -11"><span class='ocrx_word' id='word_1_122' title='bbox 422 1107 578 1143; x_wconf 90' lang='lat' dir='ltr'>nionem</span> <span class='ocrx_word' id='word_1_123' title='bbox 606 1104 830 1151; x_wconf 82' lang='lat' dir='ltr'>Democriti,</span> <span class='ocrx_word' id='word_1_124' title='bbox 861 1104 924 1153; x_wconf 92' lang='lat' dir='ltr'>qui</span> <span class='ocrx_word' id='word_1_125' title='bbox 953 1117 1031 1141; x_wconf 91' lang='lat' dir='ltr'>non</span> <span class='ocrx_word' id='word_1_126' title='bbox 1058 1104 1186 1154; x_wconf 89' lang='lat' dir='ltr'>posuit</span> <span class='ocrx_word' id='word_1_127' title='bbox 1214 1116 1368 1140; x_wconf 89' lang='lat' dir='ltr'>causam</span> <span class='ocrx_word' id='word_1_128' title='bbox 1397 1116 1479 1140; x_wconf 92' lang='lat' dir='ltr'>mo-</span> 
     </span>
     <span class='ocr_line' id='line_1_24' title="bbox 421 1157 1483 1206; baseline -0.004 -10"><span class='ocrx_word' id='word_1_129' title='bbox 421 1167 588 1205; x_wconf 88' lang='lat' dir='ltr'>ventem,</span> <span class='ocrx_word' id='word_1_130' title='bbox 610 1158 677 1195; x_wconf 89' lang='lat' dir='ltr'>sed</span> <span class='ocrx_word' id='word_1_131' title='bbox 706 1157 795 1194; x_wconf 88' lang='lat' dir='ltr'>dixit</span> <span class='ocrx_word' id='word_1_132' title='bbox 822 1157 926 1206; x_wconf 92' lang='lat' dir='ltr'>quod</span> <span class='ocrx_word' id='word_1_133' title='bbox 947 1157 1076 1194; x_wconf 91' lang='lat' dir='ltr'>omnia</span> <span class='ocrx_word' id='word_1_134' title='bbox 1104 1164 1309 1194; x_wconf 90' lang='lat' dir='ltr'>moventur</span> <span class='ocrx_word' id='word_1_135' title='bbox 1327 1164 1483 1205; x_wconf 89' lang='lat' dir='ltr'>propter</span> 
     </span>
     <span class='ocr_line' id='line_1_25' title="bbox 423 1209 1481 1258; baseline -0.003 -10"><span class='ocrx_word' id='word_1_136' title='bbox 423 1214 595 1249; x_wconf 87' lang='lat' dir='ltr'>naturam</span> <span class='ocrx_word' id='word_1_137' title='bbox 614 1210 737 1248; x_wconf 86' lang='lat' dir='ltr'>vacui.</span> <span class='ocrx_word' id='word_1_138' title='bbox 759 1211 888 1247; x_wconf 92' lang='lat' dir='ltr'>Motus</span> <span class='ocrx_word' id='word_1_139' title='bbox 908 1217 1035 1246; x_wconf 89' lang='lat' dir='ltr'>autem</span> <span class='ocrx_word' id='word_1_140' title='bbox 1052 1212 1070 1229; x_wconf 61' lang='lat'>⁹⁶</span> <span class='ocrx_word' id='word_1_141' title='bbox 1087 1209 1149 1258; x_wconf 91' lang='lat' dir='ltr'>qui</span> <span class='ocrx_word' id='word_1_142' title='bbox 1170 1217 1225 1246; x_wconf 89' lang='lat' dir='ltr'>est</span> <span class='ocrx_word' id='word_1_143' title='bbox 1243 1217 1398 1258; x_wconf 86' lang='lat' dir='ltr'>propter</span> <span class='ocrx_word' id='word_1_144' title='bbox 1415 1221 1481 1245; x_wconf 88' lang='lat' dir='ltr'>va-</span> 
     </span>
     <span class='ocr_line' id='line_1_26' title="bbox 424 1261 1480 1311; baseline -0.004 -9"><span class='ocrx_word' id='word_1_145' title='bbox 424 1277 548 1311; x_wconf 91' lang='lat' dir='ltr'>cuum,</span> <span class='ocrx_word' id='word_1_146' title='bbox 571 1271 625 1300; x_wconf 92' lang='lat' dir='ltr'>est</span> <span class='ocrx_word' id='word_1_147' title='bbox 643 1263 714 1300; x_wconf 90' lang='lat' dir='ltr'>loci</span> <span class='ocrx_word' id='word_1_148' title='bbox 743 1263 913 1310; x_wconf 85' lang='lat' dir='ltr'>mutatio,</span> <span class='ocrx_word' id='word_1_149' title='bbox 933 1263 995 1300; x_wconf 91' lang='lat' dir='ltr'>vel</span> <span class='ocrx_word' id='word_1_150' title='bbox 1015 1262 1144 1299; x_wconf 89' lang='lat' dir='ltr'>similis</span> <span class='ocrx_word' id='word_1_151' title='bbox 1170 1262 1241 1298; x_wconf 90' lang='lat' dir='ltr'>loci</span> <span class='ocrx_word' id='word_1_152' title='bbox 1266 1261 1480 1298; x_wconf 87' lang='lat' dir='ltr'>mutationi:</span> 
     </span>
     <span class='ocr_line' id='line_1_27' title="bbox 423 1314 1477 1366; baseline -0.004 -12"><span class='ocrx_word' id='word_1_153' title='bbox 423 1318 510 1366; x_wconf 85' lang='lat' dir='ltr'>quia</span> <span class='ocrx_word' id='word_1_154' title='bbox 537 1328 704 1354; x_wconf 86' lang='lat' dir='ltr'>vacuum</span> <span class='ocrx_word' id='word_1_155' title='bbox 735 1322 770 1352; x_wconf 91' lang='lat' dir='ltr'>et</span> <span class='ocrx_word' id='word_1_156' title='bbox 797 1316 902 1352; x_wconf 94' lang='lat' dir='ltr'>locus</span> <span class='ocrx_word' id='word_1_157' title='bbox 921 1327 1000 1352; x_wconf 94' lang='lat' dir='ltr'>non</span> <span class='ocrx_word' id='word_1_158' title='bbox 1029 1315 1205 1352; x_wconf 87' lang='lat' dir='ltr'>differunt</span> <span class='ocrx_word' id='word_1_159' title='bbox 1224 1314 1293 1351; x_wconf 87' lang='lat' dir='ltr'>nisi</span> <span class='ocrx_word' id='word_1_160' title='bbox 1322 1314 1477 1361; x_wconf 88' lang='lat' dir='ltr'>ratione,</span> 
     </span>
     <span class='ocr_line' id='line_1_28' title="bbox 421 1367 1482 1418; baseline -0.004 -11"><span class='ocrx_word' id='word_1_161' title='bbox 421 1379 462 1407; x_wconf 90' lang='lat' dir='ltr'>ut</span> <span class='ocrx_word' id='word_1_162' title='bbox 490 1370 528 1407; x_wconf 90' lang='lat' dir='ltr'>in</span> <span class='ocrx_word' id='word_1_163' title='bbox 555 1377 687 1418; x_wconf 90' lang='lat' dir='ltr'>quarto</span> <span class='ocrx_word' id='word_1_164' title='bbox 718 1369 738 1389; x_wconf 66' lang='lat'>&#39;³⁴²</span> <span class='ocrx_word' id='word_1_165' title='bbox 767 1367 908 1405; x_wconf 91' lang='lat' dir='ltr'>dictum</span> <span class='ocrx_word' id='word_1_166' title='bbox 938 1376 1002 1404; x_wconf 91' lang='lat' dir='ltr'>est.</span> <span class='ocrx_word' id='word_1_167' title='bbox 1038 1369 1086 1404; x_wconf 85' lang='lat' dir='ltr'>Et</span> <span class='ocrx_word' id='word_1_168' title='bbox 1124 1367 1175 1404; x_wconf 88' lang='lat' dir='ltr'>sic</span> <span class='ocrx_word' id='word_1_169' title='bbox 1205 1367 1296 1404; x_wconf 90' lang='lat' dir='ltr'>dum</span> <span class='ocrx_word' id='word_1_170' title='bbox 1334 1374 1482 1416; x_wconf 91' lang='lat' dir='ltr'>ponunt</span> 
     </span>
     <span class='ocr_line' id='line_1_29' title="bbox 423 1421 1480 1471; baseline -0.006 -10"><span class='ocrx_word' id='word_1_171' title='bbox 423 1436 481 1461; x_wconf 91' lang='lat' dir='ltr'>res</span> <span class='ocrx_word' id='word_1_172' title='bbox 511 1423 633 1471; x_wconf 91' lang='lat' dir='ltr'>primo</span> <span class='ocrx_word' id='word_1_173' title='bbox 663 1421 811 1458; x_wconf 91' lang='lat' dir='ltr'>moveri</span> <span class='ocrx_word' id='word_1_174' title='bbox 839 1429 993 1470; x_wconf 91' lang='lat' dir='ltr'>propter</span> <span class='ocrx_word' id='word_1_175' title='bbox 1019 1432 1198 1465; x_wconf 90' lang='lat' dir='ltr'>vacuum,</span> <span class='ocrx_word' id='word_1_176' title='bbox 1224 1428 1372 1468; x_wconf 91' lang='lat' dir='ltr'>ponunt</span> <span class='ocrx_word' id='word_1_177' title='bbox 1398 1431 1480 1456; x_wconf 92' lang='lat' dir='ltr'>mo-</span> 
     </span>
     <span class='ocr_line' id='line_1_30' title="bbox 421 1471 1481 1521; baseline -0.005 -8"><span class='ocrx_word' id='word_1_178' title='bbox 421 1485 501 1513; x_wconf 90' lang='lat' dir='ltr'>tum</span> <span class='ocrx_word' id='word_1_179' title='bbox 532 1476 690 1512; x_wconf 87' lang='lat' dir='ltr'>localem</span> <span class='ocrx_word' id='word_1_180' title='bbox 719 1474 934 1510; x_wconf 86' lang='lat' dir='ltr'>naturaliter</span> <span class='ocrx_word' id='word_1_181' title='bbox 952 1473 1131 1521; x_wconf 88' lang='lat' dir='ltr'>primum,</span> <span class='ocrx_word' id='word_1_182' title='bbox 1153 1479 1188 1508; x_wconf 91' lang='lat' dir='ltr'>et</span> <span class='ocrx_word' id='word_1_183' title='bbox 1216 1473 1362 1509; x_wconf 91' lang='lat' dir='ltr'>nullum</span> <span class='ocrx_word' id='word_1_184' title='bbox 1392 1471 1481 1508; x_wconf 88' lang='lat' dir='ltr'>alio-</span> 
     </span>
     <span class='ocr_line' id='line_1_31' title="bbox 423 1525 1481 1584; baseline -0.005 -18"><span class='ocrx_word' id='word_1_185' title='bbox 423 1541 507 1566; x_wconf 91' lang='lat' dir='ltr'>rum</span> <span class='ocrx_word' id='word_1_186' title='bbox 537 1535 731 1564; x_wconf 90' lang='lat' dir='ltr'>motuum:</span> <span class='ocrx_word' id='word_1_187' title='bbox 753 1526 819 1563; x_wconf 88' lang='lat' dir='ltr'>sed</span> <span class='ocrx_word' id='word_1_188' title='bbox 848 1526 940 1562; x_wconf 88' lang='lat' dir='ltr'>alios</span> <span class='ocrx_word' id='word_1_189' title='bbox 969 1533 1094 1562; x_wconf 88' lang='lat' dir='ltr'>motus</span> <span class='ocrx_word' id='word_1_190' title='bbox 1120 1525 1322 1584; x_wconf 81' lang='lat' dir='ltr'>opinantur</span> <span class='ocrx_word' id='word_1_191' title='bbox 1350 1537 1481 1561; x_wconf 92' lang='lat' dir='ltr'>conse-</span> 
     </span>
     <span class='ocr_line' id='line_1_32' title="bbox 422 1574 1480 1630; baseline -0.004 -12"><span class='ocrx_word' id='word_1_192' title='bbox 422 1581 486 1630; x_wconf 91' lang='lat' dir='ltr'>qui</span> <span class='ocrx_word' id='word_1_193' title='bbox 515 1581 562 1617; x_wconf 90' lang='lat' dir='ltr'>ad</span> <span class='ocrx_word' id='word_1_194' title='bbox 591 1587 740 1617; x_wconf 90' lang='lat' dir='ltr'>motum</span> <span class='ocrx_word' id='word_1_195' title='bbox 777 1579 949 1615; x_wconf 87' lang='lat' dir='ltr'>localem.</span> <span class='ocrx_word' id='word_1_196' title='bbox 980 1574 1119 1615; x_wconf 91' lang='lat' dir='ltr'>Dicunt</span> <span class='ocrx_word' id='word_1_197' title='bbox 1149 1577 1249 1614; x_wconf 90' lang='lat' dir='ltr'>enim</span> <span class='ocrx_word' id='word_1_198' title='bbox 1279 1585 1480 1626; x_wconf 91' lang='lat' dir='ltr'>sequentes</span> 
     </span>
     <span class='ocr_line' id='line_1_33' title="bbox 422 1630 1480 1691; baseline -0.004 -21"><span class='ocrx_word' id='word_1_199' title='bbox 422 1633 704 1685; x_wconf 83' lang='lat' dir='ltr'>Democritum,</span> <span class='ocrx_word' id='word_1_200' title='bbox 735 1631 839 1691; x_wconf 85' lang='lat' dir='ltr'>quod</span> <span class='ocrx_word' id='word_1_201' title='bbox 877 1630 1109 1679; x_wconf 85' lang='lat' dir='ltr'>augmentari</span> <span class='ocrx_word' id='word_1_202' title='bbox 1146 1638 1180 1667; x_wconf 91' lang='lat' dir='ltr'>et</span> <span class='ocrx_word' id='word_1_203' title='bbox 1214 1630 1407 1679; x_wconf 89' lang='lat' dir='ltr'>corrumpi</span> <span class='ocrx_word' id='word_1_204' title='bbox 1445 1638 1480 1666; x_wconf 93' lang='lat' dir='ltr'>et</span> 
     </span>
     <span class='ocr_line' id='line_1_34' title="bbox 422 1681 1482 1733; baseline -0.005 -9"><span class='ocrx_word' id='word_1_205' title='bbox 422 1685 567 1724; x_wconf 87' lang='lat' dir='ltr'>alterari</span> <span class='ocrx_word' id='word_1_206' title='bbox 593 1681 770 1731; x_wconf 89' lang='lat' dir='ltr'>contingit</span> <span class='ocrx_word' id='word_1_207' title='bbox 787 1696 855 1733; x_wconf 89' lang='lat' dir='ltr'>per</span> <span class='ocrx_word' id='word_1_208' title='bbox 878 1684 1068 1733; x_wconf 88' lang='lat' dir='ltr'>quandam</span> <span class='ocrx_word' id='word_1_209' title='bbox 1096 1682 1426 1731; x_wconf 87' lang='lat' dir='ltr'>congregationem</span> <span class='ocrx_word' id='word_1_210' title='bbox 1447 1691 1482 1719; x_wconf 89' lang='lat' dir='ltr'>et</span> 
     </span>
     <span class='ocr_line' id='line_1_35' title="bbox 423 1736 1480 1795; baseline -0.004 -20"><span class='ocrx_word' id='word_1_211' title='bbox 423 1737 735 1787; x_wconf 85' lang='lat' dir='ltr'>disgregationem</span> <span class='ocrx_word' id='word_1_212' title='bbox 757 1737 1041 1774; x_wconf 89' lang='lat' dir='ltr'>indivisibilium</span> <span class='ocrx_word' id='word_1_213' title='bbox 1063 1748 1320 1795; x_wconf 88' lang='lat' dir='ltr'>corporum.-</span> <span class='ocrx_word' id='word_1_214' title='bbox 1296 1736 1480 1782; x_wconf 89' lang='lat' dir='ltr'>-Quarto</span> 
     </span>
     <span class='ocr_line' id='line_1_36' title="bbox 423 1789 1480 1839; baseline -0.005 -10"><span class='ocrx_word' id='word_1_215' title='bbox 423 1792 585 1829; x_wconf 89' lang='lat' dir='ltr'>ostendit</span> <span class='ocrx_word' id='word_1_216' title='bbox 612 1791 712 1828; x_wconf 91' lang='lat' dir='ltr'>idem</span> <span class='ocrx_word' id='word_1_217' title='bbox 741 1803 810 1839; x_wconf 92' lang='lat' dir='ltr'>per</span> <span class='ocrx_word' id='word_1_218' title='bbox 838 1789 1036 1838; x_wconf 91' lang='lat' dir='ltr'>opiniones</span> <span class='ocrx_word' id='word_1_219' title='bbox 1060 1789 1304 1838; x_wconf 91' lang='lat' dir='ltr'>antiquorum</span> <span class='ocrx_word' id='word_1_220' title='bbox 1333 1795 1480 1825; x_wconf 89' lang='lat' dir='ltr'>natura-</span> 
     </span>
    </p>
   </div>
   <div class='ocr_carea' id='block_1_6' title="bbox 1032 235 1992 273">
    <p class='ocr_par' dir='ltr' id='par_1_7' title="bbox 1032 235 1992 273">
     <span class='ocr_line' id='line_1_37' title="bbox 1032 235 1992 273; baseline 0.001 -1"><span class='ocrx_word' id='word_1_221' title='bbox 1032 235 1376 272; x_wconf 90' lang='lat' dir='ltr'>PHYSICORUM</span> <span class='ocrx_word' id='word_1_222' title='bbox 1403 236 1751 272; x_wconf 91' lang='lat' dir='ltr'>ARISTOTELIS</span> <span class='ocrx_word' id='word_1_223' title='bbox 1781 236 1874 272; x_wconf 92' lang='lat' dir='ltr'>LIB.</span> <span class='ocrx_word' id='word_1_224' title='bbox 1905 236 1992 273; x_wconf 90' lang='lat' dir='ltr'>VIII</span> 
     </span>
    </p>
   </div>
   <div class='ocr_carea' id='block_1_7' title="bbox 1540 314 2606 786">
    <p class='ocr_par' dir='ltr' id='par_1_8' title="bbox 1540 314 2606 786">
     <span class='ocr_line' id='line_1_38' title="bbox 1543 314 2606 363; baseline 0.005 -13"><span class='ocrx_word' id='word_1_225' title='bbox 1543 314 1647 362; x_wconf 89' lang='lat' dir='ltr'>lium,</span> <span class='ocrx_word' id='word_1_226' title='bbox 1665 314 1730 362; x_wconf 88' lang='lat' dir='ltr'>qui</span> <span class='ocrx_word' id='word_1_227' title='bbox 1747 315 1942 363; x_wconf 89' lang='lat' dir='ltr'>ponebant</span> <span class='ocrx_word' id='word_1_228' title='bbox 1960 327 2077 352; x_wconf 88' lang='lat' dir='ltr'>unam</span> <span class='ocrx_word' id='word_1_229' title='bbox 2099 326 2253 352; x_wconf 90' lang='lat' dir='ltr'>causam</span> <span class='ocrx_word' id='word_1_230' title='bbox 2272 316 2505 354; x_wconf 88' lang='lat' dir='ltr'>materialem</span> <span class='ocrx_word' id='word_1_231' title='bbox 2525 325 2606 355; x_wconf 87' lang='lat' dir='ltr'>tan-</span> 
     </span>
     <span class='ocr_line' id='line_1_39' title="bbox 1543 367 2605 419; baseline 0.005 -16"><span class='ocrx_word' id='word_1_232' title='bbox 1543 374 1635 413; x_wconf 91' lang='lat' dir='ltr'>turn,</span> <span class='ocrx_word' id='word_1_233' title='bbox 1656 367 1719 404; x_wconf 90' lang='lat' dir='ltr'>vel</span> <span class='ocrx_word' id='word_1_234' title='bbox 1747 379 1888 415; x_wconf 86' lang='lat' dir='ltr'>aquam</span> <span class='ocrx_word' id='word_1_235' title='bbox 1907 368 1969 404; x_wconf 91' lang='lat' dir='ltr'>vel</span> <span class='ocrx_word' id='word_1_236' title='bbox 1988 379 2118 404; x_wconf 89' lang='lat' dir='ltr'>aerem</span> <span class='ocrx_word' id='word_1_237' title='bbox 2140 368 2202 406; x_wconf 88' lang='lat' dir='ltr'>vel</span> <span class='ocrx_word' id='word_1_238' title='bbox 2222 367 2360 416; x_wconf 86' lang='lat' dir='ltr'>ignem,</span> <span class='ocrx_word' id='word_1_239' title='bbox 2381 370 2443 406; x_wconf 90' lang='lat' dir='ltr'>vel</span> <span class='ocrx_word' id='word_1_240' title='bbox 2463 369 2605 419; x_wconf 89' lang='lat' dir='ltr'>aliquid</span> 
     </span>
     <span class='ocr_line' id='line_1_40' title="bbox 1543 419 2603 472; baseline 0.004 -16"><span class='ocrx_word' id='word_1_241' title='bbox 1543 419 1726 456; x_wconf 90' lang='lat' dir='ltr'>medium.</span> <span class='ocrx_word' id='word_1_242' title='bbox 1757 421 1814 456; x_wconf 89' lang='lat' dir='ltr'>Ex</span> <span class='ocrx_word' id='word_1_243' title='bbox 1851 420 1914 456; x_wconf 92' lang='lat' dir='ltr'>illo</span> <span class='ocrx_word' id='word_1_244' title='bbox 1945 420 2046 456; x_wconf 90' lang='lat' dir='ltr'>enim</span> <span class='ocrx_word' id='word_1_245' title='bbox 2082 432 2172 471; x_wconf 85' lang='lat' dir='ltr'>uno¹</span> <span class='ocrx_word' id='word_1_246' title='bbox 2199 421 2383 458; x_wconf 87' lang='lat' dir='ltr'>materiali</span> <span class='ocrx_word' id='word_1_247' title='bbox 2419 422 2603 472; x_wconf 89' lang='lat' dir='ltr'>principio</span> 
     </span>
     <span class='ocr_line' id='line_1_41' title="bbox 1544 472 2604 522; baseline 0.005 -14"><span class='ocrx_word' id='word_1_248' title='bbox 1544 472 1773 509; x_wconf 86' lang='lat' dir='ltr'>constituunt</span> <span class='ocrx_word' id='word_1_249' title='bbox 1799 473 2082 520; x_wconf 88' lang='lat' dir='ltr'>generationem</span> <span class='ocrx_word' id='word_1_250' title='bbox 2103 480 2140 509; x_wconf 93' lang='lat' dir='ltr'>et</span> <span class='ocrx_word' id='word_1_251' title='bbox 2168 473 2448 522; x_wconf 87' lang='lat' dir='ltr'>corruptionem</span> <span class='ocrx_word' id='word_1_252' title='bbox 2476 486 2604 513; x_wconf 86' lang='lat' dir='ltr'>rerum</span> 
     </span>
     <span class='ocr_line' id='line_1_42' title="bbox 1541 524 2605 576; baseline 0.004 -15"><span class='ocrx_word' id='word_1_253' title='bbox 1541 537 1610 574; x_wconf 93' lang='lat' dir='ltr'>per</span> <span class='ocrx_word' id='word_1_254' title='bbox 1639 524 1974 565; x_wconf 86' lang='lat' dir='ltr'>condensationem</span> <span class='ocrx_word' id='word_1_255' title='bbox 2003 534 2039 562; x_wconf 91' lang='lat' dir='ltr'>et</span> <span class='ocrx_word' id='word_1_256' title='bbox 2074 526 2386 572; x_wconf 88' lang='lat' dir='ltr'>rarefactionem;</span> <span class='ocrx_word' id='word_1_257' title='bbox 2406 539 2504 575; x_wconf 88' lang='lat' dir='ltr'>quae</span> <span class='ocrx_word' id='word_1_258' title='bbox 2537 539 2605 576; x_wconf 87' lang='lat' dir='ltr'>per</span> 
     </span>
     <span class='ocr_line' id='line_1_43' title="bbox 1542 578 2604 626; baseline 0.004 -13"><span class='ocrx_word' id='word_1_259' title='bbox 1542 578 1734 626; x_wconf 87' lang='lat' dir='ltr'>quandam</span> <span class='ocrx_word' id='word_1_260' title='bbox 1756 578 2087 626; x_wconf 88' lang='lat' dir='ltr'>congregationem</span> <span class='ocrx_word' id='word_1_261' title='bbox 2109 586 2144 614; x_wconf 90' lang='lat' dir='ltr'>et</span> <span class='ocrx_word' id='word_1_262' title='bbox 2163 578 2479 626; x_wconf 87' lang='lat' dir='ltr'>disgregationem</span> <span class='ocrx_word' id='word_1_263' title='bbox 2500 591 2604 618; x_wconf 87' lang='lat' dir='ltr'>com-</span> 
     </span>
     <span class='ocr_line' id='line_1_44' title="bbox 1540 630 2603 680; baseline 0.003 -14"><span class='ocrx_word' id='word_1_264' title='bbox 1540 630 1700 678; x_wconf 86' lang='lat' dir='ltr'>plentur.</span> <span class='ocrx_word' id='word_1_265' title='bbox 1729 651 1753 658; x_wconf 98' lang='lat'>-</span> <span class='ocrx_word' id='word_1_266' title='bbox 1785 631 1927 678; x_wconf 92' lang='lat' dir='ltr'>Quinto</span> <span class='ocrx_word' id='word_1_267' title='bbox 1957 630 2120 668; x_wconf 91' lang='lat' dir='ltr'>ostendit</span> <span class='ocrx_word' id='word_1_268' title='bbox 2147 630 2250 668; x_wconf 92' lang='lat' dir='ltr'>idem</span> <span class='ocrx_word' id='word_1_269' title='bbox 2278 643 2348 680; x_wconf 91' lang='lat' dir='ltr'>per</span> <span class='ocrx_word' id='word_1_270' title='bbox 2381 631 2603 680; x_wconf 86' lang='lat' dir='ltr'>opinionem</span> 
     </span>
     <span class='ocr_line' id='line_1_45' title="bbox 1541 682 2604 733; baseline 0.003 -14"><span class='ocrx_word' id='word_1_271' title='bbox 1541 682 1718 730; x_wconf 89' lang='lat' dir='ltr'>Platonis,</span> <span class='ocrx_word' id='word_1_272' title='bbox 1739 683 1803 731; x_wconf 92' lang='lat' dir='ltr'>qui</span> <span class='ocrx_word' id='word_1_273' title='bbox 1822 683 1949 732; x_wconf 89' lang='lat' dir='ltr'>posuit</span> <span class='ocrx_word' id='word_1_274' title='bbox 1973 683 2141 720; x_wconf 91' lang='lat' dir='ltr'>animam</span> <span class='ocrx_word' id='word_1_275' title='bbox 2166 695 2247 720; x_wconf 89' lang='lat' dir='ltr'>esse</span> <span class='ocrx_word' id='word_1_276' title='bbox 2266 683 2430 733; x_wconf 86' lang='lat' dir='ltr'>primam</span> <span class='ocrx_word' id='word_1_277' title='bbox 2450 696 2604 722; x_wconf 88' lang='lat' dir='ltr'>causam</span> 
     </span>
     <span class='ocr_line' id='line_1_46' title="bbox 1541 735 2601 786; baseline 0.003 -15"><span class='ocrx_word' id='word_1_278' title='bbox 1541 742 1678 772; x_wconf 90' lang='lat' dir='ltr'>motus.</span> <span class='ocrx_word' id='word_1_279' title='bbox 1699 735 1831 772; x_wconf 91' lang='lat' dir='ltr'>Posuit</span> <span class='ocrx_word' id='word_1_280' title='bbox 1859 736 1960 777; x_wconf 88' lang='lat' dir='ltr'>enim</span> <span class='ocrx_word' id='word_1_281' title='bbox 1986 737 2092 773; x_wconf 86' lang='lat' dir='ltr'>Plato</span> <span class='ocrx_word' id='word_1_282' title='bbox 2113 736 2217 785; x_wconf 90' lang='lat' dir='ltr'>quod</span> <span class='ocrx_word' id='word_1_283' title='bbox 2237 749 2400 774; x_wconf 90' lang='lat' dir='ltr'>movens</span> <span class='ocrx_word' id='word_1_284' title='bbox 2421 737 2601 786; x_wconf 87' lang='lat' dir='ltr'>seipsum,</span> 
     </span>
    </p>
   </div>
   <div class='ocr_carea' id='block_1_8' title="bbox 1540 787 2610 838">
    <p class='ocr_par' dir='ltr' id='par_1_9' title="bbox 1540 787 2610 838">
     <span class='ocr_line' id='line_1_47' title="bbox 1540 787 2610 838; baseline 0.004 -15"><span class='ocrx_word' id='word_1_285' title='bbox 1540 787 1646 835; x_wconf 90' lang='lat' dir='ltr'>quod</span> <span class='ocrx_word' id='word_1_286' title='bbox 1675 795 1729 824; x_wconf 88' lang='lat' dir='ltr'>est</span> <span class='ocrx_word' id='word_1_287' title='bbox 1757 788 1895 836; x_wconf 85' lang='lat' dir='ltr'>anima,</span> <span class='ocrx_word' id='word_1_288' title='bbox 1926 797 1981 825; x_wconf 89' lang='lat' dir='ltr'>est</span> <span class='ocrx_word' id='word_1_289' title='bbox 2007 789 2235 838; x_wconf 90' lang='lat' dir='ltr'>principium</span> <span class='ocrx_word' id='word_1_290' title='bbox 2263 789 2437 826; x_wconf 90' lang='lat' dir='ltr'>omnium</span> <span class='ocrx_word' id='word_1_291' title='bbox 2467 796 2610 827; x_wconf 53' lang='lat' dir='ltr'>eorum*</span> 
     </span>
    </p>
   </div>
   <div class='ocr_carea' id='block_1_9' title="bbox 1536 842 2604 1415">
    <p class='ocr_par' dir='ltr' id='par_1_10' title="bbox 1536 842 2604 1415">
     <span class='ocr_line' id='line_1_48' title="bbox 1540 842 2604 891; baseline 0.004 -15"><span class='ocrx_word' id='word_1_292' title='bbox 1540 852 1638 888; x_wconf 88' lang='lat' dir='ltr'>quae</span> <span class='ocrx_word' id='word_1_293' title='bbox 1667 849 1881 878; x_wconf 90' lang='lat' dir='ltr'>moventur.</span> <span class='ocrx_word' id='word_1_294' title='bbox 1917 842 2078 878; x_wconf 89' lang='lat' dir='ltr'>Movere</span> <span class='ocrx_word' id='word_1_295' title='bbox 2106 850 2233 879; x_wconf 89' lang='lat' dir='ltr'>autem</span> <span class='ocrx_word' id='word_1_296' title='bbox 2263 842 2430 891; x_wconf 92' lang='lat' dir='ltr'>seipsum</span> <span class='ocrx_word' id='word_1_297' title='bbox 2461 855 2604 880; x_wconf 87' lang='lat' dir='ltr'>conve-</span> 
     </span>
     <span class='ocr_line' id='line_1_49' title="bbox 1539 892 2603 944; baseline 0.003 -15"><span class='ocrx_word' id='word_1_298' title='bbox 1539 892 1592 929; x_wconf 91' lang='lat' dir='ltr'>nit</span> <span class='ocrx_word' id='word_1_299' title='bbox 1620 893 1771 930; x_wconf 89' lang='lat' dir='ltr'>animali</span> <span class='ocrx_word' id='word_1_300' title='bbox 1800 901 1836 930; x_wconf 90' lang='lat' dir='ltr'>et</span> <span class='ocrx_word' id='word_1_301' title='bbox 1864 893 1968 931; x_wconf 90' lang='lat' dir='ltr'>omni</span> <span class='ocrx_word' id='word_1_302' title='bbox 1988 894 2168 942; x_wconf 89' lang='lat' dir='ltr'>animato,</span> <span class='ocrx_word' id='word_1_303' title='bbox 2190 895 2401 932; x_wconf 90' lang='lat' dir='ltr'>secundum</span> <span class='ocrx_word' id='word_1_304' title='bbox 2427 906 2516 932; x_wconf 88' lang='lat' dir='ltr'>eum</span> <span class='ocrx_word' id='word_1_305' title='bbox 2537 895 2603 944; x_wconf 90' lang='lat' dir='ltr'>qui</span> 
     </span>
     <span class='ocr_line' id='line_1_50' title="bbox 1540 945 2602 997; baseline 0.003 -15"><span class='ocrx_word' id='word_1_306' title='bbox 1540 953 1594 982; x_wconf 89' lang='lat' dir='ltr'>est</span> <span class='ocrx_word' id='word_1_307' title='bbox 1627 945 1837 983; x_wconf 87' lang='lat' dir='ltr'>secundum</span> <span class='ocrx_word' id='word_1_308' title='bbox 1870 948 1999 984; x_wconf 89' lang='lat' dir='ltr'>locum</span> <span class='ocrx_word' id='word_1_309' title='bbox 2026 953 2130 984; x_wconf 87' lang='lat' dir='ltr'>auto·</span> <span class='ocrx_word' id='word_1_310' title='bbox 2131 947 2303 996; x_wconf 74' lang='lat' dir='ltr'>ltinesim,</span> <span class='ocrx_word' id='word_1_311' title='bbox 2332 947 2430 985; x_wconf 87' lang='lat' dir='ltr'>idest</span> <span class='ocrx_word' id='word_1_312' title='bbox 2463 952 2536 997; x_wconf 79' lang='lat' dir='ltr'>per</span> <span class='ocrx_word' id='word_1_313' title='bbox 2561 960 2602 985; x_wconf 91' lang='lat' dir='ltr'>se</span> 
     </span>
     <span class='ocr_line' id='line_1_51' title="bbox 1536 998 2604 1039; baseline 0.002 -4"><span class='ocrx_word' id='word_1_314' title='bbox 1536 998 1888 1036; x_wconf 88' lang='lat' dir='ltr'>transmutationem</span> <span class='ocrx_word' id='word_1_315' title='bbox 1909 1000 2069 1036; x_wconf 88' lang='lat' dir='ltr'>localem</span> <span class='ocrx_word' id='word_1_316' title='bbox 2085 1005 2109 1036; x_wconf 80' lang='lat'>⁷.</span> <span class='ocrx_word' id='word_1_317' title='bbox 2126 1021 2150 1027; x_wconf 99' lang='lat'>-</span> <span class='ocrx_word' id='word_1_318' title='bbox 2168 1001 2281 1036; x_wconf 88' lang='lat' dir='ltr'>Sexto</span> <span class='ocrx_word' id='word_1_319' title='bbox 2297 1007 2424 1037; x_wconf 88' lang='lat' dir='ltr'>autem</span> <span class='ocrx_word' id='word_1_320' title='bbox 2440 1000 2604 1039; x_wconf 86' lang='lat' dir='ltr'>ostendit</span> 
     </span>
     <span class='ocr_line' id='line_1_52' title="bbox 1538 1051 2601 1101; baseline 0.001 -13"><span class='ocrx_word' id='word_1_321' title='bbox 1538 1051 1640 1088; x_wconf 91' lang='lat' dir='ltr'>idem</span> <span class='ocrx_word' id='word_1_322' title='bbox 1668 1063 1736 1100; x_wconf 91' lang='lat' dir='ltr'>per</span> <span class='ocrx_word' id='word_1_323' title='bbox 1765 1064 1809 1088; x_wconf 90' lang='lat' dir='ltr'>ea</span> <span class='ocrx_word' id='word_1_324' title='bbox 1838 1064 1935 1101; x_wconf 89' lang='lat' dir='ltr'>quae</span> <span class='ocrx_word' id='word_1_325' title='bbox 1970 1052 2223 1089; x_wconf 88' lang='lat' dir='ltr'>communiter</span> <span class='ocrx_word' id='word_1_326' title='bbox 2256 1059 2292 1088; x_wconf 93' lang='lat' dir='ltr'>et</span> <span class='ocrx_word' id='word_1_327' title='bbox 2317 1051 2520 1100; x_wconf 87' lang='lat' dir='ltr'>vulgariter</span> <span class='ocrx_word' id='word_1_328' title='bbox 2547 1053 2601 1090; x_wconf 90' lang='lat' dir='ltr'>lo-</span> 
     </span>
     <span class='ocr_line' id='line_1_53' title="bbox 1538 1102 2601 1153; baseline 0.002 -13"><span class='ocrx_word' id='word_1_329' title='bbox 1538 1111 1696 1152; x_wconf 90' lang='lat' dir='ltr'>quentes</span> <span class='ocrx_word' id='word_1_330' title='bbox 1713 1104 1850 1141; x_wconf 88' lang='lat' dir='ltr'>dicunt.</span> <span class='ocrx_word' id='word_1_331' title='bbox 1869 1104 1960 1141; x_wconf 93' lang='lat' dir='ltr'>Illud</span> <span class='ocrx_word' id='word_1_332' title='bbox 1982 1104 2082 1141; x_wconf 90' lang='lat' dir='ltr'>enim</span> <span class='ocrx_word' id='word_1_333' title='bbox 2098 1105 2223 1141; x_wconf 93' lang='lat' dir='ltr'>solum</span> <span class='ocrx_word' id='word_1_334' title='bbox 2238 1104 2390 1153; x_wconf 86' lang='lat' dir='ltr'>proprie</span> <span class='ocrx_word' id='word_1_335' title='bbox 2407 1104 2567 1142; x_wconf 89' lang='lat' dir='ltr'>dicimus</span> <span class='ocrx_word' id='word_1_336' title='bbox 2586 1102 2601 1127; x_wconf 76' lang='lat'>⁸</span> 
     </span>
     <span class='ocr_line' id='line_1_54' title="bbox 1538 1156 2599 1204; baseline 0.003 -12"><span class='ocrx_word' id='word_1_337' title='bbox 1538 1156 1698 1203; x_wconf 89' lang='lat' dir='ltr'>moveri,</span> <span class='ocrx_word' id='word_1_338' title='bbox 1715 1156 1819 1204; x_wconf 90' lang='lat' dir='ltr'>quod</span> <span class='ocrx_word' id='word_1_339' title='bbox 1838 1164 2016 1193; x_wconf 90' lang='lat' dir='ltr'>movetur</span> <span class='ocrx_word' id='word_1_340' title='bbox 2030 1157 2239 1194; x_wconf 90' lang='lat' dir='ltr'>secundum</span> <span class='ocrx_word' id='word_1_341' title='bbox 2261 1165 2410 1194; x_wconf 89' lang='lat' dir='ltr'>motum</span> <span class='ocrx_word' id='word_1_342' title='bbox 2425 1158 2599 1196; x_wconf 84' lang='lat' dir='ltr'>localem.</span> 
     </span>
     <span class='ocr_line' id='line_1_55' title="bbox 1539 1208 2603 1268; baseline 0.003 -24"><span class='ocrx_word' id='word_1_343' title='bbox 1539 1208 1578 1245; x_wconf 93' lang='lat' dir='ltr'>Si</span> <span class='ocrx_word' id='word_1_344' title='bbox 1612 1216 1739 1245; x_wconf 88' lang='lat' dir='ltr'>autem</span> <span class='ocrx_word' id='word_1_345' title='bbox 1769 1208 1909 1268; x_wconf 81' lang='lat' dir='ltr'>aliquid</span> <span class='ocrx_word' id='word_1_346' title='bbox 1929 1209 2096 1257; x_wconf 89' lang='lat' dir='ltr'>quiescat</span> <span class='ocrx_word' id='word_1_347' title='bbox 2115 1209 2152 1246; x_wconf 89' lang='lat' dir='ltr'>in</span> <span class='ocrx_word' id='word_1_348' title='bbox 2180 1210 2287 1256; x_wconf 86' lang='lat' dir='ltr'>loco,</span> <span class='ocrx_word' id='word_1_349' title='bbox 2314 1209 2380 1247; x_wconf 91' lang='lat' dir='ltr'>sed</span> <span class='ocrx_word' id='word_1_350' title='bbox 2399 1217 2603 1248; x_wconf 85' lang='lat' dir='ltr'>moveatur</span> 
     </span>
     <span class='ocr_line' id='line_1_56' title="bbox 1537 1261 2598 1312; baseline 0.003 -15"><span class='ocrx_word' id='word_1_351' title='bbox 1537 1268 1645 1297; x_wconf 88' lang='lat' dir='ltr'>motu</span> <span class='ocrx_word' id='word_1_352' title='bbox 1674 1261 1865 1309; x_wconf 87' lang='lat' dir='ltr'>augmenti</span> <span class='ocrx_word' id='word_1_353' title='bbox 1894 1269 1958 1298; x_wconf 89' lang='lat' dir='ltr'>aut</span> <span class='ocrx_word' id='word_1_354' title='bbox 1987 1261 2218 1299; x_wconf 88' lang='lat' dir='ltr'>decrementi</span> <span class='ocrx_word' id='word_1_355' title='bbox 2253 1269 2317 1298; x_wconf 88' lang='lat' dir='ltr'>aut</span> <span class='ocrx_word' id='word_1_356' title='bbox 2349 1261 2598 1312; x_wconf 86' lang='lat' dir='ltr'>alterationis,</span> 
     </span>
     <span class='ocr_line' id='line_1_57' title="bbox 1538 1313 2601 1378; baseline 0.004 -29"><span class='ocrx_word' id='word_1_357' title='bbox 1538 1313 1671 1350; x_wconf 89' lang='lat' dir='ltr'>dicitur</span> <span class='ocrx_word' id='word_1_358' title='bbox 1708 1315 1813 1362; x_wconf 90' lang='lat' dir='ltr'>quod</span> <span class='ocrx_word' id='word_1_359' title='bbox 1850 1322 2028 1351; x_wconf 90' lang='lat' dir='ltr'>movetur</span> <span class='ocrx_word' id='word_1_360' title='bbox 2065 1314 2378 1364; x_wconf 85' lang='lat' dir='ltr'>quodammodO,</span> <span class='ocrx_word' id='word_1_361' title='bbox 2418 1315 2484 1352; x_wconf 88' lang='lat' dir='ltr'>sed</span> <span class='ocrx_word' id='word_1_362' title='bbox 2522 1326 2601 1378; x_wconf 87' lang='lat' dir='ltr'>non</span> 
     </span>
     <span class='ocr_line' id='line_1_58' title="bbox 1537 1365 1764 1415; baseline 0 -13"><span class='ocrx_word' id='word_1_363' title='bbox 1537 1365 1764 1415; x_wconf 89' lang='lat' dir='ltr'>simpliciter.</span> 
     </span>
    </p>
   </div>
   <div class='ocr_carea' id='block_1_10' title="bbox 1594 1418 2605 1469">
    <p class='ocr_par' dir='ltr' id='par_1_11' title="bbox 1594 1418 2605 1469">
     <span class='ocr_line' id='line_1_59' title="bbox 1594 1418 2605 1469; baseline 0.003 -14"><span class='ocrx_word' id='word_1_364' title='bbox 1594 1420 1625 1456; x_wconf 89' lang='lat'>5.</span> <span class='ocrx_word' id='word_1_365' title='bbox 1647 1419 1796 1456; x_wconf 90' lang='lat' dir='ltr'>Deinde</span> <span class='ocrx_word' id='word_1_366' title='bbox 1817 1431 1905 1456; x_wconf 92' lang='lat' dir='ltr'>cum</span> <span class='ocrx_word' id='word_1_367' title='bbox 1935 1418 2038 1456; x_wconf 91' lang='lat' dir='ltr'>dicit:</span> <span class='ocrx_word' id='word_1_368' title='bbox 2073 1419 2183 1462; x_wconf 87' lang='lat' dir='ltr'>Quod</span> <span class='ocrx_word' id='word_1_369' title='bbox 2199 1420 2347 1469; x_wconf 85' lang='lat' dir='ltr'>quidem</span> <span class='ocrx_word' id='word_1_370' title='bbox 2371 1419 2488 1469; x_wconf 84' lang='lat' dir='ltr'>igitur</span> <span class='ocrx_word' id='word_1_371' title='bbox 2504 1431 2605 1458; x_wconf 74' lang='lat' dir='ltr'>sem-‘</span> 
     </span>
    </p>
   </div>
   <div class='ocr_carea' id='block_1_11' title="bbox 1532 1472 2600 1521">
    <p class='ocr_par' dir='ltr' id='par_1_12' title="bbox 1532 1472 2600 1521">
     <span class='ocr_line' id='line_1_60' title="bbox 1532 1472 2600 1521; baseline 0.002 -13"><span class='ocrx_word' id='word_1_372' title='bbox 1532 1483 1603 1520; x_wconf 84' lang='lat' dir='ltr'>per</span> <span class='ocrx_word' id='word_1_373' title='bbox 1630 1477 1751 1508; x_wconf 80' lang='lat' dir='ltr'>motus</span> <span class='ocrx_word' id='word_1_374' title='bbox 1775 1477 1858 1509; x_wconf 85' lang='lat' dir='ltr'>erat</span> <span class='ocrx_word' id='word_1_375' title='bbox 1884 1480 1970 1518; x_wconf 65' lang='lat' dir='ltr'>etc„</span> <span class='ocrx_word' id='word_1_376' title='bbox 2001 1472 2164 1521; x_wconf 86' lang='lat' dir='ltr'>epilogat</span> <span class='ocrx_word' id='word_1_377' title='bbox 2185 1485 2283 1521; x_wconf 89' lang='lat' dir='ltr'>quae</span> <span class='ocrx_word' id='word_1_378' title='bbox 2313 1472 2476 1510; x_wconf 86' lang='lat' dir='ltr'>dixerat:</span> <span class='ocrx_word' id='word_1_379' title='bbox 2505 1473 2600 1511; x_wconf 91' lang='lat' dir='ltr'>scili-</span> 
     </span>
    </p>
   </div>
   <div class='ocr_carea' id='block_1_12' title="bbox 1537 1524 2606 1637">
    <p class='ocr_par' dir='ltr' id='par_1_13' title="bbox 1537 1524 2606 1628">
     <span class='ocr_line' id='line_1_61' title="bbox 1537 1524 2606 1575; baseline 0.004 -15"><span class='ocrx_word' id='word_1_380' title='bbox 1537 1531 1595 1561; x_wconf 89' lang='lat' dir='ltr'>cet</span> <span class='ocrx_word' id='word_1_381' title='bbox 1623 1524 1728 1574; x_wconf 89' lang='lat' dir='ltr'>quod</span> <span class='ocrx_word' id='word_1_382' title='bbox 1747 1532 1874 1561; x_wconf 83' lang='lat' dir='ltr'>morus</span> <span class='ocrx_word' id='word_1_383' title='bbox 1895 1537 2047 1574; x_wconf 91' lang='lat' dir='ltr'>semper</span> <span class='ocrx_word' id='word_1_384' title='bbox 2065 1525 2175 1562; x_wconf 89' lang='lat' dir='ltr'>fuerit</span> <span class='ocrx_word' id='word_1_385' title='bbox 2189 1528 2208 1545; x_wconf 72' lang='lat'>⁴*</span> <span class='ocrx_word' id='word_1_386' title='bbox 2225 1533 2261 1562; x_wconf 93' lang='lat' dir='ltr'>et</span> <span class='ocrx_word' id='word_1_387' title='bbox 2284 1537 2436 1574; x_wconf 90' lang='lat' dir='ltr'>semper</span> <span class='ocrx_word' id='word_1_388' title='bbox 2460 1526 2538 1575; x_wconf 87' lang='lat' dir='ltr'>erit,</span> <span class='ocrx_word' id='word_1_389' title='bbox 2565 1533 2606 1564; x_wconf 71' lang='lat' dir='ltr'>et&#39;</span> 
     </span>
     <span class='ocr_line' id='line_1_62' title="bbox 1537 1577 2605 1637; baseline 0.003 -24"><span class='ocrx_word' id='word_1_390' title='bbox 1537 1577 1643 1636; x_wconf 81' lang='lat' dir='ltr'>quod</span> <span class='ocrx_word' id='word_1_391' title='bbox 1668 1585 1723 1614; x_wconf 90' lang='lat' dir='ltr'>est</span> <span class='ocrx_word' id='word_1_392' title='bbox 1751 1577 1904 1626; x_wconf 86' lang='lat' dir='ltr'>aliquod</span> <span class='ocrx_word' id='word_1_393' title='bbox 1922 1577 2090 1637; x_wconf 83' lang='lat' dir='ltr'>primum</span> <span class='ocrx_word' id='word_1_394' title='bbox 2109 1578 2336 1628; x_wconf 88' lang='lat' dir='ltr'>principium</span> <span class='ocrx_word' id='word_1_395' title='bbox 2365 1586 2493 1616; x_wconf 87' lang='lat' dir='ltr'>motus</span> <span class='ocrx_word' id='word_1_396' title='bbox 2515 1591 2605 1628; x_wconf 30' lang='lat' dir='ltr'>per-2</span> 
     </span>
    </p>
   </div>
   <div class='ocr_carea' id='block_1_13' title="bbox 1536 1630 2636 1827">
    <p class='ocr_par' dir='ltr' id='par_1_14' title="bbox 1536 1630 2636 1826">
     <span class='ocr_line' id='line_1_63' title="bbox 1536 1630 2636 1680; baseline 0.004 -14"><span class='ocrx_word' id='word_1_397' title='bbox 1536 1630 1680 1678; x_wconf 91' lang='lat' dir='ltr'>petui·</span> <span class='ocrx_word' id='word_1_398' title='bbox 1684 1638 1750 1677; x_wconf 89' lang='lat' dir='ltr'>,et</span> <span class='ocrx_word' id='word_1_399' title='bbox 1778 1630 1861 1679; x_wconf 90' lang='lat' dir='ltr'>quis</span> <span class='ocrx_word' id='word_1_400' title='bbox 1890 1630 1935 1667; x_wconf 88' lang='lat' dir='ltr'>sit</span> <span class='ocrx_word' id='word_1_401' title='bbox 1962 1630 2108 1680; x_wconf 90' lang='lat' dir='ltr'>primus</span> <span class='ocrx_word' id='word_1_402' title='bbox 2140 1639 2280 1678; x_wconf 89' lang='lat' dir='ltr'>motus,</span> <span class='ocrx_word' id='word_1_403' title='bbox 2301 1638 2338 1668; x_wconf 89' lang='lat' dir='ltr'>et</span> <span class='ocrx_word' id='word_1_404' title='bbox 2370 1642 2487 1679; x_wconf 90' lang='lat' dir='ltr'>quem</span> <span class='ocrx_word' id='word_1_405' title='bbox 2515 1641 2636 1670; x_wconf 88' lang='lat' dir='ltr'>m0-·</span> 
     </span>
     <span class='ocr_line' id='line_1_64' title="bbox 1537 1683 2603 1744; baseline 0.003 -25"><span class='ocrx_word' id='word_1_406' title='bbox 1537 1690 1618 1719; x_wconf 90' lang='lat' dir='ltr'>tum</span> <span class='ocrx_word' id='word_1_407' title='bbox 1653 1683 1842 1730; x_wconf 90' lang='lat' dir='ltr'>contingat</span> <span class='ocrx_word' id='word_1_408' title='bbox 1871 1695 1952 1720; x_wconf 90' lang='lat' dir='ltr'>esse</span> <span class='ocrx_word' id='word_1_409' title='bbox 1980 1691 2220 1732; x_wconf 85' lang='lat' dir='ltr'>perpetuum,</span> <span class='ocrx_word' id='word_1_410' title='bbox 2242 1692 2278 1722; x_wconf 92' lang='lat' dir='ltr'>et</span> <span class='ocrx_word' id='word_1_411' title='bbox 2306 1685 2409 1744; x_wconf 78' lang='lat' dir='ltr'>quod</span> <span class='ocrx_word' id='word_1_412' title='bbox 2431 1685 2603 1734; x_wconf 76' lang='lat' dir='ltr'>primum</span> 
     </span>
     <span class='ocr_line' id='line_1_65' title="bbox 1538 1735 2600 1810; baseline 0.004 -39"><span class='ocrx_word' id='word_1_413' title='bbox 1538 1748 1700 1772; x_wconf 88' lang='lat' dir='ltr'>movens</span> <span class='ocrx_word' id='word_1_414' title='bbox 1720 1735 1765 1772; x_wconf 91' lang='lat' dir='ltr'>sit</span> <span class='ocrx_word' id='word_1_415' title='bbox 1783 1735 1991 1773; x_wconf 90' lang='lat' dir='ltr'>immobile.</span> <span class='ocrx_word' id='word_1_416' title='bbox 2023 1737 2128 1773; x_wconf 87' lang='lat' dir='ltr'>Haec</span> <span class='ocrx_word' id='word_1_417' title='bbox 2149 1737 2252 1774; x_wconf 90' lang='lat' dir='ltr'>enirn</span> <span class='ocrx_word' id='word_1_418' title='bbox 2278 1737 2409 1774; x_wconf 90' lang='lat' dir='ltr'>omnia</span> <span class='ocrx_word' id='word_1_419' title='bbox 2427 1737 2466 1775; x_wconf 94' lang='lat' dir='ltr'>in</span> <span class='ocrx_word' id='word_1_420' title='bbox 2491 1748 2600 1810; x_wconf 85' lang='lat' dir='ltr'>prae·-</span> 
     </span>
     <span class='ocr_line' id='line_1_66' title="bbox 1542 1787 2151 1827; baseline 0.003 -3"><span class='ocrx_word' id='word_1_421' title='bbox 1542 1787 1761 1825; x_wconf 90' lang='lat' dir='ltr'>cedentibus</span> <span class='ocrx_word' id='word_1_422' title='bbox 1791 1788 1977 1825; x_wconf 86' lang='lat' dir='ltr'>declarata</span> <span class='ocrx_word' id='word_1_423' title='bbox 2007 1790 2026 1810; x_wconf 67' lang='lat'>“³⁶</span> <span class='ocrx_word' id='word_1_424' title='bbox 2055 1797 2151 1827; x_wconf 91' lang='lat' dir='ltr'>sunt.</span> 
     </span>
    </p>
   </div>
   <div class='ocr_carea' id='block_1_14' title="bbox 476 1952 2600 2005">
    <p class='ocr_par' dir='ltr' id='par_1_15' title="bbox 476 1952 2600 2005">
     <span class='ocr_line' id='line_1_67' title="bbox 476 1952 2600 2005; baseline 0 -24"><span class='ocrx_word' id='word_1_425' title='bbox 476 1956 502 1991; x_wconf 89' lang='grc' dir='ltr'>γ)</span> <span class='ocrx_word' id='word_1_426' title='bbox 522 1956 662 1982; x_wconf 83' lang='lat' dir='ltr'>secundum</span> <span class='ocrx_word' id='word_1_427' title='bbox 689 1956 773 1980; x_wconf 89' lang='lat' dir='ltr'>Iocum</span> <span class='ocrx_word' id='word_1_428' title='bbox 798 1955 997 1983; x_wconf 79' lang='lat' dir='ltr'>auto-kinesim,</span> <span class='ocrx_word' id='word_1_429' title='bbox 1023 1954 1090 1979; x_wconf 84' lang='lat' dir='ltr'>idest</span> <span class='ocrx_word' id='word_1_430' title='bbox 1103 1961 1155 1986; x_wconf 83' lang='lat' dir='ltr'>per</span> <span class='ocrx_word' id='word_1_431' title='bbox 1178 1961 1206 1978; x_wconf 83' lang='lat' dir='ltr'>se</span> <span class='ocrx_word' id='word_1_432' title='bbox 1230 1954 1479 1978; x_wconf 59' lang='lat' dir='ltr'>transmutationem</span> <span class='ocrx_word' id='word_1_433' title='bbox 1534 1954 1654 1978; x_wconf 86' lang='lat' dir='ltr'>omittunt</span> <span class='ocrx_word' id='word_1_434' title='bbox 1673 1953 1722 1983; x_wconf 87' lang='lat' dir='ltr'>Pb;</span> <span class='ocrx_word' id='word_1_435' title='bbox 1744 1960 1772 1978; x_wconf 84' lang='lat' dir='ltr'>se</span> <span class='ocrx_word' id='word_1_436' title='bbox 1789 1953 1912 1979; x_wconf 84' lang='lat' dir='ltr'>omittunt</span> <span class='ocrx_word' id='word_1_437' title='bbox 1929 1953 2062 1979; x_wconf 84' lang='lat' dir='ltr'>PFLRab.</span> <span class='ocrx_word' id='word_1_438' title='bbox 2083 1954 2172 1978; x_wconf 84' lang='lat' dir='ltr'>Lectio</span> <span class='ocrx_word' id='word_1_439' title='bbox 2190 1954 2226 1979; x_wconf 78' lang='lat' dir='ltr'>Pb</span> <span class='ocrx_word' id='word_1_440' title='bbox 2245 1954 2381 1987; x_wconf 86' lang='lat' dir='ltr'>supprimit</span> <span class='ocrx_word' id='word_1_441' title='bbox 2399 1952 2493 1987; x_wconf 76' lang='grc' dir='ltr'>ἑαυτό,</span> <span class='ocrx_word' id='word_1_442' title='bbox 2513 1962 2529 1980; x_wconf 79' lang='lat' dir='ltr'>a</span> <span class='ocrx_word' id='word_1_443' title='bbox 2546 1962 2600 2005; x_wconf 75' lang='lat' dir='ltr'>quo</span> 
     </span>
    </p>
   </div>
   <div class='ocr_carea' id='block_1_15' title="bbox 424 1989 1479 2054">
    <p class='ocr_par' dir='ltr' id='par_1_16' title="bbox 424 1989 1479 2052">
     <span class='ocr_line' id='line_1_68' title="bbox 424 1989 1479 2021; baseline -0.005 -4"><span class='ocrx_word' id='word_1_444' title='bbox 424 1993 540 2018; x_wconf 79' lang='lat' dir='ltr'>localem.</span> <span class='ocrx_word' id='word_1_445' title='bbox 556 2005 574 2010; x_wconf 90' lang='lat'>·-</span> <span class='ocrx_word' id='word_1_446' title='bbox 590 1991 640 2015; x_wconf 84' lang='lat' dir='ltr'>Pro</span> <span class='ocrx_word' id='word_1_447' title='bbox 663 1994 736 2015; x_wconf 79' lang='lat' dir='ltr'>auto·</span> <span class='ocrx_word' id='word_1_448' title='bbox 740 1990 847 2014; x_wconf 74' lang='lat' dir='ltr'>kinesim</span> <span class='ocrx_word' id='word_1_449' title='bbox 872 1990 973 2014; x_wconf 86' lang='lat' dir='ltr'>codices</span> <span class='ocrx_word' id='word_1_450' title='bbox 989 1990 1037 2020; x_wconf 82' lang='lat' dir='ltr'>EQ</span> <span class='ocrx_word' id='word_1_451' title='bbox 1057 1989 1167 2021; x_wconf 78' lang='lat' dir='ltr'>spatium</span> <span class='ocrx_word' id='word_1_452' title='bbox 1192 1989 1279 2014; x_wconf 84' lang='lat' dir='ltr'>album</span> <span class='ocrx_word' id='word_1_453' title='bbox 1304 1989 1479 2021; x_wconf 87' lang='lat' dir='ltr'>reliquerunt;</span> 
     </span>
     <span class='ocr_line' id='line_1_69' title="bbox 425 2023 1479 2054; baseline -0.004 -2"><span class='ocrx_word' id='word_1_454' title='bbox 425 2029 514 2052; x_wconf 88' lang='lat' dir='ltr'>eadem</span> <span class='ocrx_word' id='word_1_455' title='bbox 529 2027 606 2051; x_wconf 88' lang='lat' dir='ltr'>verba</span> <span class='ocrx_word' id='word_1_456' title='bbox 627 2026 703 2050; x_wconf 87' lang='lat' dir='ltr'>editio</span> <span class='ocrx_word' id='word_1_457' title='bbox 721 2033 738 2050; x_wconf 87' lang='lat' dir='ltr'>a</span> <span class='ocrx_word' id='word_1_458' title='bbox 760 2031 784 2050; x_wconf 89' lang='lat' dir='ltr'>et</span> <span class='ocrx_word' id='word_1_459' title='bbox 803 2025 875 2049; x_wconf 88' lang='lat' dir='ltr'>multi</span> <span class='ocrx_word' id='word_1_460' title='bbox 902 2033 931 2049; x_wconf 87' lang='lat' dir='ltr'>ex</span> <span class='ocrx_word' id='word_1_461' title='bbox 953 2024 1043 2050; x_wconf 86' lang='lat' dir='ltr'>ceteris</span> <span class='ocrx_word' id='word_1_462' title='bbox 1057 2024 1187 2048; x_wconf 77' lang='lat' dir='ltr'>codicibus</span> <span class='ocrx_word' id='word_1_463' title='bbox 1208 2029 1236 2048; x_wconf 86' lang='lat' dir='ltr'>ut</span> <span class='ocrx_word' id='word_1_464' title='bbox 1253 2023 1288 2054; x_wconf 86' lang='lat' dir='ltr'>fit</span> <span class='ocrx_word' id='word_1_465' title='bbox 1308 2023 1479 2048; x_wconf 83' lang='lat' dir='ltr'>diversimode</span> 
     </span>
    </p>
   </div>
   <div class='ocr_carea' id='block_1_16' title="bbox 1535 1988 2601 2060">
    <p class='ocr_par' dir='ltr' id='par_1_17' title="bbox 1535 1988 2601 2060">
     <span class='ocr_line' id='line_1_70' title="bbox 1535 1988 2161 2022; baseline 0.003 -10"><span class='ocrx_word' id='word_1_466' title='bbox 1535 1988 1575 2013; x_wconf 91' lang='lat' dir='ltr'>hic</span> <span class='ocrx_word' id='word_1_467' title='bbox 1593 1988 1680 2013; x_wconf 81' lang='lat' dir='ltr'>omnia</span> <span class='ocrx_word' id='word_1_468' title='bbox 1698 1989 1821 2021; x_wconf 82' lang='lat' dir='ltr'>pendent.</span> <span class='ocrx_word' id='word_1_469' title='bbox 1835 1989 1874 2014; x_wconf 85' lang='lat' dir='ltr'>Cf.</span> <span class='ocrx_word' id='word_1_470' title='bbox 1889 1989 1933 2014; x_wconf 89' lang='lat' dir='ltr'>lib.</span> <span class='ocrx_word' id='word_1_471' title='bbox 1948 1989 1977 2019; x_wconf 85' lang='lat'>11,</span> <span class='ocrx_word' id='word_1_472' title='bbox 1991 1989 2048 2014; x_wconf 88' lang='lat' dir='ltr'>lect.</span> <span class='ocrx_word' id='word_1_473' title='bbox 2060 1997 2083 2018; x_wconf 84' lang='lat' dir='ltr'>x,</span> <span class='ocrx_word' id='word_1_474' title='bbox 2097 1997 2123 2014; x_wconf 86' lang='lat' dir='ltr'>n.</span> <span class='ocrx_word' id='word_1_475' title='bbox 2136 1997 2161 2022; x_wconf 84' lang='lat'>9.</span> 
     </span>
     <span class='ocr_line' id='line_1_71' title="bbox 1588 2022 2601 2060; baseline 0.003 -12"><span class='ocrx_word' id='word_1_476' title='bbox 1588 2022 1612 2058; x_wconf 83' lang='grc' dir='ltr'>δ)</span> <span class='ocrx_word' id='word_1_477' title='bbox 1637 2024 1720 2048; x_wconf 85' lang='lat' dir='ltr'>solum</span> <span class='ocrx_word' id='word_1_478' title='bbox 1734 2024 1846 2056; x_wconf 80' lang='lat' dir='ltr'>proprie</span> <span class='ocrx_word' id='word_1_479' title='bbox 1861 2023 2014 2048; x_wconf 52' lang='grc' dir='ltr'><em>άίεἱηιιιεμ-</em></span> <span class='ocrx_word' id='word_1_480' title='bbox 2028 2024 2206 2055; x_wconf 80' lang='lat' dir='ltr'>DEGORXZ3</span> <span class='ocrx_word' id='word_1_481' title='bbox 2219 2025 2304 2049; x_wconf 80' lang='lat' dir='ltr'>solum</span> <span class='ocrx_word' id='word_1_482' title='bbox 2318 2025 2429 2050; x_wconf 77' lang='lat' dir='ltr'>dicimus</span> <span class='ocrx_word' id='word_1_483' title='bbox 2439 2025 2552 2058; x_wconf 72' lang='lat' dir='ltr'>proprie</span> <span class='ocrx_word' id='word_1_484' title='bbox 2570 2025 2601 2060; x_wconf 74' lang='lat' dir='ltr'>C,</span> 
     </span>
    </p>
   </div>
   <div class='ocr_carea' id='block_1_17' title="bbox 425 2043 2470 2094">
    <p class='ocr_par' dir='ltr' id='par_1_18' title="bbox 425 2043 2470 2094">
     <span class='ocr_line' id='line_1_72' title="bbox 425 2043 2470 2094; baseline -0.001 -7"><span class='ocrx_word' id='word_1_485' title='bbox 425 2067 606 2094; x_wconf 87' lang='lat' dir='ltr'>corrumpunt;</span> <span class='ocrx_word' id='word_1_486' title='bbox 626 2061 651 2085; x_wconf 87' lang='lat' dir='ltr'>in</span> <span class='ocrx_word' id='word_1_487' title='bbox 669 2061 789 2085; x_wconf 85' lang='lat' dir='ltr'>omnibus</span> <span class='ocrx_word' id='word_1_488' title='bbox 813 2065 899 2084; x_wconf 78' lang='lat' dir='ltr'>tamen</span> <span class='ocrx_word' id='word_1_489' title='bbox 922 2059 1127 2092; x_wconf 84' lang='lat' dir='ltr'>corruptionibus</span> <span class='ocrx_word' id='word_1_490' title='bbox 1151 2064 1295 2092; x_wconf 78' lang='lat' dir='ltr'>transparet</span> <span class='ocrx_word' id='word_1_491' title='bbox 1312 2062 1388 2088; x_wconf 82' lang='lat' dir='ltr'>auto,</span> <span class='ocrx_word' id='word_1_492' title='bbox 1409 2059 1479 2091; x_wconf 91' lang='lat' dir='ltr'>quod</span> <span class='ocrx_word' id='word_1_493' title='bbox 1529 2059 1641 2090; x_wconf 80' lang='lat' dir='ltr'>proprie</span> <span class='ocrx_word' id='word_1_494' title='bbox 1664 2058 1775 2084; x_wconf 76' lang='lat' dir='ltr'>dicimus</span> <span class='ocrx_word' id='word_1_495' title='bbox 1794 2059 1835 2087; x_wconf 80' lang='lat' dir='ltr'>F.</span> <span class='ocrx_word' id='word_1_496' title='bbox 1847 2059 1958 2084; x_wconf 84' lang='lat' dir='ltr'>dicimus</span> <span class='ocrx_word' id='word_1_497' title='bbox 1978 2059 2051 2092; x_wconf 83' lang='lat' dir='ltr'>NpH,</span> <span class='ocrx_word' id='word_1_498' title='bbox 2071 2060 2153 2084; x_wconf 81' lang='lat' dir='ltr'>solum</span> <span class='ocrx_word' id='word_1_499' title='bbox 2173 2043 2286 2085; x_wconf 77' lang='lat' dir='ltr'>dicimus</span> <span class='ocrx_word' id='word_1_500' title='bbox 2305 2060 2359 2086; x_wconf 73' lang='lat' dir='ltr'>Pab</span> <span class='ocrx_word' id='word_1_501' title='bbox 2378 2065 2407 2085; x_wconf 86' lang='lat' dir='ltr'>et</span> <span class='ocrx_word' id='word_1_502' title='bbox 2422 2065 2470 2086; x_wconf 83' lang='lat' dir='ltr'>cet.</span> 
     </span>
    </p>
   </div>
   <div class='ocr_carea' id='block_1_18' title="bbox 1171 2584 1845 2942">
    <p class='ocr_par' dir='ltr' id='par_1_19' title="bbox 1171 2584 1845 2942">
     <span class='ocr_line' id='line_1_73' title="bbox 1171 2584 1845 2942; baseline 0 1054"><span class='ocrx_word' id='word_1_503' title='bbox 1171 2584 1845 2942; x_wconf 95' lang='lat' dir='ltr'> </span> 
     </span>
    </p>
   </div>
   <div class='ocr_carea' id='block_1_19' title="bbox 2829 1521 2898 3996">
    <p class='ocr_par' dir='ltr' id='par_1_20' title="bbox 2829 1521 2898 3996">
     <span class='ocr_line' id='line_1_74' title="bbox 2829 1521 2898 1675; baseline 0 -97"><span class='ocrx_word' id='word_1_504' title='bbox 2829 1521 2898 1675; x_wconf 95' lang='lat' dir='ltr'>    </span> 
     </span>
     <span class='ocr_line' id='line_1_75' title="bbox 2829 1700 2898 3996; baseline 0 0"><span class='ocrx_word' id='word_1_505' title='bbox 2829 1700 2898 3996; x_wconf 95' lang='lat' dir='ltr'>  </span> 
     </span>
    </p>
   </div>
   <div class='ocr_carea' id='block_1_20' title="bbox 2626 1532 2852 1584">
    <p class='ocr_par' dir='ltr' id='par_1_21' title="bbox 2626 1532 2852 1584">
     <span class='ocr_line' id='line_1_76' title="bbox 2626 1532 2852 1584; baseline 0.013 -27"><span class='ocrx_word' id='word_1_506' title='bbox 2626 1535 2714 1584; x_wconf 37' lang='lat' dir='ltr'>hsadt</span> <span class='ocrx_word' id='word_1_507' title='bbox 2731 1532 2852 1572; x_wconf 31' lang='lat' dir='ltr'>»uun-os</span> 
     </span>
    </p>
   </div>
   <div class='ocr_carea' id='block_1_21' title="bbox 2626 1634 2872 1733">
    <p class='ocr_par' dir='ltr' id='par_1_22' title="bbox 2626 1634 2872 1733">
     <span class='ocr_line' id='line_1_77' title="bbox 2647 1634 2869 1669; baseline 0 -5"><span class='ocrx_word' id='word_1_508' title='bbox 2647 1646 2667 1669; x_wconf 77' lang='lat' dir='ltr'>p</span> <span class='ocrx_word' id='word_1_509' title='bbox 2710 1642 2846 1664; x_wconf 60' lang='lat' dir='ltr'>dmm&amp;-</span> <span class='ocrx_word' id='word_1_510' title='bbox 2866 1634 2869 1635; x_wconf 42' lang='lat'><em>⁷</em></span> 
     </span>
     <span class='ocr_line' id='line_1_78' title="bbox 2627 1669 2838 1691; baseline 0.014 -3"><span class='ocrx_word' id='word_1_511' title='bbox 2627 1669 2689 1689; x_wconf 75' lang='grc' dir='ltr'><strong>ειοο</strong></span> <span class='ocrx_word' id='word_1_512' title='bbox 2722 1673 2794 1690; x_wconf 73' lang='grc' dir='ltr'><strong><em>..ιιι</em></strong></span> <span class='ocrx_word' id='word_1_513' title='bbox 2807 1674 2838 1691; x_wconf 70' lang='grc' dir='ltr'>ιι</span> 
     </span>
     <span class='ocr_line' id='line_1_79' title="bbox 2626 1693 2872 1733; baseline 0.016 -18"><span class='ocrx_word' id='word_1_514' title='bbox 2626 1698 2735 1722; x_wconf 59' lang='lat' dir='ltr'>munzun</span> <span class='ocrx_word' id='word_1_515' title='bbox 2744 1693 2776 1718; x_wconf 71' lang='lat' dir='ltr'>cf.</span> <span class='ocrx_word' id='word_1_516' title='bbox 2781 1698 2839 1718; x_wconf 76' lang='lat' dir='ltr'>text.</span> <span class='ocrx_word' id='word_1_517' title='bbox 2867 1727 2872 1733; x_wconf 18' lang='grc' dir='ltr'>Ἣ</span> 
     </span>
    </p>
   </div>
   <div class='ocr_carea' id='block_1_22' title="bbox 2627 1771 2866 1820">
    <p class='ocr_par' dir='ltr' id='par_1_23' title="bbox 2627 1771 2866 1820">
     <span class='ocr_line' id='line_1_80' title="bbox 2627 1771 2866 1820; baseline 0.008 -26"><span class='ocrx_word' id='word_1_518' title='bbox 2627 1771 2822 1820; x_wconf 38' lang='lat' dir='ltr'>{taem-amu</span> <span class='ocrx_word' id='word_1_519' title='bbox 2864 1803 2866 1806; x_wconf 89' lang='lat'>.</span> 
     </span>
    </p>
   </div>
  </div>
 </body>
</html>
