2950 4004
44 611 55 623 “
68 611 132 632 Lect.
149 617 187 632 xv·

46 710 57 722 ⁴
69 710 139 736 finem
152 716 234 732 munz.

47 822 56 830 '
69 821 132 842 Lect.
146 826 195 848 seq.

43 1287 54 1299 '¹
67 1291 83 1308 a
102 1288 189 1308 natura
208 1293 255 1308 om.

43 1317 202 1338 Amoqrvxv.

45 1340 54 1350 '
64 1340 254 1366 utmoqrvxab.

46 1392 56 1402 ·
71 1391 101 1414 de
112 1391 165 1413 rab.

45 1501 55 1512 ⁸
70 1500 99 1522 ab
109 1499 256 1522 adversariis

45 1526 98 1548 add.
112 1527 164 1548 rab.

49 2288 60 2300 ·
73 2287 216 2315 vaporaliter
227 2294 256 2309 nr

46 2320 114 2337 mn.

47 2340 130 2369 *saeta
138 2340 255 2362 om.codd.

47 2373 96 2389 exc.
109 2372 188 2388 παι-ιιι.

1104 200 1214 236 CAP.
1244 199 1349 245 VIII,
1380 199 1530 235 LECT.
1561 200 1629 235 XII
2411 213 2454 247 91

283 282 435 327 mundi3
466 281 503 317 in
521 280 805 330 particularibus
825 287 952 316 autern
982 279 1176 316 effectibus
1213 277 1340 314 huius-

283 335 389 372 modi
418 346 550 370 causas
577 333 919 382 praetermiserunt.

338 399 372 424 2.
402 387 550 424 Deinde
580 399 667 422 cum
697 386 802 423 dicit:
836 386 965 421 Habet
990 390 1113 420 autem
1147 382 1342 430 oppositio-

284 452 368 477 nem
407 441 497 486 et'.,c
532 438 727 487 exequitur
762 437 1012 486 propositum.
1048 437 1096 472 Et
1131 435 1255 483 primo
1290 434 1343 470 in-

284 493 395 542 quirit
412 469 539 529 utm'm
559 500 691 528 natura
719 498 803 538 agat
820 497 975 538 propter
994 487 1148 536 aliquid;
1175 487 1342 524 secundo

285 545 483 605 quomodo
503 544 757 582 necessarium
785 543 824 578 in
848 542 960 578 rebus
989 539 1246 577 naturalibus
1238 552 1343 576 inve-

285 598 419 645 niatur,
440 597 511 634 ibi:
537 597 645 639 Quod
669 601 793 632 autem
821 600 875 630 est
901 595 920 614 *
950 601 1017 630 etc.
1040 593 1150 630 Circa
1176 592 1343 651 primum

285 651 362 688 duo
382 628 488 687 faieit:
517 649 642 698 primo
661 647 768 696 ponit
787 646 1007 695 opinionem
1032 646 1258 693 ponentium
1279 658 1343 682 na-

284 711 409 740 turam
438 715 515 738 non
548 713 656 748 agere
684 707 839 749 propter
871 698 1011 747 aliquid
1030 699 1066 744 *,
1098 706 1133 734 et
1160 698 1343 734 rationem

286 767 439 799 eorum;
469 753 637 790 secundo
666 753 856 801 improbat
885 764 983 799 eam,
1013 751 1080 787 ibi:
1111 752 1185 787 Sed
1211 751 1344 799 impos-

282 807 386 845 sibile
412 812 467 843 est
491 806 558 842 ista
579 806 599 826 '²‘
620 813 688 842 etc.

338 860 372 896 3.
403 859 512 895 Circa
534 858 702 907 primurn
730 857 927 894 sciendum
947 856 1051 904 quod
1069 863 1254 904 ponentes
1280 869 1345 893 na-

284 920 408 949 turam
428 923 507 948 non
534 923 644 959 agere
662 917 818 959 propter
846 909 1001 957 aliquid,
1023 909 1096 945 hoc
1117 909 1344 945 confirmare

283 964 498 1002 nitebantur
516 971 757 1000 removentes
777 963 814 1000 id
835 975 879 999 ex
898 975 975 1021 quo
996 969 1128 998 natura
1141 961 1344 1010 praecipue

283 1017 434 1055 videtur
459 1024 614 1066 propter
648 1015 787 1064 aliquid
816 1015 974 1064 operari.
1013 1015 1098 1050 Hoc
1132 1021 1260 1050 autem
1290 1022 1345 1051 est

285 1070 388 1119 quod
404 1069 569 1106 maxime
589 1069 824 1106 demonstrat
842 1075 1015 1105 naturam
1034 1074 1190 1115 propter
1204 1066 1344 1126 aliquid

285 1122 443 1172 operari,
473 1122 578 1170 quod
608 1134 652 1158 ex
681 1121 899 1170 operatione
928 1127 1082 1157 naturae
1112 1131 1262 1168 semper
1290 1119 1343 1156 in-

283 1176 432 1214 venitur
451 1174 591 1233 aliquid
618 1174 701 1211 fieri
728 1181 870 1222 quanto
890 1173 1025 1210 melius
1046 1180 1082 1209 et
1102 1172 1344 1209 commodius

286 1241 366 1266 esse
386 1235 520 1276 potest,
550 1227 645 1263 sicut
671 1239 740 1275 pes
767 1227 842 1263 hoc
870 1226 988 1263 modo
1018 1233 1072 1262 est
1099 1225 1218 1262 factus
1238 1238 1260 1261 a
1279 1238 1343 1262 na-

284 1290 366 1318 tura
388 1282 422 1327 *,
443 1280 653 1317 secundum
673 1279 778 1327 quod
798 1287 853 1316 est
871 1286 980 1328 aptus
1004 1278 1052 1315 ad
1072 1278 1342 1325 gradiendum;

283 1334 385 1371 unde
403 1335 422 1355 ²⁸
438 1333 468 1370 si
496 1333 647 1370 recedat
665 1345 687 1369 a
707 1332 864 1369 naturali
893 1330 1156 1380 dispositione,
1183 1343 1261 1367 non
1291 1339 1345 1367 est

284 1394 393 1436 aptus
427 1386 475 1423 ad
503 1387 604 1422 hunc
632 1397 767 1431 usum;
798 1393 834 1421 et
861 1384 982 1421 simile
1012 1392 1066 1420 est
1093 1384 1131 1420 in
1161 1385 1180 1404 '¹‘
1201 1384 1342 1420 ceteris.

283 1441 332 1476 Et
351 1439 440 1488 quia
468 1446 597 1475 contra
625 1439 699 1474 hoc
725 1437 928 1486 praecipue
957 1448 1150 1485 opponere
1174 1436 1343 1473 niteban-

283 1500 358 1539 tur,
383 1491 469 1528 ideo
499 1491 586 1528 dicit
618 1490 722 1539 quod
749 1497 873 1538 potest
901 1490 1044 1538 opponi
1074 1490 1094 1511 ’¹‘
1121 1489 1226 1538 quod
1253 1489 1343 1525 nihil

282 1544 458 1593 prohibet
485 1551 658 1580 naturam
678 1555 756 1579 non
776 1543 898 1579 facere
916 1549 1072 1590 propter
1099 1542 1254 1589 aliquid,
1280 1554 1343 1578 ne-

284 1609 357 1645 que
385 1597 508 1632 facere
542 1605 694 1644 semper
727 1596 831 1644 quod
865 1594 1000 1630 melius
1029 1602 1094 1630 est.
1125 1594 1344 1631 Invenimus

285 1649 386 1686 enirn
415 1648 645 1697 quandoque
674 1648 778 1696 quod
807 1659 852 1684 ex
880 1647 1005 1695 aliqua
1033 1647 1251 1695 operatione
1281 1660 1344 1683 na-

283 1709 389 1739 turae
416 1702 592 1750 provenit
625 1701 750 1749 aliqua
776 1699 933 1747 utilitas,
972 1711 1070 1747 quae
1103 1706 1232 1735 tamen
1264 1711 1343 1736 non

284 1763 340 1792 est
365 1755 452 1792 finis
480 1754 576 1791 illius
605 1753 780 1790 naturalis
805 1752 1048 1802 operationis,
1070 1752 1138 1788 sed
1167 1751 1345 1799 contingit

284 1808 336 1845 sic
365 1807 533 1853 evenire;
564 1807 658 1844 sicut
685 1806 715 1843 si
744 1806 915 1843 dicamus
940 1805 1044 1853 quod
1071 1805 1214 1852 Jupiter
1235 1805 1342 1852 pluit,

283 1861 377 1898 idest
411 1862 515 1897 Deus
546 1861 608 1897 vel
641 1867 773 1896 natura
804 1858 1046 1904 universalis,
1081 1870 1159 1894 non
1190 1865 1345 1906 propter

282 1914 385 1950 hunc
412 1914 551 1960 finem,
580 1920 622 1949 ut
649 1913 882 1949 frumentum
911 1917 1147 1958 augmentet,
1177 1910 1245 1947 sed
1263 1911 1344 1959 plu-

282 1967 346 2005 via
360 1966 535 2015 provenit
551 1978 595 2003 ex
609 1965 828 2002 necessitate
845 1964 1036 2000 materiae.
1054 1963 1215 2012 Oportet
1230 1963 1342 2010 enim,

283 2019 520 2057 inferioribus
547 2018 715 2067 partibus
749 2029 794 2053 ex
825 2016 1104 2065 propinquitate
1132 2015 1220 2052 solis
1250 2017 1343 2052 cale-

284 2071 405 2118 factis,
434 2071 572 2108 resolvi
603 2082 766 2118 vapores
795 2081 840 2105 ex
868 2069 995 2116 aquis;
1028 2069 1165 2116 quibus
1193 2081 1344 2105 sursum

266 2123 574 2160 »ascendentibus
598 2130 753 2171 propter
781 2121 958 2167 calorem,
989 2133 1076 2157 curn
1104 2121 1344 2169 pervenerint

285 2177 334 2213 ad
362 2178 488 2213 locum
516 2175 582 2212 ubi
611 2175 737 2212 deficit
765 2174 866 2210 calor
892 2181 1047 2222 propter
1080 2173 1345 2210 distantiama

283 2230 369 2265 loco
406 2229 472 2265 ubi
511 2229 798 2265 reverberantur
833 2226 926 2263 radii
961 2226 1071 2273 solis,
1107 2238 1261 2262 necesse
1291 2233 1346 2262 est

284 2281 388 2330 quod
422 2293 520 2329 aqua
551 2279 821 2329 vaporabiliter
845 2280 864 2300 ss
885 2279 1093 2316 ascendens
1132 2277 1346 2326 congeletur

282 2334 436 2381 ibidem,
450 2342 485 2371 et
500 2333 759 2380 congelatione
774 2332 870 2368 facta
880 2333 910 2378 ἧς,
922 2344 1086 2380 vapores
1101 2339 1293 2368 vertantur
1307 2332 1345 2368 in

283 2399 444 2436 aquam;
466 2394 501 2423 et
526 2398 614 2422 cum
643 2397 742 2433 aqua
770 2384 877 2421 fuerit
903 2392 1090 2432 generata,
1111 2396 1265 2421 necesse
1291 2392 1346 2421 est

282 2440 387 2489 quod
415 2440 524 2477 cadat
552 2439 731 2475 deorsum
758 2445 911 2487 propter
935 2438 1177 2485 gravitatem:
1201 2445 1236 2474 et
1255 2450 1342 2473 cum

282 2493 357 2529 hoc
383 2493 446 2539 fit,
475 2491 610 2529 accidit
630 2498 671 2527 ut
698 2491 930 2527 frumentum
955 2497 1143 2537 augeatur.
1173 2491 1265 2526 Non
1293 2498 1345 2526 ta-

282 2557 373 2582 men
400 2553 554 2594 propter
579 2545 654 2580 hoc
685 2543 780 2592 pluit
811 2551 853 2580 ut
881 2551 1080 2591 augeatur;
1111 2543 1201 2592 quia
1219 2543 1345 2579 simili-

282 2605 338 2634 ter
356 2603 372 2619 0‘
392 2598 431 2634 in
460 2597 586 2646 aliquo
605 2597 690 2634 loco
710 2597 942 2633 frumentum
964 2596 1165 2633 destruitur
1191 2603 1345 2644 propter

282 2650 465 2699 pluviam,
485 2657 526 2686 ut
541 2662 629 2686 cum
650 2657 705 2685 est
724 2650 922 2686 collectum
943 2651 981 2686 in
996 2661 1094 2686 area.
1112 2649 1203 2685 Non
1217 2656 1345 2685 tamen

283 2710 439 2752 propter
465 2703 540 2739 hoc
566 2702 671 2750 pluit,
699 2710 741 2738 ut
769 2702 978 2739 destruatur
1001 2702 1247 2748 frumentum,
1279 2701 1344 2738 sed

283 2757 358 2792 hoc
384 2768 473 2792 casu
497 2754 641 2800 accidit,
662 2754 791 2803 pluvia
816 2754 988 2799 cadente3
1006 2761 1041 2790 et
1069 2754 1207 2791 eodem
1226 2754 1344 2790 modo

282 2808 432 2846 videtur
451 2821 540 2845 casu
555 2807 724 2844 accidere
744 2807 848 2855 quod
869 2807 1101 2843 frumentum
1122 2814 1263 2843 crescat
1276 2819 1346 2855 per

284 2861 468 2908 accidens,
488 2861 618 2910 pluvia
638 2860 805 2898 cadente.
831 2860 940 2897 Unde
963 2859 1113 2896 videtur
1132 2861 1236 2909 quod
1254 2860 1346 2897 nihil

282 2914 482 2962 prohibeat
513 2914 566 2950 sic
596 2913 709 2950 etiam
737 2925 818 2949 esse
842 2912 881 2949 in
904 2912 1074 2961 partibus
1105 2913 1343 2960 animalium,

338 3025 365 3060 α)
385 3027 448 3058 quic:
465 3026 690 3058 similiter.—-quia
703 3026 771 3051 sicut
788 3026 808 3050 P
823 3032 847 3051 et
866 3034 955 3058 margo
974 3027 995 3051 N
1007 3045 1014 3057 ,
1033 3027 1096 3058 quia
1114 3027 1144 3058 D,
1160 3027 1222 3058 quia
1240 3027 1263 3052 si
1276 3031 1343 3052 esset

285 3061 318 3092 Q,
337 3061 399 3094 quia
417 3061 454 3086 sic
472 3061 696 3090 AC1KOTVXab5
714 3061 825 3093 legimus
844 3069 903 3086 cum
918 3062 1008 3086 ceteris
1028 3061 1274 3093 codicibus.-1nfra,
1289 3063 1340 3087 col-

284 3096 540 3122 lectum...accidere
558 3098 630 3128 quod
641 3096 807 3130 frumentum
827 3104 879 3121 om.
898 3097 1114 3128 ACIKOTVXY;
1134 3105 1192 3121 cum
1207 3097 1298 3122 iisdem
1318 3102 1343 3121 et

284 3131 487 3163 DFHLMNQsE
511 3131 621 3163 legimus
639 3135 741 3156 crescat
755 3139 807 3163 per
824 3132 953 3161 accidens,
973 3132 1068 3163 pluvia
1086 3132 1207 3162 cadente,
1226 3132 1270 3156 ubi
1290 3139 1343 3164 per

285 3166 406 3191 accidens
424 3174 477 3191 om.
496 3166 563 3195 Pab,
582 3172 608 3191 et
626 3167 754 3198 GRSZpE
773 3167 887 3191 diversas
906 3166 1000 3191 habent
1019 3167 1132 3192 lacunas.

339 3200 364 3233 β)
383 3201 492 3233 quidam
511 3201 609 3230 dentes,
628 3201 775 3226 anteriores
793 3202 924 3226 scilicet.-
933 3202 1040 3234 quidam
1059 3209 1112 3226 om.
1131 3202 1230 3232 DFRZ,
1243 3202 1342 3227 scilicet

285 3244 338 3261 om.
352 3236 597 3261 DEFGHMNRZ.-
606 3237 656 3260 Pro
670 3239 696 3261 et
708 3236 792 3268 apt1'...
801 3240 828 3261 et
838 3236 921 3265 utiles,
931 3237 1014 3268 apti...
1025 3237 1101 3261 utiles
1111 3237 1256 3262 codd.—ita
1267 3242 1291 3261 et
1301 3238 1343 3262 vel

286 3272 351 3297 tales
365 3279 418 3296 om.
429 3271 563 3300 EG.-1bi.
573 3271 670 3296 accidit
684 3274 714 3295 ut
724 3271 802 3296 talem
809 3272 931 3303 sormam
942 3275 1170 3303 consequerentur,
1181 3272 1279 3297 accidit
1287 3280 1341 3296 orn.

286 3307 361 3331 codd.
376 3311 400 3331 et
414 3306 469 3335 ab;
482 3313 530 3338 pro
545 3309 585 3334 ut,
600 3306 698 3332 scilicet
713 3309 742 3330 ut
754 3306 787 3336 Y;
800 3313 848 3337 pro
861 3309 1090 3338 consequerentur,
1103 3307 1141 3331 sic
1154 3314 1340 3339 consequeren-

286 3345 331 3367 tur
349 3341 384 3372 C,
403 3341 441 3366 sic
458 3344 661 3373 consequeretur
674 3341 704 3371 R,
723 3344 925 3373 consequeretur
943 3341 1001 3365 edd.
1015 3348 1032 3365 a
1042 3340 1057 3365 b
1071 3345 1096 3366 et
1111 3347 1158 3366 cet.
1173 3349 1225 3366 exc.
1239 3342 1258 3366 F
1261 3342 1340 3366 LNO

338 3377 364 3410 γ)
386 3377 421 3401 Et
439 3376 501 3408 quia
515 3379 631 3408 posset...
650 3382 667 3400 a
685 3378 791 3400 natura.
805 3390 823 3394 -
836 3375 882 3400 Ed.
897 3382 914 3400 a
937 3376 1022 3400 omnia
1041 3376 1145 3400 miscet:
1167 3377 1202 3401 Et
1224 3377 1263 3401 ita
1277 3383 1340 3408 pos-

285 3415 344 3437 sent
363 3412 449 3437 dicere
468 3411 618 3436 adversarii
636 3414 662 3435 et
679 3410 742 3443 quia
755 3413 847 3442 posset
864 3410 965 3443 aliquid
984 3410 1070 3436 dicere
1092 3411 1163 3443 quod
1180 3418 1283 3443 semper
1301 3412 1342 3436 vel

287 3447 312 3472 in
327 3447 451 3479 pluribus
470 3447 536 3471 tales
555 3446 681 3471 utilitates
700 3449 904 3478 consequuntur,
920 3449 945 3470 et
964 3446 1002 3470 ita
1021 3446 1092 3477 quod
1109 3453 1211 3478 semper
1230 3447 1270 3471 vel
1280 3447 1340 3479 sre-

286 3485 396 3515 quenter
414 3482 569 3507 conveniens
587 3484 626 3506 est
639 3488 656 3505 a
676 3484 781 3506 natura.
793 3494 812 3500 -
826 3481 925 3506 Omnes
945 3481 1045 3505 codices
1060 3486 1085 3505 et
1103 3481 1118 3505 b
1136 3488 1188 3505 om.
1204 3481 1275 3513 quod
1292 3488 1340 3505 au-

1398 289 1494 325 quae
1514 277 1690 314 videntur
1710 291 1790 327 esse
1815 274 2090 326 sic'dispositae
2119 286 2272 326 propter
2297 279 2461 326 aliquem

1398 330 1538 366 finem:
1572 338 1702 379 utpote
1723 331 1826 379 quod
1848 331 1981 379 aliquis
2011 331 2108 368 dicat
2128 331 2231 379 quod
2261 343 2304 366 ex
2334 344 2460 368 neces-

1399 382 1504 418 sitate
1544 384 1721 419 materiae
1762 384 1942 430 contingit
1979 384 2082 432 quod
2115 383 2270 431 quidam
2308 384 2459 432 dentes,

1399 436 1604 472 anteriores
1638 436 1776 472 scilicet
1795 435 1823 482 β,
1845 436 1917 472 sint
1946 436 2044 472 acuti
2066 444 2100 472 et
2115 437 2190 484 apti
2221 436 2268 472 ad
2292 436 2461 473 dividen-

1400 488 1490 524 dum
1513 488 1652 534 cibum,
1670 496 1705 524 et
1724 489 1933 525 maxillares
1953 489 2026 525 sint
2045 489 2105 525 lati
2127 496 2162 525 et
2176 489 2284 524 utiles
2304 490 2351 526 ad
2373 502 2460 526 con-

1399 541 1597 577 terendum
1614 541 1752 578 cibum.
1770 542 1860 577 Non
1876 549 2002 577 tamen
2018 542 2068 578 ita
2087 542 2190 589 quod
2204 549 2359 589 propter
2373 543 2461 578 istas

1399 593 1573 629 utilitates
1594 601 1726 630 natura
1746 594 1874 630 fecerit
1902 594 2033 630 dentes
2061 595 2152 630 tales
2171 595 2232 630 vel
2254 595 2363 631 tales:
2394 595 2460 631 sed

1400 646 1489 694 quia
1517 646 1689 683 dentibus
1719 647 1771 682 sic
1800 646 1904 683 factis
1933 659 1954 683 a
1983 654 2116 682 natura
2149 654 2303 694 propter
2331 660 2459 684 neces-

1401 699 1548 734 sitatem
1577 699 1754 735 materiae
1784 699 1837 735 sic
1866 699 2106 745 decurrentis,
2137 699 2270 736 accidit
2287 707 2329 735 ut
2347 701 2459 737 talem

1401 751 1564 787 formam
1585 759 1915 800 consequerentur,
1946 764 2021 800 qua
2049 753 2172 787 forma
2200 752 2378 789 existente
2403 765 2459 789 se-

1401 804 1526 852 quitur
1558 805 1639 840 talis
1676 805 1823 841 utilitas.
1863 806 1910 841 Et
1948 805 2116 841 similiter
2151 812 2274 852 potest
2312 805 2383 841 dici
2413 806 2459 842 de

1401 857 1579 893 omnibus
1601 857 1681 893 aliis
1699 857 1880 905 partibus,
1911 869 2008 906 quae
2036 857 2214 894 videntur
2237 857 2375 893 habere
2396 858 2459 894 ali-

1401 921 1517 956 quam
1548 911 1567 930 *
1596 909 1884 946 determinatam
1913 911 2077 946 formam
2111 914 2265 959 propter
2294 910 2458 958 aliquem

1400 962 1532 998 finem.

1452 1026 1489 1060 4.
1519 1015 1567 1050 Et
1600 1014 1687 1062 quia
1712 1022 1841 1063 posset
1870 1015 2003 1062 aliquis
2030 1015 2154 1051 dicere
2179 1015 2284 1063 quod
2309 1028 2460 1064 semper

1399 1067 1461 1103 vel
1489 1074 1530 1103 ut
1551 1067 1570 1087 ’³‘
1588 1066 1628 1103 in
1656 1067 1826 1115 pluribus
1854 1068 1944 1104 tales
1965 1068 2137 1104 utilitates
2158 1076 2457 1117 consequuntur3

1399 1119 1505 1168 quod
1539 1127 1666 1156 autem
1705 1127 1760 1156 est
1788 1132 1939 1168 semper
1965 1121 2027 1156 vel
2056 1121 2290 1168 frequenter,
2319 1133 2459 1159 conve-

1399 1173 1506 1209 niens
1527 1179 1582 1208 est
1601 1184 1681 1209 esse
1702 1185 1724 1209 a
1751 1180 1884 1209 natura
1912 1178 1941 1208 ⁷:
1971 1173 2057 1209 ideo
2087 1175 2134 1210 ad
2153 1174 2251 1209 hanc
2280 1174 2458 1211 obiectio—

1399 1238 1488 1263 nem
1509 1225 1805 1272 excludendam,
1827 1225 1954 1262 dicunt
1983 1225 2086 1273 quod
2107 1238 2128 1261 a
2155 1226 2339 1274 principio
2369 1239 2458 1263 con-

1400 1278 1601 1315 stitutionis
1629 1278 1774 1325 mundi,
1805 1285 1967 1325 quatuor
1989 1279 2174 1314 elementa
2201 1287 2459 1316 convenerunt

1400 1333 1447 1369 ad
1486 1331 1791 1368 constitutionem
1821 1343 1946 1367 rerum
1985 1332 2237 1378 naturalium,
2269 1339 2304 1367 et
2340 1332 2458 1368 factae

1400 1391 1485 1421 sunt
1512 1385 1652 1420 multae
1682 1391 1718 1420 et
1744 1383 1871 1420 variae
1905 1384 2170 1432 dispositiones
2199 1396 2325 1420 rerum
2354 1380 2459 1421 na'tu-

1400 1437 1556 1473 ralium:
1591 1444 1626 1473 et
1664 1436 1702 1473 in
1737 1436 2040 1485 quibuscumque
2077 1437 2207 1473 omnia
2232 1437 2285 1473 sic
2314 1437 2459 1474 accide-

1400 1498 1486 1526 runt
1504 1497 1591 1538 apta
1612 1489 1660 1526 ad
1689 1489 1854 1537 aliquam
1883 1489 2103 1536 utilitatem,
2125 1490 2222 1526 sicut
2248 1489 2278 1526 si
2306 1498 2461 1539 propter

1399 1543 1473 1578 hoc
1501 1543 1597 1578 facta
1625 1550 1768 1588 essent,
1798 1542 1860 1578 illa
1887 1549 2034 1578 tanturn
2063 1540 2076 1563 ὃ
2105 1550 2328 1579 conservata
2356 1551 2458 1590 sunt,

1400 1607 1446 1631 eo
1475 1595 1579 1642 quod
1598 1595 1810 1631 habuerunt
1829 1595 2117 1643 dispositionem
2146 1603 2273 1644 aptam
2302 1596 2350 1632 ad
2371 1608 2459 1632 con-

1399 1648 1675 1693 servationem,
1705 1660 1783 1684 non
1820 1648 1867 1683 ab
1906 1647 2033 1695 aliquo
2071 1656 2202 1695 agente
2244 1647 2460 1685 intendente

1399 1700 1530 1746 finem,
1561 1700 1627 1736 sed
1647 1700 1694 1735 ab
1724 1712 1769 1736 eo
1790 1700 1893 1748 quod
1913 1708 1968 1736 est
1985 1713 2054 1748 per
2072 1713 2111 1737 se
2135 1713 2291 1748 vanum,
2313 1701 2408 1738 idest
2437 1714 2459 1738 a

1401 1765 1501 1789 casu.
1523 1753 1800 1800 Quaecumque
1820 1765 1912 1788 vero
1943 1765 2020 1789 non
2039 1754 2253 1790 habuerunt
2272 1754 2385 1790 talem
2406 1755 2459 1791 di-

1400 1805 1649 1854 spositionem
1688 1812 1774 1841 sunt
1803 1805 2000 1851 destructa,
2028 1812 2063 1841 et
2091 1806 2299 1865 quotidie’rs
2320 1807 2460 1843 destru-

1399 1865 1532 1903 untur;
1558 1858 1653 1894 sicut
1681 1858 1936 1906 Empedocles
1971 1835 2061 1894 dixit
2084 1871 2105 1894 a
2133 1859 2317 1907 principio
2347 1859 2459 1896 fuisse

1399 1911 1589 1958 quosdam
1618 1917 1832 1958 generatos,
1858 1911 1921 1959 qui
1951 1923 1995 1947 ex
2022 1923 2100 1947 una
2127 1920 2231 1960 parte
2262 1919 2364 1948 erant
2393 1913 2459 1948 bo-

1397 1976 1478 2011 ves,
1499 1971 1535 2000 et
1555 1976 1599 2000 ex
1619 1963 1691 2000 alia
1708 1971 1814 2011 parte
1836 1971 1941 2000 erant
1960 1964 2135 2000 homines
2164 1971 2185 2001 Ξ.

1457 2018 1488 2054 5.
1506 2017 1612 2052 Haec
1632 2023 1687 2052 est
1702 2029 1790 2064 ergo
1807 2017 1901 2053 ratio
1917 2029 1985 2065 per
2000 2029 2116 2064 quam
2132 2017 2264 2065 aliquis
2281 2019 2299 2038 ³⁴
2317 2017 2459 2055 dubita—

1399 2069 1463 2115 bit;
1483 2070 1546 2106 vel
1566 2070 1596 2106 si
1617 2069 1742 2117 aliqua
1762 2069 1833 2105 alia
1851 2070 1935 2106 talis
1954 2077 2018 2106 est.
2042 2070 2118 2107 Sed
2141 2070 2459 2108 considerandum

1399 2130 1454 2158 est
1477 2121 1515 2158 in
1534 2122 1604 2158 ista
1628 2122 1783 2169 ratione,
1809 2123 1913 2170 quod
1943 2124 2160 2171 exemplum
2189 2123 2460 2160 inconveniens

1399 2174 1533 2222 accipit
1562 2176 1593 2211 ²¹².
1632 2175 1736 2211 Nam
1764 2175 1894 2223 pluvia
1931 2176 2016 2212 licet
2043 2176 2180 2212 habeat
2207 2177 2459 2213 necessariam

1401 2239 1555 2263 causam
1589 2239 1634 2262 ex
1665 2234 1768 2276 parte
1803 2228 1999 2275 materiae,
2024 2236 2152 2265 tamen
2186 2230 2380 2266 ordinatur
2412 2230 2459 2266 ad

1399 2281 1518 2316 finem
1542 2279 1720 2327 aliquem,
1749 2280 1889 2317 scilicet
1910 2281 1958 2317 ad
1980 2281 2310 2319 conservationem
2333 2295 2458 2320 rerum

1399 2332 1671 2380 generabilium
1692 2340 1728 2369 et
1748 2333 2057 2381 corruptibilium.
2081 2335 2240 2383 Propter
2258 2336 2332 2372 hoc
2358 2335 2460 2372 enim

1401 2393 1456 2422 est
1478 2385 1668 2432 generatio
1700 2393 1736 2421 et
1760 2387 1950 2434 corruptio
1966 2393 2098 2423 mutua
2118 2387 2136 2407 '¹‘
2158 2387 2195 2424 in
2215 2388 2291 2424 istis
2311 2388 2459 2425 inferio-

1400 2438 1513 2484 ribus,
1534 2445 1575 2474 ut
1599 2445 1843 2474 conservetur
1861 2446 2087 2487 perpetuum
2108 2451 2188 2476 esse
2209 2440 2248 2476 in
2268 2441 2331 2477 eis.
2349 2441 2458 2478 Unde

1400 2498 1646 2538 augmentum
1670 2491 1847 2527 frumenti
1874 2491 2186 2529 inconvenienter
2206 2493 2392 2541 ‘accipitur
2420 2494 2459 2530 in

1401 2544 1638 2592 exemplum:
1670 2551 1910 2592 comparatur
1948 2544 2048 2581 enim
2088 2557 2201 2581 causa
2235 2546 2458 2583 universalis

1400 2597 1448 2633 ad
1468 2596 1645 2634 effectum
1676 2596 1951 2645 particularem.
1974 2597 2051 2634 Sed
2071 2605 2107 2634 et
2133 2599 2208 2634 hoc
2228 2598 2341 2635 etiam
2371 2612 2458 2636 con-

1399 2649 1642 2686 siderandum
1673 2657 1750 2696 est,
1781 2649 1884 2696 quod
1918 2658 2165 2697 augmentum
2195 2658 2230 2687 et
2259 2664 2458 2689 conserva-

1399 2702 1450 2738 tio
1479 2710 1598 2738 terrae
1619 2702 1853 2739 nascentium
1874 2702 2006 2739 accidit
2026 2715 2071 2739 ex
2099 2704 2229 2751 pluvia
2251 2712 2292 2740 ut
2311 2705 2348 2741 in
2376 2706 2457 2752 plu-

1400 2755 1524 2801 ribus;
1555 2755 1621 2792 sed
1659 2755 1848 2803 corruptio
1887 2755 2020 2792 accidit
2050 2764 2091 2792 ut
2119 2756 2157 2793 in
2194 2757 2456 2804 paucioribus:

1398 2808 1500 2857 unde
1538 2807 1622 2844 licet
1657 2808 1787 2856 pluvia
1815 2820 1893 2844 non
1922 2808 1966 2845 sit
1993 2816 2148 2858 propter
2183 2810 2456 2858 perditionem,

1399 2873 1477 2897 non
1510 2867 1638 2897 tamen
1666 2860 1832 2909 sequitur
1859 2862 1963 2909 quod
2000 2874 2078 2898 non
2106 2862 2152 2898 sit
2185 2870 2340 2911 propter
2368 2875 2457 2900 con-

1400 2913 1654 2950 servationem
1684 2921 1720 2950 et
1748 2921 2006 2961 augmentum.

1397 3031 1475 3052 tem...
1488 3034 1504 3051 a
1524 3030 1632 3052 natura.
1645 3041 1663 3045 —
1676 3027 1738 3051 Post
1753 3026 1844 3051 dicunt
1862 3027 1920 3051 add.
1939 3027 2090 3052 adversarii
2106 3027 2174 3057 Pab,-
2192 3028 2387 3053 constitutionis
2405 3037 2457 3053 om.

1396 3062 1551 3093 DFHMRZ;
1570 3069 1617 3095 pro
1636 3065 1759 3094 quatuor,
1775 3062 1955 3094 multipliciter
1974 3063 2047 3086 codd.
2061 3070 2114 3087 exc.
2129 3063 2252 3087 ACleL.

1448 3096 1472 3129 ὃ)
1494 3097 1540 3122 illa
1559 3100 1671 3122 tantum.
1683 3111 1702 3116 -
1715 3098 1751 3122 Et
1776 3097 1822 3129 illa
1842 3100 1945 3121 tantum
1964 3098 1997 3127 P,
2021 3098 2144 3130 incipiens
2169 3105 2263 3122 novam
2289 3098 2455 3128 sententiar-123

1396 3133 1443 3156 sed
1462 3140 1509 3156 nec
1527 3133 1628 3157 codices
1647 3140 1694 3157 nec
1712 3132 1754 3156 ab
1773 3131 1868 3156 habent
1886 3135 1925 3162 et;
1944 3133 2039 3156 accedit
2058 3133 2127 3164 quod
2151 3133 2197 3156 illa
2216 3133 2241 3156 in
2261 3133 2350 3157 eadem
2369 3132 2455 3165 phrasi

1396 3175 1454 3191 cum
1474 3167 1676 3200 quibuscumque
1695 3167 1831 3192 cohaerere
1851 3167 1925 3191 debet
1944 3173 1972 3191 ut
1986 3175 2079 3191 sensus
2098 3168 2248 3199 perspicuus
2268 3167 2308 3192 sit.
2327 3168 2377 3192 Pro
2396 3171 2455 3192 tan-

1396 3205 1459 3232 tum,
1475 3203 1544 3234 quod
1563 3210 1616 3228 om.
1631 3203 1722 3233 CQsL,
1736 3206 1822 3227 tamen
1842 3202 2074 3230 AEIKNOTVXY,
2090 3209 2148 3226 cum
2168 3202 2208 3226 ed.
2222 3209 2246 3231 a,
2267 3205 2322 3226 tum
2342 3203 2382 3227 ed.
2401 3203 2424 3227 b.
2436 3217 2455 3222 —

1395 3237 1543 3262 immediate
1563 3243 1621 3262 ante
1640 3245 1688 3269 pro
1702 3241 1816 3269 propter
1838 3237 1887 3261 hoc
1899 3237 1978 3270 facta
1997 3240 2088 3266 essent,
2104 3239 2249 3268 propterea
2268 3240 2354 3262 essent
2371 3238 2454 3262 ΑΙΚΟ

1396 3272 1500 3302 QTVX,
1509 3276 1656 3304 propterea
1674 3272 1738 3297 haee
1744 3274 1824 3305 sacta
1842 3274 1904 3296 sunt
1922 3272 1970 3301 LS,
1979 3274 2125 3303 propterea
2139 3274 2224 3296 essent
2235 3273 2315 3304 facta
2331 3272 2388 3297 edd.
2403 3280 2420 3297 a
2430 3273 2453 3302 b,

1390 3310 1504 3339 propter
1522 3308 1586 3333 haec
1604 3311 1690 3332 essent
1700 3309 1779 3340 facta
1798 3307 1826 3331 P.

1448 3341 1470 3376 ε)
1490 3343 1594 3368 boves...
1612 3342 1765 3367 homines.-
1775 3341 1880 3372 PZpAR
1899 3346 1924 3365 et
1943 3341 1972 3371 b,·
1991 3341 2074 3370 boves,
2091 3342 2131 3366 vel
2149 3348 2186 3366 ex
2211 3349 2264 3366 una
2277 3346 2359 3374 parte
2377 3347 2454 3368 erant

1394 3377 1501 3409 viperae
1515 3381 1542 3402 et
1553 3378 1607 3402 alia
1630 3377 1748 3402 homines
1767 3377 1799 3406 C;
1820 3376 1896 3400 boves
1910 3379 1936 3400 et
1955 3376 1992 3408 (et
2005 3383 2057 3400 om.
2072 3376 2128 3408 EG)
2144 3383 2181 3401 ex
2194 3376 2249 3401 alia
2263 3380 2345 3409 parte
2364 3376 2454 3411 (parte

1394 3419 1447 3436 om.
1466 3411 1624 3445 FMNRTZ)
1644 3415 1722 3436 erant
1740 3411 1806 3443 (om.
1822 3409 1905 3444 EFG)
1925 3411 2049 3440 homines,
2071 3411 2111 3435 vel
2129 3418 2166 3436 ex
2189 3419 2242 3436 una
2259 3416 2341 3444 parte
2361 3412 2454 3446 (erant

1394 3447 1451 3471 add.
1466 3447 1561 3479 FTsR)
1581 3447 1686 3479 viperae
1705 3449 1731 3471 et
1749 3453 1785 3470 ex
1804 3445 1851 3478 (ex
1869 3453 1922 3470 om.
1937 3445 2071 3480 IQSVXa)
2091 3446 2145 3471 alia
2164 3446 2259 3479 (erant
2277 3448 2334 3473 add.
2349 3448 2387 3483 T)
2407 3449 2453 3473 ho-

1394 3481 1484 3511 mines,
1504 3487 1552 3506 cet.
1571 3487 1596 3506 et
1614 3489 1640 3506 α.

2488 922 2497 931 ⁴
2514 921 2617 948 aliquam
2632 927 2704 942 om.1)

2488 953 2601 968 connum.

2487 1075 2495 1084 “
2511 1076 2535 1095 ut
2549 1080 2596 1095 om.
2617 1080 2700 1095 accon<

2487 1107 2588 1126 oqrvxr.

2488 1817 2620 1838 continue
2634 1824 2657 1839 Ν.

2487 2028 2497 2038 ⁴*
2512 2028 2617 2055 quisquis
2630 2028 2700 2049 ,xci'xo

2488 2060 2587 2080 ervxa.

2489 2187 2499 2196 ⁸
2513 2186 2618 2213 accipiat
2631 2192 2652 2207 p,

2489 2399 2497 2407 ·
2511 2400 2589 2420 mutua
2607 2404 2654 2419 om.
2675 2403 2703 2419 ΡΑ

2488 2424 2661 2450 crxoorvxrab.
