2898 3996
165 1047 175 1057 ⁸
190 1052 266 1073 quare
277 1051 337 1072 13qu

165 1077 187 1094 et
206 1079 230 1093 a.

265 1417 279 1446 ζ

169 1531 179 1542 ⁸
192 1532 218 1578 gt
232 1536 279 1551 om.
302 1535 344 1557 ppt:
359 1532 380 1550 et

168 1563 182 1578 α
207 1573 212 1578 .

168 1850 177 1859 “
198 1847 310 1875 temporis
329 1846 381 1867 add.

171 1881 185 1895 a
196 1874 208 1895 b
219 1878 240 1895 et
255 1873 323 1895 codd.
332 1879 382 1894 exc.

168 1908 209 1929 po.

171 1955 181 1965 ¹⁸
197 1952 329 1981 diversifld
342 1959 384 1974 co-

173 1981 245 2002 dices.

174 2383 184 2393 ⁸
201 2383 272 2404 Num.
288 2388 337 2409 seq.

176 2469 183 2475 ·
201 2467 272 2488 Num.
288 2472 317 2487 12.

178 2645 187 2655 ⁸
203 2644 263 2665 Lect.
280 2649 318 2664 xlv
337 2649 388 2670 sqq.

180 2750 188 2757 ·
203 2749 267 2795 ἐάσει·
282 2754 328 2769 om.
348 2753 390 2769 pen

179 2782 194 2811 ξι
204 2791 275 2829 eiquus
291 2800 390 2822 Psauab.

179 2852 189 2861 ⁸
205 2849 346 2871 S.Th.1ect.
362 2854 389 2873 n:

180 2877 233 2898 Did.
245 2877 284 2897 lib.
298 2875 336 2900 IX,
348 2880 390 2900 αι,

179 2909 330 2951 ΕἸιξέἱηίηαιο
347 2933 390 2948 sou

180 2957 277 3003 5isir'nm'ct
290 2987 337 3003 om.
349 2986 391 3007 rpr:

180 3013 202 3030 ct
217 3015 231 3030 a
241 3009 261 3030 b.

181 3072 189 3081 ²
203 3071 324 3095 l,cct.x1x,
338 3075 360 3089 n.
370 3068 392 3088 6.

182 3171 189 3178 '
200 3169 324 3190 terminato
335 3171 393 3193 pupt:

181 3199 201 3216 ct
217 3202 231 3216 a
242 3195 262 3216 b.

182 3223 203 3233 '⁸
210 3222 335 3243 terminato
342 3219 393 3242 rab.

185 3329 194 3338 ⁴
210 3328 279 3349 Num.
296 3333 370 3354 praec.

403 286 479 321 224

1031 271 1378 309 PHYSICORUM
1405 271 1754 309 ARISTOTELIS
1783 271 1877 307 LIB.
1908 271 1959 307 1V

402 365 586 390 numerus
624 358 751 389 motus
790 351 958 388 continui
995 350 1278 398 universaliter,
1317 358 1354 387 et
1390 363 1470 388 non
1523 350 1553 387 si
1573 349 1713 398 aliquid
1737 349 1843 398 quod
1863 356 1918 386 est
1936 349 2116 398 primum,
2143 357 2198 387 est
2220 362 2401 387 mensura
2419 351 2587 388 omnium

403 406 561 443 alicuius
600 404 840 442 determinati
868 412 1007 440 motus.

457 460 491 495 8.
522 457 671 495 Deinde
702 469 790 494 cum
811 457 914 494 dicit:
935 457 1009 493 Sed
1026 462 1080 492 est
1096 467 1196 493 nunc
1220 456 1367 493 moveri
1384 463 1467 503 etc.,

401 511 592 560 improbat
619 510 853 559 praedictam
882 509 1122 546 solutionem.
1145 509 1338 556 Contingit
1366 508 1469 546 enim

402 565 527 613 aliqua
557 564 632 600 duo
663 563 773 599 simul
802 562 968 599 moveri:
988 562 1019 599 si
1043 574 1132 610 ergo
1162 561 1359 598 cuiuslibet
1387 574 1469 598 mo-

402 625 460 654 tus
489 625 640 665 tempus
669 616 714 653 sit
742 628 943 663 numerus,
964 622 1144 663 sequetur
1170 615 1275 663 quod
1305 615 1470 652 duorum

403 677 580 707 motuum
601 669 714 706 simul
743 668 981 705 existentium
1002 668 1048 704 sit
1066 668 1225 704 alterum
1246 675 1283 704 et
1309 669 1470 704 alterurn

402 731 568 771 tempus:
600 729 636 758 et
663 722 716 759 sic
743 722 898 758 ulterius
926 729 1106 770 sequetur
1133 721 1238 768 quod
1271 721 1348 758 duo
1377 727 1472 757 tem-

402 788 498 824 pora
517 775 689 824 aequalia
709 775 782 812 sint
800 774 924 820 simul,
940 782 1071 823 utpote
1093 773 1170 810 duo
1192 774 1272 811 dies
1290 774 1352 810 vel
1373 773 1471 810 duae

402 830 533 866 horae.
549 829 638 865 Duo
659 835 787 865 autern
807 835 982 876 tempora
1006 827 1222 875 inaequalia
1241 827 1355 863 simul
1376 838 1470 873 esse,

404 894 483 918 non
503 889 559 918 est
577 880 812 926 admirabile,
833 888 875 916 ut
893 880 995 917 diem
1016 887 1052 916 et
1069 880 1218 916 horam.

458 947 494 982 9.
525 934 674 971 Deinde
703 946 791 970 cum
822 932 928 970 dicit:
958 934 1038 970 Aut
1055 944 1150 969 non:
1179 944 1290 970 omne
1310 943 1474 980 namque

404 994 548 1035 tempus
576 994 658 1033 etc.,
681 986 843 1024 ostendit
866 987 941 1023 hoc
967 998 1048 1023 esse
1069 985 1313 1034 impossibile,
1335 985 1475 1022 scilicet

406 1041 483 1077 duo
512 1048 687 1088 tempora
715 1039 887 1088 aequalia
921 1039 1032 1076 simul
1063 1051 1160 1076 esse:
1190 1038 1278 1088 quia
1308 1039 1327 1059 ‘¹⁴
1357 1049 1472 1074 omne

405 1102 556 1142 tempus
573 1093 677 1142 quod
697 1100 752 1129 est
766 1092 878 1130 simul
896 1100 933 1129 et
945 1093 1126 1138 similiter,
1142 1091 1238 1129 idest
1256 1090 1472 1140 aequaliter,

407 1154 462 1183 est
489 1158 610 1182 unum
637 1153 806 1182 tanturn:
836 1145 904 1182 sed
932 1153 1082 1194 tempus
1106 1141 1212 1193 quod
1244 1157 1323 1182 non
1351 1151 1407 1180 est
1427 1143 1473 1180 si—

406 1200 498 1246 mul,
519 1211 598 1236 non
619 1206 674 1235 est
692 1211 813 1236 unum
833 1210 1016 1244 numero;
1043 1198 1112 1236 sed
1140 1197 1286 1247 species
1315 1197 1395 1234 eius
1420 1203 1476 1233 est

405 1265 493 1299 una,
524 1252 618 1289 sicut
638 1252 719 1289 dies
739 1264 829 1289 curn
851 1252 923 1298 die,
955 1259 990 1288 et
1018 1264 1141 1288 annus
1171 1263 1258 1288 cum
1287 1262 1401 1287 anno.
1425 1250 1475 1285 Et

406 1306 481 1342 hoc
508 1304 724 1342 manifestat
746 1317 815 1354 per
847 1305 968 1341 simile
998 1305 1035 1341 in
1069 1304 1148 1341 aliis
1185 1303 1404 1341 numeratis.
1435 1301 1474 1338 Si

408 1359 510 1395 enim
539 1365 626 1395 sunt
645 1365 792 1406 septem
813 1358 902 1406 equi
931 1365 967 1394 et
985 1365 1132 1406 septem
1163 1369 1287 1402 canes,
1308 1367 1386 1393 non
1407 1354 1475 1392 dif-

406 1412 530 1448 ferunt
549 1411 762 1448 secundum
782 1423 986 1448 numerum
1007 1410 1032 1457 ζ,
1054 1410 1121 1447 sed
1146 1410 1325 1447 differunt
1344 1420 1476 1445 secun-

408 1465 501 1502 dum
530 1464 698 1513 speciem
737 1476 863 1501 rerum
902 1471 1199 1500 numeratamm.
1230 1463 1279 1498 Et
1311 1460 1478 1498 similiter

408 1517 584 1555 omniurn
612 1524 788 1554 motuum
818 1516 883 1564 qui
912 1517 1023 1553 simul
1055 1516 1305 1552 terminantur
1324 1522 1360 1551 et
1382 1515 1401 1535 ’¹‘
1420 1526 1476 1550 se-

409 1571 578 1608 cundum
606 1569 834 1619 principium
855 1577 891 1606 et
910 1569 1122 1606 secundum
1142 1569 1273 1614 finem,
1299 1575 1355 1604 est
1374 1567 1477 1604 idem

407 1632 575 1672 tempus:
603 1623 669 1660 sed
703 1630 830 1659 motus
860 1622 1038 1659 differunt
1066 1621 1278 1658 secundum
1305 1620 1478 1669 proprias

409 1678 589 1722 rationes,
616 1676 842 1724 inquantum
870 1676 965 1712 forte
994 1688 1093 1712 unus
1114 1682 1169 1711 est
1196 1675 1309 1711 velox
1330 1681 1367 1710 et
1386 1673 1479 1710 alius

409 1730 550 1775 tardus,
572 1737 607 1766 et
634 1741 733 1765 unus
754 1736 810 1765 est
829 1729 901 1765 loci
922 1728 1081 1765 mutatio
1111 1736 1147 1765 et
1177 1728 1270 1764 alius
1299 1725 1478 1763 alteratio.

411 1784 488 1820 Sed
512 1790 663 1831 tempus
693 1789 748 1818 est
776 1782 896 1829 idern,
918 1782 947 1818 si
976 1781 1203 1818 alterationis
1233 1788 1269 1817 et
1296 1779 1368 1817 loci
1397 1791 1480 1816 mu-

409 1836 560 1873 tationis
581 1835 627 1872 sit
646 1835 814 1883 aequalis
835 1847 1017 1872 numerus
1027 1835 1058 1881 ²⁸,
1071 1833 1267 1883 supposito
1288 1832 1393 1881 quod
1408 1832 1480 1869 sint

411 1889 534 1926 simul.
557 1889 605 1925 Et
623 1896 779 1937 propter
797 1889 872 1925 hoc
892 1895 1042 1936 oportet
1061 1887 1166 1937 quod
1186 1894 1314 1923 motus
1333 1885 1406 1922 sint
1429 1885 1480 1921 al-

410 1942 479 1979 teri
500 1950 535 1979 et
554 1941 664 1978 divisi
685 1942 732 1978 ab
748 1942 768 1962 *
786 1941 965 1987 invicem,
987 1941 1054 1978 sed
1070 1949 1222 1989 tempus
1242 1939 1280 1976 in
1301 1938 1480 1975 omnibus

413 2003 467 2033 est
485 1996 610 2033 idem:
640 1994 729 2043 quia
756 2007 855 2032 unus
875 2002 911 2031 et
930 1994 1033 2031 idem
1061 2005 1245 2030 numerus
1266 2000 1321 2029 est
1345 2003 1479 2028 eorum

412 2061 509 2097 quae
549 2055 635 2085 sunt
663 2047 835 2096 aequalia
865 2055 900 2084 et
928 2047 1060 2093 simul,
1090 2046 1325 2094 ubicumque
1354 2044 1436 2081 sint.

473 2114 528 2138 10.
546 2101 696 2139 Deinde
717 2113 806 2137 curn
831 2100 936 2138 dicit:
969 2100 1157 2142 Quoniam
1186 2104 1310 2136 autem
1331 2103 1385 2134 est
1411 2097 1484 2134 loci

413 2155 569 2192 mutatio
591 2162 673 2201 etc.,
685 2154 792 2202 ponit
810 2165 943 2190 veram
964 2152 1205 2190 solutionem.
1223 2152 1271 2188 Et
1293 2151 1390 2188 circa
1409 2152 1482 2188 hoc

413 2208 483 2245 tria
511 2208 618 2244 facit:
657 2207 782 2256 primo
809 2206 1013 2255 praemittit
1046 2204 1236 2254 quaedam
1265 2216 1362 2252 quae
1397 2210 1482 2240 sunt

415 2260 628 2299 necessaria
657 2260 705 2297 ad
729 2260 979 2304 solutionem3
1009 2257 1178 2295 secundo
1202 2269 1246 2293 ex
1265 2256 1482 2306 praemissis

416 2314 646 2352 solutionem
687 2313 896 2359 concludit,
935 2312 1008 2348 ibi:
1047 2312 1090 2348 Si
1121 2311 1238 2360 igitur
1274 2310 1375 2358 quod
1402 2311 1483 2358 pri-

415 2380 520 2405 mum
543 2368 562 2388 '¹‘
582 2374 673 2411 etc.;
698 2366 806 2402 tertio
833 2365 1047 2402 manifestat
1075 2364 1304 2401 solutionem
1333 2369 1402 2412 per
1430 2362 1483 2400 di-

417 2429 476 2458 cta
495 2420 654 2457 aliorum
675 2425 699 2465 η,
722 2419 793 2455 ibi:
825 2419 931 2456 Unde
954 2424 990 2454 et
1005 2418 1180 2454 videtur*
1194 2423 1262 2453 etc.
1285 2416 1395 2452 Circa
1408 2415 1482 2465 pri-

416 2486 524 2511 mum
553 2472 758 2522 praemittit
785 2472 864 2508 tria.
887 2472 1063 2518 Quorum
1088 2470 1257 2519 primum
1287 2476 1352 2516 est,
1379 2469 1484 2518 quod

416 2527 512 2564 inter
531 2527 624 2563 alios
649 2532 787 2572 motus,
816 2525 963 2574 primus
985 2520 1022 2560 et
1040 2523 1160 2571 magis
1189 2523 1349 2571 simplex
1373 2529 1410 2558 et
1429 2534 1485 2558 re-

416 2580 552 2628 gularis
592 2586 646 2615 est
683 2585 810 2615 motus
847 2577 995 2624 localis;
1035 2584 1071 2613 et
1102 2576 1198 2612 inter
1230 2576 1322 2612 alios
1355 2582 1484 2611 motus

417 2634 571 2679 locales,
608 2639 734 2669 motus
773 2631 979 2675 circularis,
1018 2637 1059 2666 ut
1096 2629 1134 2665 in
1169 2635 1306 2665 octavo
1343 2628 1363 2648 *
1395 2639 1483 2676 pro-

418 2687 579 2723 babitur.
612 2685 832 2722 Secundum
867 2691 922 2720 est
949 2683 1054 2731 quod
1082 2680 1386 2729 unumquodque
1416 2692 1484 2716 nu-

418 2747 586 2776 meratur
600 2750 678 2775 uno
694 2738 865 2786 quodam
878 2736 1072 2785 proximo,
1094 2734 1188 2771 idest
1208 2735 1228 2755 ²²
1248 2733 1305 2770 sui
1324 2733 1483 2781 generis,

419 2794 513 2829 sicut
531 2791 692 2828 unitates
722 2791 873 2836 unitate,
896 2797 932 2826 et
960 2788 1046 2836 equi
1064 2789 1211 2835 *eun
1240 2794 1282 2823 ut
1313 2793 1415 2835 patet
1446 2786 1484 2822 in

419 2847 453 2882 X
482 2846 698 2893 Metaphys.
722 2845 757 2880 *z
778 2843 881 2880 unde
911 2848 1060 2890 oportet
1083 2840 1187 2888 quod
1211 2847 1363 2888 tempus
1391 2851 1485 2887 quo-

419 2899 509 2936 dam
530 2897 780 2935 determinato
800 2897 820 2917 ³²
838 2903 1014 2943 tempore
1038 2900 1289 2940 mensuretur,
1312 2892 1407 2929 sicut
1429 2892 1484 2929 vi-

419 2953 555 2989 demus
581 2949 686 2998 quod
715 2949 844 2986 omnia
866 2949 886 2970 ²⁸
910 2955 1084 2996 tempora
1118 2954 1385 2983 mensurantur
1418 2957 1486 2994 per

421 3005 534 3042 diem.
556 3003 731 3040 Tertium
751 3001 856 3050 quod
891 2999 1094 3049 praemittit
1113 3007 1179 3046 est,
1201 3000 1306 3047 quod
1333 3006 1484 3046 tempus

419 3064 660 3095 mensuratur
688 3062 795 3092 motu
824 3061 860 3091 et
887 3061 1014 3090 motus
1042 3060 1232 3101 tempore,
1260 3058 1302 3088 ut
1330 3063 1444 3099 supra
1465 3052 1484 3072 ’-““

421 3111 562 3148 dictum
593 3117 658 3146 est:
680 3116 715 3145 et
741 3109 816 3145 hoc
836 3107 922 3144 ideo
949 3114 1015 3153 est,
1045 3105 1133 3154 quia
1161 3105 1288 3152 aliquo
1310 3104 1485 3141 determi-

420 3172 509 3201 nato
527 3165 546 3185 *²
572 3170 692 3209 motu,
723 3169 759 3198 et
787 3160 913 3210 aliquo
944 3158 1192 3196 determinato
1223 3158 1265 3179 *²¹²
1293 3165 1483 3205 ternpore,

421 3223 661 3255 mensuratur
676 3214 862 3263 quantitas
878 3212 1075 3250 cuiuslibet
1090 3218 1216 3248 motus
1237 3218 1279 3247 et*
1290 3210 1483 3259 temporis.

482 3283 538 3308 11.
568 3269 717 3307 Deinde
747 3279 834 3304 curn
855 3266 962 3307 dicit:
992 3265 1034 3302 Si
1056 3265 1172 3314 igitur
1199 3264 1299 3312 quod
1314 3264 1484 3312 primum

423 3335 599 3360 mensura
628 3328 682 3359 est
700 3329 781 3368 etc.,
808 3318 997 3357 concludit
1018 3331 1062 3355 ex
1087 3316 1303 3367 praemissis
1326 3318 1355 3363 ³¹²,
1381 3315 1485 3364 quod

477 3438 501 3469 ζ)
523 3438 553 3462 Si
562 3437 630 3462 enim
641 3440 728 3461 sunt...
743 3435 885 3461 secundum
910 3441 1056 3459 numerum.
1069 3445 1090 3450 —
1102 3433 1137 3457 Ita
1147 3432 1175 3463 P,
1185 3436 1211 3456 et
1224 3431 1279 3456 Eub
1294 3431 1346 3456 fere
1355 3430 1438 3461 idem;
1455 3430 1486 3454 Si

426 3473 509 3505 igitur
528 3471 607 3501 (enim
622 3472 706 3503 (ΒΗΚ)
721 3471 774 3496 sint
792 3474 889 3503 septem
902 3477 980 3495 canes
999 3472 1025 3494 et
1043 3471 1141 3500 septem
1159 3466 1225 3500 equi,
1245 3474 1297 3491 non
1316 3466 1444 3499 differunt
1458 3466 1484 3490 in

427 3515 536 3532 mmiero
556 3513 617 3538 cet.;
637 3507 690 3531 sint
709 3506 803 3531 habent
823 3506 898 3531 etiam
923 3505 993 3534 Eub:
1012 3504 1032 3529 F.
1051 3504 1170 3536 insuper:
1189 3505 1288 3534 septem
1306 3507 1384 3527 canes
1403 3504 1429 3526 et
1446 3507 1486 3525 se-

422 3546 682 3611 ptenruufgqgaelztionem
699 3584 749 3608 per
768 3576 840 3601 dicta
858 3576 981 3601 aliorum.
995 3590 1014 3595 -
1028 3575 1183 3602 solutionem
1200 3572 1367 3606 praedictam
1382 3578 1434 3604 per
1447 3571 1486 3596 dn·-

1518 404 1798 452 proximorum‚
1819 402 1916 439 idest
1935 402 2109 440 omniurn
2129 415 2228 451 quae
2247 410 2333 440 sunt
2352 403 2409 440 sui
2428 403 2586 451 generis,

1524 468 1679 493 necesse
1718 462 1773 492 est
1810 455 1914 504 quod
1953 455 2162 502 circulatio,
2199 467 2295 504 quae
2335 463 2390 492 est
2421 455 2588 493 maxime

1525 508 1715 557 regularis,
1746 508 1791 545 sit
1811 520 1991 545 mensura
2020 508 2196 545 omnium
2223 515 2412 545 motuum.
2442 508 2589 546 Dicitur

1525 569 1654 598 autem
1674 569 1801 598 motus
1821 561 2019 611 regularis,
2040 561 2105 610 qui
2125 568 2181 598 est
2197 573 2297 598 unus
2324 569 2360 598 et
2376 561 2588 599 uniformis.

1527 615 1634 651 Haec
1653 622 1782 651 autem
1806 614 2024 662 regularitas
2047 626 2126 651 non
2145 621 2270 663 potest
2296 613 2457 651 inveniri
2479 614 2519 651 in
2537 615 2590 651 al-·

1525 667 1707 704 teratione
1736 675 1772 704 et
1800 674 2021 715 augmento,
2051 667 2140 715 quia
2168 679 2247 704 non
2271 674 2358 704 sunt
2375 678 2591 716 usquequa-

1526 732 1601 768 que
1622 721 1642 742 *
1662 720 1828 757 continui
1847 732 1918 757 nec
1937 720 2104 768 aequalis
2121 719 2341 757 velocitatis.
2364 719 2440 757 Sed
2460 719 2500 756 in
2517 719 2590 756 loci

1527 773 1736 810 mutatione
1763 773 1925 810 inveniri
1952 780 2077 822 potest
2104 772 2331 820 regularitas,
2361 772 2450 821 quia
2467 779 2593 822 potest

1528 838 1610 862 esse
1631 825 1765 874 aliquis
1784 833 1912 862 motus
1939 826 2069 874 localis
2090 826 2290 863 continuus
2315 833 2352 862 et
2369 825 2590 871 uniformis3

1528 886 1564 915 et
1582 878 1663 915 talis
1693 886 1747 916 est
1774 879 1878 915 solus
1901 886 2030 916 motus
2059 878 2260 926 circularis,
2279 886 2322 916 ut
2347 878 2388 915 in·
2415 886 2553 916 octavo
2573 879 2592 900 *

1526 931 1759 981 probabitur.
1790 931 1839 968 Et
1866 931 1963 968 inter
1990 931 2082 968 alios
2111 939 2238 968 motus
2267 931 2482 979 circulares,
2511 943 2591 968 ma-

1527 984 1627 1022 xime
1657 984 1856 1021 uniformis
1889 992 1925 1021 et
1956 984 2135 1032 regularis
2173 991 2228 1021 est
2263 984 2409 1033 primus
2443 991 2591 1032 motus,

1528 1037 1593 1086 qui
1622 1037 1784 1075 revolvit
1811 1044 1934 1074 totum
1968 1038 2257 1074 firmamentum
2291 1043 2400 1074 motu
2435 1037 2592 1074 diurno:

1527 1090 1630 1128 unde
1660 1091 1720 1127 illa
1745 1089 1947 1137 circulatio,
1976 1097 2158 1138 tanquam
2187 1089 2312 1138 prima
2331 1097 2368 1126 et
2386 1089 2595 1138 simplicior

1530 1152 1566 1181 et
1582 1144 1799 1191 regularior,
1812 1150 1867 1179 est
1881 1154 2062 1179 mensura
2077 1141 2252 1178 omnium
2269 1149 2458 1179 motuum.
2471 1142 2595 1191 Opor-

1529 1205 1581 1234 tet
1608 1204 1736 1234 autem
1766 1202 1915 1232 motum
1945 1195 2157 1242 regularem
2177 1206 2259 1232 esse
2278 1206 2499 1231 mensuram
2527 1206 2595 1231 seu

1530 1261 1735 1287 numerum
1769 1248 1952 1294 aliorum,
1991 1247 2080 1296 quia
2113 1247 2239 1284 omnis
2271 1259 2450 1284 mensura
2483 1247 2597 1284 debet

1531 1315 1612 1339 esse
1634 1301 1861 1347 certissima;
1892 1308 1928 1337 et
1955 1300 2042 1337 talia
2060 1307 2147 1337 sunt
2173 1312 2272 1348 quae
2299 1300 2536 1337 uniformiter
2554 1312 2595 1337 se

1529 1356 1681 1392 habent.
1711 1355 1769 1390 Ex
1796 1354 1872 1390 hoc
1904 1352 2015 1400 igitur
2043 1353 2216 1401 colligere
2240 1365 2462 1402 possumus,
2490 1352 2618 1402 quod'

1530 1408 1561 1445 si
1587 1407 1712 1456 prima
1741 1406 1932 1443 circulatio
1961 1413 2157 1443 mensurat
2184 1417 2342 1443 ornnem
2370 1413 2533 1453 motum,
2561 1412 2597 1443 et

1531 1468 1659 1498 motus
1678 1464 1946 1497 'mensurantur
1961 1461 1979 1479 ⁶
1999 1471 2022 1495 a
2041 1466 2227 1508 tempore,
2243 1459 2470 1508 inquantum
2489 1470 2596 1496 men-

1531 1521 1705 1551 surantur
1721 1514 1741 1534 ‘⁸
1760 1512 1931 1561 quodam
1951 1519 2075 1564 motu3
2096 1524 2251 1549 necesse
2271 1519 2327 1549 est
2347 1511 2473 1549 dicere
2491 1511 2596 1560 quod

1531 1574 1683 1616 tempus
1711 1566 1758 1603 sit
1785 1577 1968 1602 numerus
1994 1564 2141 1614 primae
2171 1564 2433 1611 circulationis,
2463 1576 2598 1602 secun-

1534 1620 1627 1657 dum
1647 1631 1763 1667 quam
1783 1625 2024 1655 mensuratur
2041 1625 2205 1667 tempus,
2226 1625 2264 1655 et
2284 1618 2333 1655 ad
2352 1629 2469 1666 quem
2489 1629 2596 1655 men—

1533 1680 1708 1710 surantur
1727 1684 1863 1709 omnes
1878 1671 1938 1708 alii
1954 1678 2082 1708 motus
2097 1670 2280 1720 temporis
2299 1670 2595 1708 mensuratione.

1594 1737 1650 1762 12.
1680 1724 1829 1762 Deinde
1865 1737 1953 1761 curn
1991 1724 2099 1762 dicit:
2143 1723 2249 1761 Unde
2275 1729 2312 1760 et
2335 1724 2482 1760 videtur
2507 1729 2598 1760 tem-

1527 1790 1602 1827 pus
1639 1786 1731 1825 etc.,
1771 1774 1958 1826 approbat
1992 1777 2228 1826 praedictam
2265 1776 2493 1814 solutionem
2529 1787 2599 1825 per

1535 1831 1736 1880 opiniones
1751 1831 1924 1867 aliorum.
1947 1830 1996 1866 Et
2008 1829 2134 1878 primo
2150 1842 2219 1878 per
2233 1829 2456 1878 opinionem
2473 1840 2599 1866 erran-

1533 1885 1640 1931 tium,
1656 1883 1721 1933 qui
1748 1883 1842 1920 moti
1861 1883 2011 1920 fuerunt
2034 1883 2083 1920 ad
2112 1882 2317 1920 dicendum
2346 1883 2451 1930 quod
2470 1889 2598 1919 motus

1534 1938 1717 1987 sphaerae
1746 1936 1915 1973 caelestis
1939 1935 1985 1973 sit
2007 1943 2160 1984 tempus
2174 1935 2206 1982 ³²,
2223 1942 2379 1984 propter
2397 1935 2472 1972 hoc
2492 1933 2597 1983 quod

1533 1992 1607 2028 hoc
1626 1997 1734 2031 motu
1753 1990 2020 2026 mensurantur
2039 2001 2174 2025 omnes
2199 1987 2260 2024 alii
2287 1995 2427 2034 motus,
2449 1995 2486 2024 et
2503 1995 2598 2024 tem-

1533 2057 1605 2093 pus
1634 2050 1875 2080 mensuratur
1892 2043 1968 2078 hoc
1995 2049 2120 2078 motu:
2141 2041 2384 2078 manifestum
2414 2048 2468 2077 est
2497 2040 2598 2078 enim

1535 2096 1639 2145 quod
1660 2096 1821 2133 dicimus
1846 2094 1948 2132 diem
1967 2095 2029 2131 vel
2050 2106 2193 2131 annum
2215 2094 2462 2142 completum,
2483 2101 2600 2131 atten-

1535 2150 1667 2187 dentes
1696 2149 1743 2186 ad
1773 2155 1924 2185 motum
1953 2147 2057 2184 caeli.

1590 2201 1768 2239 Secundo
1799 2213 1844 2237 ex
1871 2213 1944 2237 usu
1973 2199 2227 2236 communiter
2250 2198 2499 2247 loquentium,
2529 2198 2601 2236 ibi:

1534 2257 1693 2304 Propter
1705 2255 1777 2292 hoc
1795 2259 1920 2291 autem
1937 2260 2005 2290 etc.
2022 2253 2072 2289 Et
2090 2252 2297 2300 dicitquod
2315 2259 2470 2300 propter
2486 2252 2573 2299 hoc,
2587 2249 2602 2272 ⁰

1536 2308 1675 2346 scilicet
1706 2307 1811 2356 quod
1848 2314 2000 2355 tempus
2037 2313 2092 2342 est
2129 2317 2311 2342 numerus
2349 2304 2603 2341 circulationis

1535 2362 1693 2411 primae,
1714 2359 1848 2397 accidit
1865 2359 1971 2407 quod
1988 2358 2186 2395 consuevit
2200 2358 2284 2405 dici,
2306 2357 2445 2394 scilicet
2461 2358 2481 2379 '²‘
2497 2357 2601 2406 quod

1536 2414 1692 2464 quidam
1714 2413 1872 2450 circulus
1899 2412 1945 2448 sit
1973 2411 2011 2448 in
2041 2411 2154 2447 rebus
2181 2410 2369 2456 humanis,
2391 2417 2429 2446 et
2454 2410 2493 2447 in
2521 2409 2602 2446 aliis

1537 2479 1635 2516 quae
1663 2473 1868 2503 moventur
1896 2463 2111 2501 naturaliter
2135 2471 2171 2500 et
2201 2470 2429 2511 generantur
2456 2470 2493 2500 et
2521 2474 2602 2500 cor-

1537 2527 1775 2569 rumpuntur.
1788 2518 1904 2565 Quod
1919 2517 2006 2554 ideo
2023 2524 2089 2564 est,
2105 2516 2194 2565 quia
2209 2515 2339 2553 omnia
2351 2515 2600 2552 *huiusmodi

1537 2579 1804 2610 mensurantur
1839 2579 2011 2619 tempore
2028 2599 2037 2616 ,
2077 2577 2113 2606 et
2149 2569 2338 2618 accipiunt
2373 2568 2601 2617 principium

1538 2634 1574 2663 et
1601 2626 1720 2663 finem
1757 2624 1795 2661 in
1826 2631 2022 2672 tempore,
2060 2635 2105 2659 ac
2140 2622 2351 2671 si-tempus
2388 2621 2601 2659 secundum

1537 2679 1731 2728 quandam
1753 2677 2035 2714 circulationem
2056 2675 2118 2712 sit:
2139 2674 2228 2723 quia
2248 2682 2284 2711 et
2303 2674 2428 2724 ipsum
2451 2681 2603 2723 tempus

1537 2732 1688 2769 videtur
1712 2743 1793 2767 esse
1814 2730 1971 2779 quidam
1997 2729 2167 2766 circulus.
2189 2729 2238 2765 Et
2257 2729 2332 2764 hoc
2351 2729 2372 2749 ‘⁸‘
2390 2728 2528 2764 iterum
2546 2726 2603 2764 vi-

1538 2785 1646 2823 detur
1664 2791 1821 2833 propter
1839 2784 1924 2829 hoc,
1937 2783 2043 2830 quod
2063 2789 2119 2818 est
2138 2793 2317 2818 mensura
2338 2779 2602 2828 circulationis,

1538 2847 1575 2875 et
1603 2838 1717 2874 etiam
1746 2849 1767 2873 a
1794 2836 1857 2873 tali
1887 2835 2126 2872 circulatione
2158 2841 2409 2871 mensuratur.
2440 2834 2489 2870 Et
2515 2833 2603 2871 ideo

1538 2892 1662 2928 dicere
1695 2889 1801 2938 quod
1831 2901 1964 2926 eorum
1994 2900 2091 2937 quae
2121 2887 2218 2924 fiunt
2254 2887 2292 2924 in
2324 2894 2518 2934 tempore,
2548 2891 2605 2922 est

1538 2944 1694 2993 quidam
1723 2942 1894 2988 circulus,
1916 2941 2006 2978 nihil
2026 2948 2080 2977 est
2100 2940 2201 2977 aliud
2225 2951 2343 2988 quam
2363 2939 2488 2976 dicere
2507 2945 2602 2975 tem-

1537 2997 1641 3046 poris
1671 3008 1753 3033 esse
1781 2994 1975 3043 quendam
2005 2993 2207 3038 circulum;
2237 2991 2343 3041 quod
2362 2990 2496 3028 accidit
2514 3002 2602 3040 pro-

1538 3058 1621 3099 pter
1648 3050 1722 3086 hoc
1755 3047 1860 3097 quod
1892 3055 2044 3095 tempus
2078 3052 2318 3083 mensuratur
2349 3043 2602 3081 circulatione.

1539 3102 1632 3140 Illud
1662 3101 1763 3138 enim
1791 3101 1811 3122 '⁸‘
1838 3099 1943 3149 quod
1971 3106 2222 3145 mensuratur,
2247 3110 2325 3135 non
2351 3097 2502 3134 videtur
2522 3108 2603 3134 esse

1539 3155 1640 3193 aliud
1665 3166 1782 3203 quam
1810 3162 2010 3190 mensura:
2045 3151 2112 3189 sed
2140 3152 2279 3188 multae
2314 3162 2516 3187 mensurae
2547 3149 2604 3187 vi-

1539 3209 1677 3246 dentur
1695 3208 1818 3244 facere
1841 3218 1963 3243 unum
1991 3212 2130 3251 toturn,
2151 3204 2247 3241 sicut
2274 3204 2416 3240 multae
2443 3202 2605 3240 unitates

1539 3273 1660 3299 unum
1681 3271 1896 3306 numerum,
1915 3266 1950 3296 et
1969 3258 2110 3295 multae
2130 3269 2330 3294 mensurae
2350 3256 2466 3305 panni
2485 3267 2603 3293 unam

1540 3314 1786 3363 quantitatem
1815 3312 1942 3362 panni.
1969 3313 2017 3349 Et
2045 3312 2119 3348 hoe
2145 3322 2282 3347 verum
2312 3317 2378 3358 est,
2408 3309 2561 3359 quando
2583 3310 2603 3330 *

1535 3429 1702 3462 praedictam
1723 3435 1781 3453 esse
1795 3427 1989 3460 corruptionem
2008 3433 2055 3459 pro
2070 3432 2121 3458 per
2140 3425 2219 3454 dicta,
2235 3429 2262 3450 et
2279 3424 2337 3449 ideo
2351 3422 2521 3456 expunximus
2540 3421 2602 3446 illud

1539 3465 1656 3493 verbum,
1671 3464 1743 3497 quod
1762 3463 1802 3488 hic
1820 3471 1871 3488 non
1890 3463 1991 3487 videtur
2008 3461 2040 3486 ad
2059 3460 2229 3494 propositum.

1593 3498 1617 3534 0)
1639 3499 1760 3525 Secundo
1779 3506 1816 3524 ex
1835 3505 1882 3523 usu
1901 3497 2101 3523 communiter...
2121 3495 2192 3528 quod
2212 3497 2326 3527 propter
2344 3494 2400 3519 hoc.
2417 3507 2438 3513 -
2455 3491 2526 3525 quod
2548 3498 2601 3516 om.

1541 3535 1609 3565 Pab;
1624 3535 1698 3559 codd.
1719 3542 1771 3559 exc.
1787 3533 1893 3558 EGHsF
1912 3537 2084 3565 transponunt
2101 3531 2150 3555 hoc
2166 3530 2259 3555 modo:
2280 3529 2401 3555 Secundo
2420 3527 2468 3552 t'bt‘:
2487 3527 2602 3559 Propter

1540 3571 1588 3595 hoc
1606 3573 1694 3595 autem
1714 3573 1776 3600 etc.,
1801 3576 1838 3594 ex
1862 3575 1910 3593 usu
1929 3566 2103 3593 communiter
2121 3565 2290 3598 loquentium.
2317 3565 2352 3589 Et
2370 3562 2435 3589 decit
2452 3561 2523 3595 quod
2537 3569 2602 3594 pro-

427 3617 470 3638 cta
489 3613 602 3637 aliorum
618 3612 667 3640 Plu
677 3611 831 3636 solutionem
842 3611 1010 3643 praedictam
1023 3610 1137 3636 aliorum
1152 3608 1238 3642 EGpC
1252 3613 1277 3633 et
1290 3615 1316 3633 a.
1331 3606 1487 3632 Coniicimus
1537 3609 1600 3638 pter
1618 3605 1674 3630 hoc.

2617 727 2628 738 0
2642 725 2682 747 uln'
2697 732 2726 748 ue
2735 732 2756 753 ε,
2770 726 2830 748 utri-

2618 758 2679 780 quee
2698 758 2829 781 .a,m.pn.
2866 782 2869 783 .

2618 886 2625 894 ¹
2663 887 2710 908 eet.
2725 890 2766 906 ΧΠ
2782 874 2806 906 Εἰ

2619 917 2658 933 XX-

2624 1521 2872 1545 'mensur-amm

2623 1553 2730 1570 :mun
2744 1551 2766 1570 et
2777 1554 2793 1570 a
2801 1547 2822 1570 b.

2623 1574 2633 1586 ·
2646 1576 2837 1597 ποιησαντ-
2870 1577 2873 1579 ’

2623 1606 2680 1623 aaz
2693 1605 2716 1623 et
2730 1606 2746 1622 a
2753 1600 2775 1623 ὸ.

2625 1945 2634 1953 ·
2650 1942 2686 1965 Cf.
2702 1943 2815 1970 lect-tvl,

2626 1976 2648 1992 n.
2663 1975 2671 1991 ι
2687 1975 2724 1998 sq.

2629 2365 2638 2375 ·
2653 2365 2745 2387 ecilicet
2757 2365 2806 2387 om.'
2816 2370 2844 2387 r.
2870 2359 2871 2363 ’

2629 2525 2638 2533 ·
2653 2523 2732 2545 omnm
2746 2522 2784 2544 vel
2795 2527 2846 2550 ῃ
2863 2507 2864 2510 ,

2629 2553 2652 2624 {t
2660 2548 2794 2598 ἒῆιηνίῖιιίεω
2803 2573 2844 2597 ut

2630 2740 2640 2750 ·
2653 2739 2698 2760 hoc
2711 2744 2760 2760 om.
2773 2743 2830 2760 m.

2630 3107 2726 3156 :minam
2736 3113 2752 3134 1,
2763 3107 2844 3129 auten:
2874 3102 2879 3104 ’

2631 3311 2639 3320 ·
2654 3315 2705 3332 cum
2719 3308 2771 3331 rab.
