2950 4004
1088 319 1199 356 CAP.
1229 320 1299 367 lx,
1329 321 1478 358 LECT.
1508 323 1597 360 x1v

322 394 344 431 ἡ
370 393 433 425 τοῦ
458 392 609 436 μείζονος
632 391 755 423 κύκλου
782 391 971 436 περιφέρεια
995 394 1053 424 καὶ
1072 394 1238 436 κυρτότης
1259 396 1316 427 &etv

321 439 460 484 γίνηται
485 435 670 474 ἐλάττονος
694 435 832 476 κύκλου,
853 436 873 472 ἡ
893 435 983 472 αὐτή
1006 435 1091 468 οὖσα
1116 437 1136 474 ἦ
1164 438 1263 479 ἄλλη,
1283 440 1315 471 ἐν

322 480 430 514 οὐθενὶ
455 481 574 527 γέγονε
600 481 641 513 τὸ
665 480 785 524 κυρτόν
812 480 828 511 ὃ
853 477 893 517 ’ἦν
919 481 957 512 οὐ
982 491 1021 511 κυ
1043 481 1102 513 τὸν
1130 482 1201 513 ἀλλ’
1222 482 1315 514 εὐθύ·

325 525 381 568 (οὗ
397 525 462 571 γαρ
479 525 527 566 τῷ
545 520 732 557 διαλείπειν
756 523 798 556 τὸ
821 523 928 560 ’ἦττον
947 522 967 560 ἦ
989 536 1029 556 το
1047 524 1175 568 μᾶλλόν
1195 526 1313 567 ἑστιν·)

323 564 392 602 οὐδ’
415 570 488 602 ἔστι
506 570 568 607 τῆς
593 569 715 615 φλογὸς
738 568 856 608 λαβεῖν
882 579 916 600 τι
940 568 1078 612 μέγεθος
1105 569 1136 600 ἐν
1156 569 1178 610 ᾧ
1197 571 1234 602 οὐ
1259 573 1316 602 καὶ

322 613 486 668 θερμότης
509 614 568 645 καὶ
591 613 754 649 λευκότης
780 612 922 645 ἔνεστιν.
953 613 1052 645 Οὕτω
1078 615 1188 645 τοίνυν
1213 615 1270 645 καὶ
1295 615 1316 650 τ’)

322 669 485 702 προτερον
509 656 672 702 θερμότης
698 658 742 699 τῇ
769 655 920 700 ὕστερον·
939 655 1027 689 ὥστε
1043 659 1100 688 καὶ
1119 656 1160 688 τὸ
1179 656 1316 703 μέγεθος

321 704 380 735 καὶ
405 703 426 739 ἡ
451 701 611 746 μικρότης
637 702 699 733 τοῦ
725 698 890 737 αἰσθητοῦ
917 699 1030 747 ὄγκου,
1051 698 1088 732 οὐ
1106 702 1317 742 προσλαβού-

289 783 291 785 .
323 759 381 784 σης
414 758 448 779 τι
478 747 540 784 τῆς
573 744 673 786 ὕλης,
707 745 960 786 ἐπεκτείνεται,
995 743 1065 777 ἀλλ’
1095 743 1149 776 ὅτι
1177 740 1317 789 δυνάμει

323 791 414 824 ἐστὶν
440 791 460 827 ἡ
487 789 547 827 ὕλη
575 790 709 834 ἀμφοῖν·
735 787 813 821 ὥστ’
837 789 909 821 ἐστὶ
932 789 972 821 ‘cd
999 789 1086 822 αὐτὸ
1112 789 1234 820 πυκνὸν
1259 792 1316 821 καὶ

323 834 442 879 μανόν,
468 835 526 866 καὶ
551 836 612 877 μία
637 832 698 870 ὕλη
725 830 852 865 αὐτῶν·

257 879 330 912 ἔστι
367 873 405 910 δὲ
436 877 478 910 τᾶ
510 878 569 922 μὲν
600 878 723 909 πυκνὸν
753 876 863 921 βαρύ,
899 876 940 908 τὸ
973 871 1011 908 δὲ
1042 876 1148 920 μανόν
1179 877 1314 919 κοῦφον.

325 923 434 964 [Ἔτι,
461 921 571 966 ὥσπερ
596 922 616 958 ἡ
642 922 705 953 τοῦ
730 920 853 953 κύκλου
886 919 1076 965 περιφέρεια
1106 920 1315 966 συναγομένη

323 967 368 1004 εἰς
394 966 542 998 ἔλαττον
568 966 629 997 οὐκ
656 964 737 998 ἄλλο
763 977 797 998 τι
820 964 990 1007 λαμβάνει
1016 964 1057 996 τὸ
1080 967 1210 1006 κοῖλον,
1239 965 1313 997 ἀλλ’

324 1011 340 1042 ὃ
365 1008 405 1048 ἦν
436 1008 602 1055 συνήχθη,
632 1011 689 1041 καὶ
723 1009 785 1042 τοῦ
815 1009 915 1052 πυρὸς
942 1007 976 1050 ὅ,
1009 1020 1043 1041 τι
1075 1007 1113 1040 ἄν
1145 1020 1195 1046 τις
1225 1008 1317 1052 λάβῃ

325 1056 392 1087 πᾶν
420 1053 519 1087 ἔσται
544 1052 674 1098 θερμόν,
694 1052 784 1085 οὕτω
809 1054 867 1085 καὶ
892 1052 934 1085 τό
959 1053 1027 1085 πᾶν
1053 1055 1234 1099 συναγωγῇ
1260 1055 1317 1085 καὶ

322 1094 492 1140 διαστολῇ
517 1099 580 1136 τῆς
606 1095 715 1135 αὐτῆς
742 1096 854 1142 ὕλης.]
881 1095 944 1128 Δύο
969 1095 1034 1142 γάρ
1060 1094 1151 1129 ἐστιν
1170 1095 1217 1140 ἐφ’
1242 1098 1318 1129 ἐκα-

324 1143 422 1186 τέρου
454 1143 516 1176 τοῦ
548 1154 586 1174 τε
620 1142 746 1174 πυκνοῦ
777 1144 834 1173 καὶ
866 1142 928 1174 τοῦ
960 1141 1082 1184 μανοῦ·
1116 1140 1158 1174 τό
1190 1154 1228 1173 τε
1253 1141 1318 1187 γαρ

322 1187 409 1229 βαρύ
432 1189 490 1218 καὶ
517 1186 558 1219 τὸ
582 1186 723 1229 σκληρὸν
749 1185 859 1218 πυκνοὶ
882 1181 976 1217 δοκεῖ
999 1181 1098 1225 εἶναι,
1116 1188 1172 1217 καὶ
1193 1183 1319 1218 τάναν-

324 1234 384 1263 τία
409 1229 514 1274 μανά,
534 1229 576 1262 τό
600 1243 639 1262 τε
663 1231 785 1273 κοῦφον
809 1231 867 1261 καὶ
893 1230 934 1262 τὸ
959 1229 1130 1273 μαλακόν·
1157 1225 1319 1273 διαφωνεῖ

322 1270 360 1307 δὲ
379 1275 420 1307 τὸ
438 1274 523 1318 βαρύ
538 1276 596 1306 καὶ
615 1274 656 1307 τό
674 1273 814 1318 σκληρὸν
833 1274 888 1305 ἐπὶ
906 1268 1067 1317 μολίβδου
1088 1275 1147 1306 καὶ
1165 1270 1314 1319 σιδήρου,

251 1318 311 1351 Ἐκ
334 1314 378 1356 δή
408 1320 474 1351 τῶν
507 1317 684 1363 εἰρημένων
716 1318 856 1363 φανερόν
887 1318 929 1356 ὠς
954 1315 1027 1350 οὔτ’
1057 1318 1317 1363 ἀποκεκριμένον

322 1362 417 1395 κενόν
443 1361 535 1395 ἐστιν
561 1361 630 1395 οὔθ’
659 1363 772 1400 ἁπλῶς
803 1360 875 1394 οὔτ’
904 1363 936 1394 ἐν
963 1363 1010 1403 τῷ
1037 1364 1131 1406 μανῷ
1161 1364 1239 1396 οὔτε
1264 1359 1320 1394 δυ-

323 1406 439 1452 νάμει,
466 1407 495 1438 εἰ
519 1406 567 1450 μή
591 1418 643 1444 τις
668 1406 831 1446 βούλεται
856 1406 993 1444 παντως
1017 1408 1132 1438 καλεῖν
1157 1408 1251 1439 κενόν
1277 1408 1317 1440 τὸ

325 1453 436 1483 αἴτιον
468 1452 530 1483 τοῦ
565 1449 732 1495 φέρεσθαι.
769 1450 868 1482 Οὕτω
899 1446 929 1482 δ’
957 1451 978 1487 ἡ
1011 1452 1072 1484 τοῦ
1105 1451 1224 1496 βαρέος
1258 1453 1318 1483 καὶ

322 1494 446 1540 κούφου
477 1494 558 1536 ὕλη,
586 1494 606 1536 ᾖ
632 1494 797 1536 τοιαύτη,
828 1497 878 1532 εἴη
913 1493 951 1527 ἂν
981 1495 1023 1527 τὸ
1051 1495 1159 1528 κενόν·
1186 1496 1228 1528 τό
1253 1496 1317 1542 γοὶρ

325 1539 447 1572 πυκνόν
474 1542 532 1571 καὶ
558 1539 600 1571 το“
625 1539 729 1582 μανὸν
753 1539 850 1572 κατὰ
873 1539 1007 1576 ταύτην
1032 1540 1096 1577 τήν
1123 1538 1316 1574 ἐναντίωσιν

324 1584 424 1637 φορᾶς
451 1582 635 1624 ποιητικοί,
665 1584 762 1615 κατα
785 1578 822 1615 δὲ
846 1583 888 1616 τὸ
913 1583 1054 1626 σκληρὸν
1079 1585 1137 1616 καὶ
1161 1584 1316 1629 μαλακὰν

324 1626 453 1665 παθους
476 1629 534 1660 καὶ
563 1626 747 1667 ἀπαθείας,
773 1630 830 1660 καὶ
856 1628 894 1660 οὐ
918 1629 1038 1672 φορᾶς,
1067 1626 1139 1660 ἀλλ’
1170 1627 1321 1672 ἑτεροιώ-

323 1683 403 1709 σεως
421 1672 561 1716 μᾶλλον.
588 1673 653 1704 Καὶ
679 1673 752 1715 περὶ
776 1672 835 1716 μὲν
859 1673 970 1713 κενοῦ,
990 1673 1058 1710 πῶς
1077 1673 1148 1705 ἔστι
1172 1675 1229 1705 καὶ
1248 1674 1316 1710 πῶς

324 1714 384 1748 οὐκ
409 1716 499 1756 ἔστι,
525 1711 686 1760 διωρίσθω
711 1715 771 1748 τὸν
797 1716 922 1761 τρόπον
948 1718 1084 1749 τοῦτον.

311 1821 460 1849 ΞΥΝοΡεῐε.
478 1837 512 1842 -
532 1830 556 1849 1.
577 1821 788 1858 Argumentum
810 1827 838 1849 et
857 1820 959 1849 divisio
979 1827 1081 1849 textus.
1103 1837 1122 1841 -
1143 1829 1171 1849 2.
1192 1821 1318 1856 Quidam

257 1861 405 1897 ponebant
424 1869 547 1889 vacuum
571 1860 740 1897 corporibus
765 1860 888 1888 inditum
913 1867 1031 1897 propter
1050 1860 1270 1889 rarefactionem
1291 1866 1319 1888 et

258 1899 531 1935 condensationem,
553 1909 627 1937 quae
648 1899 672 1928 si
692 1909 753 1928 non
779 1900 982 1935 admittantur,
1011 1906 1198 1937 sequerentur
1218 1900 1319 1928 incon-

257 1939 415 1974 venientia;
438 1939 544 1967 scilicet
564 1941 592 1975 a)
614 1940 694 1976 quod
715 1946 812 1968 motus
833 1939 931 1968 localis
952 1939 997 1968 vel
1018 1940 1139 1968 omnino
1154 1949 1214 1968 non
1235 1946 1318 1975 esset,

257 1979 302 2007 vel
322 1988 382 2007 uno
404 1985 487 2007 motu
507 1985 671 2007 moveretur
697 1985 791 2007 totum
811 1979 993 2014 universum3
1021 1980 1049 2015 b)
1078 1980 1158 2016 quod
1181 1986 1318 2016 generato

257 2027 338 2054 aere,
360 2018 482 2055 exempli
501 2018 606 2055 gratia,
629 2028 663 2046 ex
682 2028 742 2047 uno
767 2028 860 2055 aquae
881 2019 1000 2055 cyatho,
1022 2025 1169 2056 oporteret
1196 2019 1263 2047 alibi
1285 2028 1319 2047 ex

257 2064 339 2087 tanto
359 2067 425 2086 aere
446 2059 568 2086 eandem
589 2067 681 2095 aquae
705 2058 893 2095 quantitatem
914 2059 1051 2095 generari.
1067 2076 1086 2080 -
1102 2059 1128 2087 3.
1142 2060 1273 2087 Vacuum
1288 2058 1318 2086 in

258 2098 429 2134 corporibus
450 2097 567 2135 intelligi
592 2104 687 2134 potest
706 2097 752 2126 vel
779 2098 861 2135 quasi
889 2098 980 2126 multa
1008 2098 1151 2126 foramina
1170 2107 1261 2126 vacua
1282 2098 1319 2126 si-

258 2137 371 2165 tualiter
391 2143 522 2173 separata
541 2147 559 2165 a
579 2137 706 2174 partibus
727 2137 834 2174 plenis,
862 2137 907 2166 vel
928 2137 1010 2174 quasi
1031 2137 1195 2166 subintrans
1216 2147 1320 2166 omnes

258 2182 362 2213 partes.
384 2176 496 2204 Primus
518 2177 623 2204 modus
650 2177 822 2213 reprobatur
849 2177 950 2205 eadem
977 2177 1088 2205 ratione
1116 2186 1174 2214 qua
1193 2186 1318 2205 vacuum

258 2222 422 2252 separatum
442 2216 487 2244 vel
511 2216 592 2244 locus
621 2223 776 2253 separatus.
799 2232 818 2237 -
837 2225 866 2251 4.
888 2217 1037 2244 Secundus
1062 2218 1167 2244 modus
1195 2223 1320 2253 quatuor
1339 2225 1340 2229 ¹

258 2255 416 2283 rationibus
437 2255 569 2283 reiicitur.
591 2257 619 2291 a)
642 2255 718 2290 Quia
737 2264 876 2291 vacuum,
898 2255 1048 2292 supposito
1073 2257 1154 2293 quod
1175 2255 1210 2283 sit
1231 2265 1318 2284 causa

257 2294 395 2330 raritatis,
418 2301 546 2323 causaret
566 2301 679 2323 motum
707 2295 738 2323 in
762 2305 876 2323 sursum
897 2301 1024 2330 tantum,
1053 2296 1133 2332 quod
1155 2302 1196 2323 est
1218 2302 1319 2324 contra

258 2343 360 2363 eorum
389 2334 587 2363 intentionem.
608 2351 628 2355 —
652 2335 676 2363 5.
700 2335 727 2370 b)
749 2334 806 2371 Ipsi
832 2341 946 2371 ponunt
965 2344 1088 2363 vacuum
1113 2344 1174 2363 esse
1202 2344 1317 2363 causam

258 2380 356 2402 motus
377 2373 550 2410 inquantum
578 2381 676 2402 secum
704 2374 793 2402 defert
820 2383 924 2411 corpus
946 2374 975 2402 in
997 2384 1055 2411 quo
1078 2381 1133 2402 est:
1161 2374 1201 2403 sic
1222 2381 1318 2402 autem

256 2422 380 2442 vacuum
401 2414 519 2441 haberet
539 2414 635 2442 locum
657 2420 685 2442 et
706 2420 869 2442 moveretur
883 2413 912 2441 in
927 2423 1027 2449 vacuo,
1045 2415 1125 2451 quod
1146 2421 1187 2442 est
1208 2414 1318 2450 impos-

256 2453 346 2481 sibile.
368 2470 387 2474 —
409 2454 436 2481 6.
459 2454 485 2488 c)
506 2454 565 2481 Nec
586 2453 672 2482 etiam
693 2459 767 2482 esset
787 2453 932 2490 assignare
957 2463 1045 2490 quare
1065 2453 1161 2490 gravia
1181 2454 1318 2482 deorsum

257 2493 397 2528 ferantur,
422 2501 488 2521 cum
508 2502 632 2521 vacuum
653 2489 767 2521 sursum
788 2493 904 2521 deferat.
919 2509 938 2513 —
954 2502 981 2529 7.
997 2494 1028 2529 d)
1050 2493 1080 2521 Si
1100 2493 1200 2521 raritas
1221 2500 1319 2521 causat

257 2538 371 2560 motum
392 2541 505 2560 sursum
526 2539 645 2569 propter
664 2533 851 2567 vacuitatem,
881 2539 990 2569 quanto
1013 2532 1104 2569 magis
1125 2542 1247 2561 vacuum
1276 2539 1318 2561 est

257 2571 375 2609 aliquid,
395 2578 476 2600 tanto
497 2572 623 2600 velocius
649 2572 762 2607 feretur,
784 2578 812 2600 et
833 2572 954 2600 omnino
975 2581 1098 2600 vacuum
1119 2572 1315 2600 velocissime:

257 2611 338 2648 quod
358 2617 401 2639 est
421 2611 608 2648 impossibile,
631 2621 697 2640 cum
718 2621 841 2640 vacuum
862 2611 973 2640 moveri
993 2621 1054 2640 non
1079 2612 1179 2648 possit,
1201 2618 1318 2648 propter

257 2651 380 2679 eandem
406 2650 548 2679 rationem
577 2652 615 2679 ob
643 2661 731 2688 quam
752 2651 783 2679 in
803 2650 896 2688 spatio
923 2661 1014 2680 vacuo
1043 2658 1140 2680 motus
1168 2661 1229 2680 esse
1257 2661 1318 2680 non

390 2774 433 2803 ·'*,
520 2759 697 2801 ostquam
739 2752 992 2801 Philosophus
1034 2753 1197 2790 ostendit
1237 2766 1316 2790 non

345 2799 350 2812 ¹
377 2812 408 2855 ff
476 2804 506 2848 ‘7⁴
522 2817 602 2841 esse
621 2817 788 2843 vacuum
817 2814 1032 2854 separatum
1055 2812 1084 2852 α,
1105 2806 1166 2842 hic
1194 2813 1317 2843 osten-

400 2866 434 2910 )
459 2900 463 2903 ,
493 2857 574 2905 dit
600 2870 679 2894 non
707 2870 788 2895 esse
816 2871 984 2896 vacuum
1013 2859 1235 2907 corporibus
1262 2859 1316 2896 in-

322 2935 328 2938 .
395 2920 411 2943 ¹.
460 2941 462 2943 ,
492 2906 502 2916 ’
522 2910 653 2947 ditum.
676 2911 725 2948 Et
746 2911 843 2948 circa
866 2912 941 2948 hoc
964 2911 1034 2948 tria
1057 2911 1162 2948 facit:
1191 2911 1315 2960 primo

255 2962 363 3011 ponit
391 2957 575 3000 rationem
603 2964 826 3013 ponentium
855 2964 907 3001 sic
934 2976 1121 3010 vacuum3
1148 2965 1315 3002 secundo

256 3015 447 3064 improbat
474 3028 608 3053 eorum
637 3017 878 3066 positionem,
899 3016 970 3054 ibi:
991 3017 1034 3054 Si
1050 3017 1165 3067 igitur
1184 3030 1316 3054 rarum

256 3067 383 3104 dicunt
395 3069 420 3111 ‚²⁶
441 3076 528 3115 etc.;
558 3069 664 3106 tertio
685 3070 797 3107 solvit
825 3069 1011 3107 rationem
1038 3069 1221 3119 ipsorum,
1243 3071 1314 3108 ibi:

261 3120 446 3162 Quoniam
465 3127 589 3159 autem
607 3134 769 3160 vacuum
800 3123 819 3144 *
848 3131 916 3160 etc.

310 3185 345 3210 2.
367 3173 466 3211 Dicit
493 3187 581 3223 ergo
608 3175 733 3225 primo
753 3177 772 3196 '¹‘
791 3176 896 3224 quod
919 3175 1074 3224 quidam
1098 3176 1315 3225 philosophi

256 3226 426 3273 fuerunt,
464 3227 528 3275 qui
565 3228 706 3277 opinati
743 3236 830 3266 sunt
863 3230 967 3277 quod
999 3241 1167 3266 vacuum
1204 3229 1250 3266 sit
1278 3229 1316 3266 in

257 3278 490 3327 corporibus,
507 3281 732 3329 accipientes
752 3281 937 3318 rationem
957 3293 1002 3318 ex
1021 3294 1105 3318 raro
1127 3289 1163 3318 et
1182 3282 1313 3319 denso.

255 3331 465 3368 Videbatur
483 3333 584 3369 enim
604 3334 656 3370 eis
676 3335 779 3382 quod
800 3334 994 3371 rarefactio
1015 3342 1051 3371 et
1070 3335 1314 3372 condensatio

255 3384 364 3420 fieret
381 3392 536 3433 propter
553 3398 720 3422 vacuum
749 3386 991 3424 intrinsecum
1011 3388 1244 3436 corporibus.
1275 3388 1314 3424 Si

256 3448 350 3473 vero
379 3449 457 3474 non
485 3445 583 3474 esset
615 3439 668 3475 sic
696 3451 824 3476 rarum
857 3447 893 3477 et
921 3440 1101 3487 densum,
1141 3441 1315 3478 dicebant

2355 330 2424 376 193

1438 401 1565 432 maioris
1597 403 1702 434 circuli
1727 404 1886 435 circulatio
1911 412 1942 435 et
1969 405 2156 443 convexitas,
2173 406 2198 435 si
2221 405 2275 436 fiat
2297 406 2426 437 minoris

1440 444 1562 484 circuli,
1587 448 1696 477 eadem
1729 458 1801 478 curn
1826 448 1864 479 sit
1886 456 1939 479 aut
1958 449 2031 485 alia,
2060 449 2092 479 in
2121 450 2210 480 nullo
2234 450 2295 480 alio
2328 450 2427 481 factus

1439 496 1484 519 est
1507 490 1653 527 ambitus,
1670 492 1756 531 quod
1780 502 1844 522 non
1869 499 1948 523 esset
1971 493 2105 523 ambitus
2122 494 2175 523 sed
2199 500 2328 524 rectum.
2353 495 2427 524 Non

1439 533 1523 562 enirn
1554 534 1727 564 deficiendo
1760 535 1865 565 minus
1899 543 1952 567 aut
1982 537 2083 567 maius
2118 544 2172 568 est.
2203 538 2314 578 Neque
2343 537 2428 568 enim

1439 576 1587 607 scintillae
1620 585 1666 608 est
1689 579 1825 619 accipere
1853 580 1992 620 aliquam
2015 581 2279 620 magnitudinem,
2303 581 2335 611 in
2365 591 2428 622 qua

1439 630 1504 649 non
1528 627 1558 650 et
1581 621 1716 652 caliditas
1732 629 1761 653 et
1776 623 1887 653 albedo
1907 623 1989 654 insit.
2015 624 2064 654 Sic
2086 624 2180 664 igitur
2198 631 2228 655 et
2243 625 2328 664 prior
2344 626 2428 655 calor

1438 664 1614 702 posteriori.
1645 666 1750 702 Quare
1778 673 1808 697 et
1837 667 2021 706 magnitudo
2052 675 2081 698 et
2112 668 2245 708 parvitas
2275 668 2427 699 sensibilis

1440 708 1594 747 corporis,
1618 719 1684 738 non
1718 709 1886 749 accipiente
1921 711 2039 751 aliquid
2067 712 2209 750 materia,
2239 712 2426 750 extenditur3

1440 752 1494 781 sed
1510 751 1583 792 quia
1599 753 1737 792 potentia
1754 761 1798 784 est
1821 755 1948 784 materia
1971 755 2118 796 utrisque.
2144 756 2251 796 Itaque
2273 756 2357 786 idem
2382 763 2427 787 est

1441 795 1575 825 densum
1598 802 1628 826 et
1651 806 1773 835 rarum,
1798 804 1828 828 et
1851 808 1914 828 una
1936 799 2064 828 materia
2087 799 2238 840 ipsorum.

1374 882 1431 912 Est
1449 889 1554 912 autern
1570 881 1703 914 densum
1720 884 1849 924 quidem
1865 895 1966 924 grave,
1987 895 2091 915 rarum
2107 893 2213 916 autem
2228 887 2304 917 leve.
2321 887 2337 906 *
2351 889 2427 917 Am-

1440 926 1539 966 plius,
1568 927 1647 958 sicut
1677 928 1782 958 circuli
1809 928 1970 959 circulatio
1994 930 2148 960 conducta
2171 930 2203 960 in
2227 930 2331 961 minus
2362 941 2428 961 non

1440 970 1524 999 aliud
1540 971 1650 1010 accipit
1674 981 1858 1010 concavum,
1876 973 1929 1002 sed
1951 974 2039 1013 quod
2063 981 2126 1004 erat
2148 974 2340 1004 conductum
2364 982 2427 1013 est;

1441 1013 1484 1043 sic
1500 1020 1530 1044 et
1548 1014 1627 1053 ignis
1651 1016 1877 1055 quodcumque
1893 1016 2004 1057 aliquis
2021 1017 2160 1056 accipiat,
2180 1027 2276 1047 omne
2292 1018 2429 1048 calidum

1441 1063 1504 1094 est;
1535 1057 1578 1087 sic
1602 1065 1632 1088 et
1658 1068 1753 1089 omne
1781 1060 1989 1090 conductione
2013 1067 2043 1091 et
2071 1061 2260 1091 distensione
2289 1061 2429 1092 eiusdem

1441 1101 1589 1131 materiei.
1619 1101 1692 1132 Duo
1717 1102 1801 1132 enim
1824 1110 1897 1133 sunt
1920 1105 1957 1134 ab
1981 1112 2136 1144 utroque,
2165 1105 2262 1135 denso
2286 1111 2316 1135 et
2345 1115 2426 1136 raro.

1442 1144 1542 1175 Grave
1562 1145 1646 1175 enim
1670 1152 1700 1175 et
1723 1146 1839 1176 durum
1856 1147 1950 1177 densa
1967 1148 2111 1178 videntur
2134 1156 2215 1187 esse;
2231 1155 2261 1179 et
2277 1149 2429 1179 contraria

1441 1198 1518 1226 rara,
1547 1188 1614 1218 leve
1638 1195 1668 1219 et
1690 1190 1795 1220 molle.
1827 1190 1997 1222 Dissonant
2020 1198 2125 1222 autem
2147 1202 2239 1232 grave
2262 1200 2291 1223 et
2314 1193 2430 1223 durum

1440 1232 1473 1262 in
1496 1233 1630 1272 plumbo
1655 1239 1685 1263 et
1708 1233 1800 1264 ferro.

1373 1319 1392 1337 ’κ’
1407 1319 1455 1350 Ex
1478 1320 1566 1351 dictis
1585 1320 1679 1360 igitur
1702 1320 1903 1351 manifestum
1923 1327 1978 1359 est,
1995 1322 2082 1362 quod
2101 1332 2203 1362 neque
2222 1322 2430 1362 disgregatum

1441 1371 1487 1395 est
1500 1374 1648 1402 vacuum,
1665 1374 1767 1404 neque
1783 1364 1973 1404 simpliciter,
1989 1375 2091 1405 neque
2108 1365 2140 1395 in
2159 1375 2239 1404 rar0,
2256 1377 2357 1407 neque
2373 1377 2430 1407 po-

1441 1408 1553 1439 tentia:
1578 1408 1637 1438 nisi
1659 1408 1771 1449 aliquis
1794 1408 1867 1439 velit
1882 1409 2006 1448 penitus
2024 1419 2135 1439 vocare
2151 1420 2286 1440 vacuum
2306 1420 2427 1441 causam

1440 1452 1504 1483 loci
1526 1452 1720 1483 mutationis.
1741 1452 1791 1483 Sic
1807 1459 1913 1483 autem
1929 1462 2010 1493 quae
2025 1453 2125 1492 gravis
2141 1460 2186 1483 est
2204 1460 2258 1484 aut
2272 1454 2346 1484 levis
2366 1465 2430 1484 ma-

1442 1496 1535 1534 teria,
1560 1507 1640 1537 quae
1663 1496 1859 1534 huiusmodi,
1877 1495 1933 1527 erit
1955 1507 2103 1527 vacuum.
2127 1497 2269 1527 Densum
2293 1498 2375 1528 enim
2400 1505 2430 1528 et

1442 1550 1549 1571 rarum
1565 1540 1740 1571 secundum
1755 1540 1835 1571 hanc
1852 1541 2100 1571 contrarietatem
2114 1547 2221 1571 motus
2233 1541 2330 1571 activa
2344 1549 2429 1572 sunt:

1442 1585 1618 1615 secundum
1646 1592 1752 1615 autern
1775 1585 1892 1615 durum
1915 1592 1945 1615 et
1975 1585 2071 1615 molle
2084 1608 2092 1623 ,
2123 1585 2275 1624 passionis
2306 1592 2336 1615 et
2366 1596 2431 1615 non

1441 1628 1596 1669 passionis
1619 1629 1790 1668 receptiva;
1815 1635 1845 1659 et
1867 1639 1933 1659 non
1956 1628 2017 1658 loci
2040 1628 2233 1667 mutationis,
2250 1630 2304 1659 sed
2325 1629 2430 1660 altera-

1441 1672 1536 1703 tionis
1551 1672 1661 1712 magis.
1678 1673 1719 1703 Et
1738 1673 1775 1702 de
1791 1682 1891 1703 vacuo
1911 1672 2041 1713 quidem
2059 1673 2224 1713 quomodo
2246 1680 2290 1703 est
2306 1679 2336 1703 et
2354 1683 2431 1713 quo-

1441 1717 1540 1747 modo
1564 1726 1630 1746 non
1654 1723 1709 1755 est,
1734 1716 1976 1747 determinatum
1999 1716 2037 1747 sit
2055 1717 2117 1747 hoc
2139 1717 2248 1747 modo.

1374 1827 1470 1858 potest
1491 1821 1542 1856 (cf.
1557 1821 1620 1849 lect.
1636 1822 1692 1856 XI).
1708 1837 1727 1842 -
1741 1821 1769 1848 8.
1792 1820 1938 1857 Repetitur
1955 1826 1982 1848 et
1995 1820 2085 1857 magis
2107 1820 2275 1856 explanatur
2295 1820 2366 1849 ratio
2382 1830 2432 1849 eo-

1374 1870 1440 1889 rum
1464 1860 1513 1898 qui
1534 1860 1633 1889 dicunt
1654 1870 1715 1888 esse
1736 1869 1859 1888 vacuum
1880 1860 1910 1887 in
1938 1860 2115 1896 corporibus.
2131 1877 2149 1881 —
2164 1869 2191 1896 9.
2215 1860 2339 1888 Solvitur
2358 1860 2430 1888 ratio

1375 1900 1556 1928 ostendendo
1578 1901 1658 1937 quod
1685 1899 1824 1936 contingit
1850 1899 1975 1927 rarefieri
1996 1906 2024 1927 et
2051 1899 2221 1927 condensari
2249 1899 2309 1927 sine
2329 1909 2429 1927 vacuo.

1375 1939 1538 1968 Subdivisio
1559 1946 1660 1967 textus.
1677 1956 1695 1961 —
1715 1948 1757 1967 10.
1780 1939 2003 1967 Praemittuntur
2026 1945 2164 1975 quatuor,
2193 1945 2308 1975 accepta
2335 1948 2368 1966 ex
2388 1939 2432 1967 his

1375 1989 1449 2016 quae
1470 1986 1673 2016 supponuntur
1693 1979 1724 2007 in
1745 1978 1863 2007 scientia
1883 1978 2013 2007 naturali.
2035 1995 2054 2000 —
2079 1988 2122 2006 11.
2139 1978 2305 2006 Ostenditur
2324 1988 2431 2014 propo-

2454 892 2465 903 *
2478 892 2546 915 Text.
2561 892 2596 921 85.

2457 1329 2465 1338 ·
2480 1328 2546 1351 Text.
2561 1329 2590 1351 86

1375 2019 1470 2047 situm.
1493 2021 1520 2055 a)
1543 2020 1617 2047 Cum
1639 2019 1741 2047 eadem
1768 2028 1890 2046 numero
1912 2018 1948 2046 sit
1968 2018 2086 2046 materia
2107 2017 2330 2052 contrariorum,
2352 2018 2431 2046 ideo·
2462 2053 2464 2056 v

1375 2068 1430 2096 que
1453 2058 1551 2096 magni
1566 2065 1593 2086 et
1607 2058 1695 2095 parvi,
1710 2065 1742 2086 ut
1755 2065 1833 2094 patet
1853 2067 1886 2086 ex
1907 2057 2144 2086 transmutatione
2165 2057 2342 2085 substantiali
2360 2057 2432 2085 aeris

1374 2098 1404 2126 in
1425 2108 1531 2135 aquam
1560 2105 1588 2126 et
1615 2107 1631 2126 e
1653 2107 1808 2132 converso;
1837 2097 1985 2126 rarefactio
2013 2103 2040 2125 et
2068 2096 2253 2125 condensatio
2283 2096 2355 2124 fiunt
2381 2106 2432 2133 per

1374 2139 1431 2166 hoc
1452 2139 1532 2175 quod
1553 2137 1672 2166 materia
1693 2139 1849 2166 earundem
1870 2137 1995 2173 partium
2016 2143 2081 2165 actu
2102 2136 2221 2172 accipiat
2243 2146 2320 2164 nunc
2341 2136 2434 2164 maio-

1374 2187 1436 2205 rem
1457 2187 1534 2206 nunc
1554 2177 1697 2205 minorem
1719 2177 1916 2214 quantitatem,
1931 2177 1968 2205 ad
1990 2185 2076 2213 quam
2097 2182 2181 2204 antea
2202 2183 2261 2204 erat
2281 2176 2310 2203 in
2331 2182 2431 2212 poten-

1373 2217 1421 2244 tia.
1437 2234 1455 2238 -
1469 2216 1548 2245 Talis
1569 2223 1665 2245 autem
1686 2216 1815 2253 potentia
1836 2222 1878 2244 est
1899 2217 1936 2244 ad
1957 2216 2175 2244 determinatam
2203 2215 2397 2252 quantitatem.
2413 2232 2438 2239 -.

1379 2264 1422 2284 12.
1454 2257 1481 2291 b)
1510 2257 1589 2285 Haec
1621 2256 1751 2284 doctrina
1781 2255 1917 2292 exemplis
1947 2255 2151 2284 manifestatur.
2178 2271 2197 2276 -
2228 2255 2271 2282 13.
2300 2256 2326 2290 c)
2354 2255 2431 2282 Idem

1374 2295 1536 2324 ostenditur
1556 2305 1590 2324 ex
1611 2295 1757 2324 effectibus
1781 2295 1837 2323 rari
1859 2302 1886 2323 et
1913 2295 2010 2331 densi,
2039 2295 2088 2331 qui
2109 2304 2169 2323 non
2191 2294 2360 2331 quantitates
2382 2295 2432 2322 sed

1375 2335 1524 2372 qualitates
1539 2341 1614 2363 sunt.
1636 2336 1683 2363 Ad
1698 2335 1820 2363 densum
1841 2334 1918 2363 enim
1939 2334 2068 2371 sequitur
2088 2334 2218 2371 gravium,
2233 2333 2338 2370 quippe
2353 2334 2432 2370 quod

1373 2375 1437 2411 plus
1459 2375 1545 2403 habet
1566 2375 1601 2402 de
1623 2374 1742 2402 materia
1763 2384 1851 2411 quam
1871 2383 1968 2402 rarum
1989 2375 2042 2402 sub
2064 2374 2165 2402 iisdem
2187 2373 2429 2401 dimensionibus:

1374 2414 1443 2442 item
1465 2414 1597 2449 durities,
1619 2417 1687 2442 riam
1708 2414 1771 2450 plus
1793 2415 1901 2442 habens
1923 2414 1958 2442 de
1980 2413 2098 2442 materia
2112 2413 2206 2441 minus
2228 2419 2270 2441 est
2284 2412 2430 2447 divisibile,

1375 2463 1440 2482 cum
1462 2454 1498 2482 sit
1518 2453 1609 2490 magis
1630 2460 1774 2481 remotum
1795 2455 1831 2482 ab
1853 2460 1926 2482 actu.
1948 2455 1973 2481 E
1993 2462 2133 2481 converso
2155 2459 2249 2481 autem
2276 2453 2313 2480 ad
2335 2462 2431 2480 rarum

1374 2493 1502 2530 sequitur
1529 2494 1590 2522 leve
1618 2500 1646 2521 et
1673 2492 1768 2520 molle.
1796 2510 1815 2514 -
1846 2502 1889 2528 14.
1913 2493 2101 2521 Concluditur
2129 2493 2207 2529 quod
2235 2492 2314 2520 nullo
2342 2492 2431 2519 modo

1373 2533 1409 2561 sit
1428 2542 1568 2568 vacuum,
1596 2532 1651 2560 nisi
1679 2532 1780 2569 aliquis
1810 2532 1958 2561 materiam
1986 2532 2026 2560 sic
2053 2541 2156 2561 vocare
2183 2531 2263 2566 velit,
2293 2537 2431 2568 quatenus

1374 2572 1492 2600 materia
1520 2578 1562 2600 est
1588 2581 1674 2600 causa
1702 2572 1846 2609 gravitatis
1872 2578 1900 2600 et
1927 2571 2062 2607 levitatis,
2091 2571 2214 2608 ideoque
2240 2577 2334 2599 motus
2355 2571 2431 2598 loca-

1373 2612 1416 2640 lis.
1439 2629 1458 2633 -
1479 2613 1638 2646 Quomodo
1660 2613 1782 2640 densum
1804 2619 1831 2640 et
1851 2620 1948 2640 rarum
1977 2611 2033 2640 sint
2054 2621 2139 2640 causa
2167 2617 2262 2639 motus
2287 2610 2383 2638 localis
2405 2616 2432 2637 et

1374 2651 1559 2680 alterationis.

1372 2753 1476 2802 quod
1496 2766 1574 2791 non
1594 2761 1672 2790 erat
1690 2753 1868 2802 possibile
1883 2761 1924 2790 ut
1941 2754 1961 2774 ²¹²
1979 2761 2103 2802 partes
2124 2751 2275 2788 alicuius
2296 2763 2429 2799 corpo-

1372 2806 1420 2843 ris
1439 2807 1590 2852 coirent,
1611 2806 1708 2843 idest
1735 2806 1986 2843 subintrarent
2004 2806 2053 2843 ad
2076 2805 2250 2851 invicem,
2272 2811 2307 2840 et
2326 2803 2429 2851 quod

1373 2859 1526 2908 aliquod
1560 2871 1698 2908 corpus
1730 2859 1959 2904 calcaretur,
1993 2858 2088 2895 idest
2121 2856 2429 2906 comprimeretur

1371 2924 1440 2960 per
1469 2912 1816 2949 condensationem.
1848 2911 1887 2948 Si
1916 2919 2043 2948 autern
2071 2912 2144 2947 hoc
2171 2922 2249 2946 non
2277 2908 2332 2953 sit,
2363 2908 2428 2944 du-

1373 2966 1508 3002 cebant
1526 2965 1575 3002 ad
1595 2965 1876 3011 inconveniens,
1899 2971 1934 3000 et
1953 2976 1997 3000 ex
2017 2971 2123 3013 parte
2143 2969 2268 2999 motus
2288 2961 2426 3008 localis,

1373 3025 1409 3054 et
1437 3030 1482 3054 ex
1509 3025 1614 3067 parte
1647 3025 1774 3055 motus
1808 3017 2058 3065 generationis
2093 3023 2127 3052 et
2160 3013 2426 3062 corruptionis,

1371 3071 1452 3108 sive
1481 3072 1500 3090 ⁴*
1529 3070 1766 3107 alterationis.

1424 3124 1482 3160 Ex
1509 3131 1614 3172 parte
1643 3123 1798 3171 quidem
1824 3130 1950 3159 motus
1975 3120 2111 3167 localis,
2137 3119 2224 3168 quia
2243 3117 2427 3167 oportebit

1372 3176 1495 3213 dicere
1515 3177 1576 3213 vel
1597 3176 1701 3224 quod
1729 3175 1885 3212 omnino
1914 3181 2040 3210 motus
2059 3185 2136 3209 non
2164 3172 2219 3218 sit,
2240 3171 2300 3208 vel
2323 3170 2424 3218 quod

1370 3242 1448 3266 uno
1477 3236 1582 3265 moto
1603 3236 1803 3266 moveatur
1829 3235 1951 3264 totum
1974 3225 2204 3270 universum,
2225 3222 2319 3258 sicut
2337 3221 2425 3258 dixit

1371 3282 1519 3318 Xuthus
1536 3283 1555 3303 ²¹*
1569 3281 1829 3330 philosophus.
1851 3281 1899 3316 Et
1916 3280 1990 3315 hoc
2008 3277 2105 3322 ideo,
2122 3275 2208 3324 quia
2223 3274 2252 3310 si
2272 3273 2424 3321 aliquod

1371 3347 1509 3383 eorpus
1534 3342 1710 3371 movetur
1737 3332 1914 3377 localiter,
1937 3342 2023 3366 curn
2052 3327 2194 3364 accedit
2221 3326 2268 3363 ad
2296 3327 2422 3362 locum

1369 3388 1526 3435 plenum
1554 3387 1626 3423 alio
1657 3396 1829 3433 corpore,
1859 3389 2006 3430 oportet
2034 3380 2136 3428 quod
2169 3378 2258 3415 illud
2287 3390 2423 3427 corpus

1370 3440 1457 3476 inde
1487 3440 1699 3487 expellatur,
1721 3444 1756 3473 et
1775 3435 1902 3472 tendat
1924 3434 1961 3470 in
1990 3433 2104 3469 aliurn
2127 3433 2270 3478 locum,
2296 3438 2332 3467 et
2358 3431 2422 3467 ite-

310 3602 338 3637 α)
359 3610 470 3628 vacuum
489 3606 651 3635 separatum.
662 3618 680 3622 -
698 3608 851 3636 separatum
870 3613 923 3630 om.
942 3605 1012 3630 Pab:
1031 3606 1062 3631 cf.
1077 3606 1135 3631 lect.
1147 3614 1186 3636 xx,
1200 3614 1225 3630 n.
1243 3613 1264 3630 1.
1278 3619 1297 3623 —
1309 3605 1389 3629 Paulo
1408 3604 1479 3632 infra,
1494 3602 1650 3635 ponentium
1664 3601 1708 3630 sic,
1730 3600 1748 3624 Ρ
1762 3607 1815 3624 om.
1831 3597 1980 3631 particulam
1999 3596 2047 3625 εἰσ,
2061 3603 2139 3628 quam
2158 3603 2188 3620 ex
2206 3595 2326 3619 omnibus
2345 3594 2419 3619 codd.

256 3642 281 3663 et
298 3638 380 3663 tribus
400 3639 457 3663 edd.
472 3639 638 3663 restituimus.

398 3691 466 3724 Opp.
486 3691 516 3715 D.
531 3691 644 3715 Tuomst:
662 3691 694 3716 T.
709 3692 737 3716 11.

2213 3682 2244 3706 25

2456 2762 2466 2773 '⁰¹
2481 2762 2544 2789 quod
2554 2767 2667 2784 tronum.

2455 3078 2464 3087 ⁸
2476 3079 2549 3098 motus
2558 3076 2665 3098 add-rab.

2451 3286 2461 3296 ‘¹
2480 3284 2573 3312 quidam
2593 3284 2661 3306 codd.

2451 3316 2472 3333 et
2487 3317 2510 3332 a.
