2950 4004
219 713 231 723 ⁴
245 715 321 734 autem
336 718 385 734 om.
395 718 409 733 a
421 712 433 732 b

220 742 242 760 et
256 739 324 760 codd.
339 745 387 760 exc.
406 745 434 759 Et·-

220 771 273 787 mm.

218 1028 229 1038 '⁵
236 1027 335 1055 proprie
342 1033 389 1048 om.
398 1033 412 1048 a
420 1027 432 1047 b

221 1058 242 1075 ct
257 1054 326 1076 codd.
343 1060 394 1075 exc.
409 1060 430 1075 1..

221 1766 229 1773 ‘
244 1765 335 1792 aliquid
348 1771 398 1786 εει..

220 2030 231 2039 “
246 2029 308 2051 Lect.
324 2035 355 2055 tx,
367 2035 432 2057 seqq.

223 2084 230 2092 ·
241 2082 434 2103 S.T11.1ect.vn.-

223 2108 434 2135 Did.1ib.xl‚c.vn,

223 2141 245 2156 n.
262 2141 269 2155 1
284 2141 348 2162 seqq.

223 2188 234 2198 ⁸
257 2187 396 2215 quandoque

222 2213 283 2235 idem
297 2220 320 2235 n.

225 2293 233 2301 ·
248 2292 308 2313 idest
322 2298 369 2314 om.
380 2298 404 2313 n.

467 257 537 292 106

461 333 670 372 diminutio.
707 330 1037 369 Considerandum
1067 337 1123 366 est
1151 329 1252 366 enim
1286 330 1391 378 quod
1419 337 1521 367 ante-

461 399 577 436 quam
607 385 746 434 aliquid
774 390 986 430 moveatur,
1017 389 1073 419 est
1100 383 1138 418 in
1165 383 1333 430 potentia
1357 383 1405 419 ad
1425 383 1522 420 duos

461 447 585 486 actus,
616 438 754 475 scilicet
781 438 830 474 ad
858 443 984 472 actum
1012 435 1243 483 perfectum,
1274 435 1339 483 qui
1369 443 1423 472 est
1450 443 1521 473 ter-

461 491 587 529 minus
616 498 753 537 motus,
785 496 821 525 et
844 489 892 526 ad
921 496 1047 525 actum
1076 487 1352 536 imperfectum,
1382 488 1447 536 qui
1468 496 1523 525 est

461 551 611 581 motus:
642 543 735 580 sicut
754 554 853 591 aqua
873 548 1077 589 antequam
1105 540 1256 589 incipiat
1276 541 1438 578 calefieri
1468 549 1523 578 est

460 597 499 634 in
517 597 684 645 potentia
712 595 761 632 ad
781 593 944 631 calefieri
973 600 1009 629 et
1037 593 1084 630 ad
1114 593 1278 630 calidum
1300 606 1403 640 esse3
1433 606 1521 630 curn

461 657 589 686 autem
619 648 761 695 calefit,
791 646 981 683 reducitur
1008 645 1047 682 in
1075 653 1202 682 actum
1235 646 1520 694 imperfectum,

460 702 525 751 qui
553 709 609 738 est
628 708 772 746 motus;
793 699 966 736 nondum
995 706 1124 735 autem
1143 699 1163 719 *
1181 698 1219 735 in
1247 706 1374 735 actum
1402 699 1521 748 perfe-

461 763 575 801 ctum,
597 753 660 802 qui
681 761 736 790 est
754 752 936 790 terminus
956 758 1095 798 motus,
1118 751 1185 788 sed
1205 751 1330 788 adhuc
1349 759 1522 800 respectu

459 807 576 856 ipsius
605 813 775 844 remanet
802 806 841 842 in
868 804 1046 854 potentia.

514 861 549 897 6.
579 859 728 896 Deinde
764 870 852 895 cum
888 857 995 894 dicit:
1035 856 1222 898 Quoniam
1257 862 1382 893 autem
1410 868 1522 905 quae-

459 914 546 950 dam
568 920 650 959 etc.,
681 911 842 948 ostendit
869 909 974 958 quod
994 916 1120 946 motus
1142 909 1187 946 sit
1210 916 1315 946 actus
1336 909 1523 946 existentis

459 966 496 1002 in
520 965 707 1013 potentia,
737 964 799 1000 tali
826 963 983 999 ratione.
1013 961 1151 999 Omnis
1180 961 1281 999 enim
1310 969 1414 1009 actus
1443 962 1522 999 eius

461 1026 515 1055 est
533 1018 686 1067 proprie
706 1017 725 1037 ’⁵
746 1023 850 1053 actus
878 1015 916 1052 in
939 1027 1016 1064 quo
1037 1027 1190 1063 semper
1208 1014 1407 1062 invenitur,
1429 1015 1523 1052 sicut

459 1072 589 1107 lumen
618 1081 815 1118 nunquam
849 1067 1039 1105 invenitur
1071 1067 1141 1104 nisi
1175 1067 1213 1104 in
1247 1067 1457 1116 diaphano,
1488 1075 1524 1104 et

458 1131 614 1172 propter
631 1124 706 1159 hoc
735 1129 790 1158 est
818 1128 922 1158 actus
951 1120 1140 1170 diaphani.
1171 1120 1249 1157 Sed
1277 1127 1404 1157 motus
1423 1133 1522 1157 sern-

458 1189 527 1225 per
555 1175 743 1212 invenitur
770 1174 809 1211 in
838 1173 1015 1210 existente
1045 1173 1082 1210 in
1109 1173 1298 1222 potentia;
1333 1181 1387 1210 est
1414 1173 1523 1221 igitur

459 1236 586 1265 motus
606 1236 710 1265 actus
740 1226 928 1264 existentis
957 1226 995 1264 in
1017 1226 1197 1275 potentia.
1226 1226 1288 1263 Ad
1308 1226 1522 1263 manifesta—

458 1282 602 1318 tionem
631 1281 742 1328 igitur
769 1279 959 1317 secundae
987 1279 1272 1328 propositionis,
1303 1279 1391 1316 dicit
1417 1278 1523 1326 quod

460 1335 547 1383 quia
581 1333 771 1381 quaedam
806 1332 942 1370 eadem
977 1339 1062 1369 sunt
1091 1339 1126 1368 et
1158 1331 1197 1368 in
1223 1331 1392 1380 potentia
1421 1339 1457 1368 et
1485 1331 1523 1368 in

460 1395 556 1434 actu,
587 1387 671 1423 licet
698 1398 776 1423 non
805 1385 917 1422 simul
945 1392 1009 1422 aut
1037 1385 1250 1421 secundum
1279 1384 1398 1430 idem,
1428 1384 1523 1420 sicut

460 1439 599 1488 aliquid
621 1446 676 1476 est
695 1438 860 1475 calidum
889 1438 927 1474 in
954 1437 1121 1486 potentia
1150 1445 1186 1473 et
1214 1437 1390 1484 frigidum
1415 1443 1520 1482 actu;

461 1505 505 1529 ex
534 1493 608 1529 hoc
636 1492 804 1541 sequitur
836 1491 940 1540 quod
974 1491 1093 1527 multa
1121 1497 1236 1537 agunt
1269 1497 1305 1525 et
1331 1489 1524 1538 patiuntur

460 1546 508 1582 ad
537 1545 718 1592 invicem,
748 1544 973 1592 inquantum
1002 1543 1141 1580 scilicet
1168 1550 1373 1591 utrumque
1403 1549 1457 1579 est
1484 1541 1523 1579 in

459 1598 627 1647 potentia
660 1606 695 1634 et
723 1605 808 1634 actu
837 1603 1010 1645 respectu
1042 1595 1194 1632 alterius
1227 1595 1439 1632 secundum
1469 1594 1522 1631 di-

459 1663 581 1687 versa.
613 1651 661 1687 Et
681 1650 771 1699 quia
790 1649 920 1686 omnia
949 1661 1110 1697 corpora
1138 1648 1320 1685 naturalia
1347 1647 1523 1684 inferiora

461 1703 745 1740 communicant
772 1703 810 1739 in
830 1702 998 1748 materia,
1028 1701 1115 1738 ideo
1144 1700 1182 1737 in
1210 1713 1443 1749 unoquoque
1468 1707 1524 1736 est

458 1757 627 1805 potentia
656 1756 703 1792 ad
723 1756 761 1793 id
779 1756 799 1776 ²1²
818 1755 924 1803 quod
953 1761 1008 1791 est
1040 1761 1125 1790 actu
1145 1753 1182 1790 in
1203 1754 1341 1790 altero:
1372 1760 1407 1789 et
1435 1752 1522 1789 ideo

462 1810 499 1846 in
529 1809 707 1845 omnibus
735 1808 869 1845 talibus
898 1807 1037 1856 aliquid
1067 1806 1180 1843 simul
1209 1805 1282 1853 agit
1310 1812 1346 1842 et
1372 1805 1522 1854 patitur,

462 1869 498 1898 et
522 1869 654 1899 movet
681 1869 717 1898 et
745 1868 933 1898 movetur.
964 1861 1013 1897 Et
1031 1872 1077 1895 ex
1095 1860 1167 1896 hac
1195 1858 1340 1895 ratione
1369 1858 1523 1906 quibus-

463 1915 551 1952 dam
579 1914 705 1959 visum
740 1922 795 1950 est
829 1913 935 1962 quod
967 1912 1185 1961 simpliciter
1213 1923 1328 1948 omne
1361 1923 1524 1948 movens

462 1974 677 2004 moveatur:
708 1966 774 2003 sed
804 1966 850 2003 de
879 1967 954 2002 hoc
981 1965 1225 2002 manifestum
1250 1964 1317 2000 erit
1348 1963 1467 2011 magis
1487 1963 1525 2000 in

463 2020 552 2057 aliis.
584 2020 814 2056 Ostendetur
841 2018 942 2055 enim
976 2018 1013 2055 in
1056 2025 1192 2054 octavo
1226 2017 1337 2053 huius
1366 2017 1386 2038 2*
1415 2024 1450 2053 et
1487 2016 1525 2053 in

463 2075 532 2109 XII
551 2074 767 2121 Metaphys.
789 2072 821 2118 ²⁸,
842 2071 947 2120 quod
967 2079 1021 2108 est
1048 2070 1245 2119 quoddam
1265 2082 1428 2107 movens
1456 2069 1525 2106 im-

463 2126 618 2173 mobile,
647 2125 736 2174 quia
764 2137 843 2162 non
873 2132 927 2161 est
945 2124 983 2161 in
1002 2123 1171 2173 potentia
1194 2122 1260 2160 sed
1282 2123 1320 2159 in
1340 2130 1425 2159 actu
1444 2129 1524 2158 tan-

463 2187 556 2216 tum.
579 2179 655 2215 Sed
684 2178 838 2226 quando
867 2177 906 2214 id
927 2179 946 2199 ’²‘
967 2177 1069 2226 quod
1099 2184 1154 2213 est
1172 2175 1210 2212 in
1238 2175 1417 2224 potentia,
1439 2183 1525 2211 actu

464 2231 755 2281 quodammodo
785 2231 955 2278 existens,
982 2230 1065 2279 agit
1090 2235 1157 2266 aut
1182 2229 1302 2276 ipsum
1330 2234 1397 2264 aut
1422 2227 1527 2264 aliud

464 2286 683 2333 inquantum
713 2289 766 2320 est
789 2283 940 2329 mobile,
967 2283 1063 2320 idest
1083 2284 1102 2302 ²²
1123 2282 1313 2318 reducitur
1331 2281 1369 2317 in
1398 2288 1524 2317 actum

464 2345 610 2384 motus,
648 2337 727 2373 sive
757 2337 802 2373 sit
829 2344 979 2373 motum
1008 2348 1030 2372 a
1058 2348 1098 2372 se
1127 2334 1206 2371 sive
1236 2335 1283 2371 ab
1313 2334 1408 2381 alio,
1437 2341 1526 2370 tunc

465 2398 518 2427 est
538 2398 664 2427 motus
684 2397 788 2426 actus
818 2389 908 2426 eius.
939 2390 988 2425 Et
1015 2388 1102 2425 inde
1132 2395 1187 2424 est
1214 2387 1319 2435 quod
1344 2387 1404 2423 illa
1427 2398 1524 2434 quae

463 2451 549 2480 sunt
579 2443 616 2481 in
645 2442 831 2491 potentia,
866 2442 945 2479 sive
974 2449 1086 2489 agant
1114 2441 1193 2477 sive
1225 2440 1415 2489 patiantur
1443 2452 1524 2476 mo-

462 2503 618 2541 ventur;
657 2496 745 2543 quia
774 2503 810 2532 et
838 2494 985 2543 agendo
1014 2494 1224 2543 patiuntur,
1264 2501 1300 2530 et
1327 2492 1523 2529 movendo

464 2556 686 2586 moventur:
717 2549 811 2585 sicut
829 2548 938 2596 ignis,
969 2560 1057 2584 cum
1086 2547 1159 2595 agit
1185 2546 1225 2583 in
1245 2546 1358 2593 ligna,
1388 2545 1526 2593 patitur

516 2701 539 2735 0)
555 2703 622 2728 sicut
637 2703 732 2735 ignis...
747 2702 853 2727 ardens.
873 2702 930 2726 Hoc
943 2701 1091 2733 exemplum
1104 2699 1226 2724 omittunt
1239 2699 1340 2723 codices
1354 2699 1434 2722 nostri
1449 2705 1522 2730 prae-

463 2744 501 2763 ter
516 2739 569 2764 FY.
583 2739 606 2762 Y
621 2743 707 2763 tamen
721 2738 810 2763 habet:
828 2737 896 2762 s1'cut
910 2736 980 2769 igm's
993 2743 1052 2761 curn
1067 2735 1126 2768 agit
1140 2734 1165 2759 in
1180 2734 1261 2767 ligna,
1272 2734 1391 2766 paritum·
1406 2734 1431 2758 in
1441 2734 1522 2767 flam-

1086 251 1432 289 PHYSICORUM
1459 252 1808 289 ARISTOTELIS
1839 253 1933 289 LIB.
1965 254 2014 289 III

1576 331 1801 380 inquantum
1825 330 2056 378 ingrossatur
2082 343 2152 380 per
2179 332 2344 380 fumum,
2374 333 2463 381 quia
2487 333 2647 371 flamma

1577 395 1655 420 non
1684 390 1738 420 est
1766 383 1836 420 nisi
1865 383 1992 420 fumus
2020 384 2157 421 ardens
2184 382 2207 421 ⁰.

1631 448 1666 484 7.
1696 435 1845 473 Deinde
1873 448 1960 472 cum
1981 436 2088 473 dicit:
2117 437 2214 474 Dico
2242 443 2367 474 autem
2395 439 2465 475 hoc
2487 439 2645 487 inquan-

1576 494 1654 525 tum
1683 496 1765 536 etc.,
1790 489 2003 526 manifestat
2029 490 2128 526 hanc
2154 489 2394 538 particulam,
2425 491 2644 539 inquantum

1575 541 1814 579 huiusmodi:
1855 549 1890 578 et
1920 541 2045 590 primo
2087 554 2156 590 per
2200 543 2440 591 exemplum;
2476 544 2643 581 secundo

1574 606 1645 642 per
1671 594 1869 641 rationem,
1885 594 1952 631 ibi:
1971 595 2220 643 Manifestum
2240 601 2365 632 autem
2384 601 2420 632 et
2437 596 2473 632 in
2497 602 2645 634 contra-

1576 646 1641 683 riis
1655 646 1676 667 *
1697 653 1765 683 etc.
1787 646 1886 684 Dicit
1906 659 1995 695 ergo
2015 647 2139 696 primo
2168 648 2275 697 quod
2302 648 2559 685 necessarium
2578 649 2646 686 fuit

1576 698 1665 736 addi
1686 699 1905 747 inquantum
1924 700 2147 746 huiusmodi,
2160 701 2249 749 quia
2263 700 2300 738 id
2321 701 2426 749 quod
2447 707 2501 738 est
2519 701 2558 738 in
2576 713 2645 750 po-

1576 751 1702 798 tentia,
1724 759 1780 790 est
1799 752 1912 788 etiam
1932 752 2072 801 aliquid
2091 760 2188 790 actu.
2205 754 2254 790 Et
2267 753 2352 791 licet
2370 754 2474 791 idem
2493 753 2539 790 sit
2557 755 2645 792 sub-

1576 803 1716 840 iectum
1743 804 1903 841 existens
1926 804 1964 841 in
1982 805 2150 854 potentia
2166 813 2201 842 et
2223 806 2262 843 in
2290 814 2387 854 actu,
2411 819 2491 844 non
2515 814 2645 844 tamen

1577 863 1632 893 est
1659 856 1763 893 idem
1783 858 1994 895 secundum
2023 858 2208 895 rationem
2236 871 2317 896 esse
2346 859 2384 896 in
2411 859 2581 908 potentia
2609 867 2646 897 et

1577 921 1659 946 esse
1679 909 1718 946 in
1741 917 1838 958 actu,
1860 909 1955 947 sicut
1978 922 2042 947 aes
2071 919 2126 948 est
2152 911 2191 948 in
2214 912 2382 960 potentia
2415 913 2462 950 ad
2481 919 2643 950 statuam

1579 969 1615 998 et
1633 969 1688 998 est
1716 969 1801 999 actu
1829 975 1905 1011 aes,
1926 975 2005 1001 non
2023 971 2151 1001 tamen
2185 971 2240 1000 est
2259 965 2394 1002 eadem
2423 965 2517 1002 ratio
2546 965 2642 1002 aeris

1577 1014 1804 1062 inquantum
1824 1023 1879 1052 cst
1899 1028 1962 1053 aes
1983 1023 2019 1052 et
2037 1016 2262 1065 inquantum
2284 1024 2339 1053 est
2358 1018 2378 1039 *
2406 1017 2575 1066 potentia
2593 1019 2643 1056 ad

1578 1074 1751 1104 statuam.
1791 1069 1921 1105 Motus
1958 1075 2087 1105 autem
2124 1081 2203 1105 non
2233 1076 2288 1105 est
2324 1077 2429 1106 actus
2464 1069 2558 1107 aeris
2586 1070 2642 1108 in-

1578 1127 1763 1168 quantum
1792 1129 1848 1158 est
1875 1133 1951 1168 aes,
1974 1121 2042 1158 sed
2061 1121 2287 1169 inquantum
2307 1129 2362 1158 est
2380 1121 2419 1159 in
2433 1122 2454 1142 *
2473 1123 2642 1170 potentia

1578 1173 1627 1209 ad
1655 1180 1838 1210 statuam:
1877 1173 1967 1210 alias
2004 1181 2196 1222 oporteret
2232 1174 2338 1222 quod
2375 1174 2544 1223 quandiu
2576 1187 2642 1212 aes

1579 1233 1687 1272 esset,
1708 1225 1838 1263 tandiu
1858 1238 1922 1262 aes
1938 1226 1958 1247 *
1977 1233 2209 1273 moveretur,
2226 1226 2331 1274 quod
2350 1234 2452 1275 patet
2471 1239 2554 1264 esse
2577 1228 2642 1265 fal·

1578 1290 1675 1314 sum.
1704 1277 1820 1315 Unde
1843 1285 1946 1326 patet
1974 1278 2244 1315 convenienter
2272 1279 2442 1317 additum
2473 1292 2555 1317 esse
2588 1281 2642 1318 in-

1577 1336 1757 1378 quantum
1785 1331 2008 1367 huiusmodi.

1633 1383 1667 1419 8.
1703 1382 1852 1420 Deinde
1888 1395 1976 1419 curn
2018 1382 2125 1420 dicit:
2163 1384 2412 1433 Manifestum
2449 1391 2574 1422 autem
2608 1391 2645 1423 et

1578 1435 1615 1472 in
1650 1435 1848 1472 contrariis
1882 1443 1978 1482 etc.‚
2014 1435 2178 1473 ostendit
2213 1436 2316 1474 idem
2349 1449 2435 1487 per
2456 1437 2642 1476 rationem

1578 1495 1770 1536 sumptam
1797 1500 1819 1525 a
1839 1487 2044 1526 contrariis.
2074 1489 2320 1527 Manifestum
2340 1497 2395 1527 est
2414 1490 2516 1528 enim
2537 1491 2643 1539 quod

1579 1540 1734 1590 aliquod
1750 1540 1891 1578 *idem
1916 1541 2128 1578 subiectum
2150 1549 2205 1579 est
2231 1542 2270 1580 in
2297 1543 2466 1592 potentia
2485 1544 2534 1581 ad
2553 1556 2642 1581 con-

1577 1594 1704 1641 traria,
1739 1593 1835 1631 sicut
1861 1594 2002 1631 humor
2030 1602 2094 1632 aut
2121 1595 2272 1643 sanguis
2301 1603 2356 1632 est
2387 1595 2490 1633 idern
2519 1596 2643 1634 subie-

1579 1654 1682 1683 ctum
1702 1659 1743 1683 se
1762 1647 1908 1683 habens
1927 1647 1965 1683 in
1984 1647 2153 1696 potentia
2182 1648 2230 1685 ad
2250 1648 2446 1686 sanitatem
2470 1656 2507 1686 et
2525 1649 2642 1697 aegri-

1578 1699 1761 1736 tudinem.
1791 1699 2037 1737 Manifestum
2067 1708 2122 1737 est
2141 1708 2270 1738 autem
2289 1701 2394 1750 quod
2414 1713 2496 1739 esse
2515 1701 2554 1739 in
2571 1714 2642 1751 po-

1578 1751 1692 1788 tentia
1720 1752 1769 1789 ad
1793 1751 2003 1799 sanitatem,
2025 1760 2061 1789 et
2084 1765 2166 1790 esse
2195 1754 2232 1790 in
2260 1753 2429 1802 potentia
2457 1754 2506 1792 ad
2524 1754 2642 1802 aegri-

1578 1804 1771 1852 tudinem,
1803 1812 1858 1841 est
1885 1805 2044 1842 alterum
2075 1813 2111 1842 et
2138 1806 2298 1843 alterurn
2332 1809 2388 1854 (et
2414 1807 2489 1844 hoc
2515 1807 2600 1844 dico
2621 1809 2642 1828 ⁹

1579 1857 1791 1894 secundum
1820 1857 1994 1895 ordinem
2018 1859 2066 1895 ad
2091 1858 2273 1906 obiecta):
2303 1859 2470 1908 alioquin
2489 1859 2519 1896 si
2538 1860 2642 1898 idem

1579 1917 1676 1947 esset
1703 1922 1816 1958 posse
1844 1911 2018 1947 laborare
2047 1918 2083 1948 et
2109 1924 2223 1960 posse
2252 1912 2393 1960 sanari,
2422 1920 2643 1961 sequeretur

1578 1963 1683 2011 quod
1712 1963 1883 2000 laborare
1917 1971 1954 2000 et
1981 1964 2104 2000 sanari
2142 1972 2266 2002 essent
2298 1965 2413 2003 idem.
2452 1964 2643 2003 Differunt

1579 2028 1668 2063 ergo
1696 2027 1809 2064 posse
1837 2016 2009 2053 laborare
2047 2024 2083 2053 et
2114 2029 2229 2065 posse
2266 2017 2389 2055 sanari
2428 2017 2642 2055 secundum

1579 2068 1776 2116 rationem,
1798 2068 1866 2105 sed
1893 2069 2105 2106 subiectum
2126 2077 2182 2106 est
2198 2082 2320 2107 unum
2341 2077 2377 2107 et
2395 2070 2510 2108 idem.
2534 2071 2644 2108 Patet

1579 2133 1667 2168 ergo
1697 2121 1802 2169 quod
1830 2133 1909 2158 non
1935 2129 1990 2158 est
2011 2122 2146 2159 eadem
2176 2122 2269 2159 ratio
2299 2123 2456 2160 subiecti
2483 2123 2642 2172 inquan-

1578 2181 1660 2210 tum
1681 2181 1736 2210 est
1754 2173 1951 2222 quoddam
1980 2186 2059 2221 ens,
2081 2182 2117 2211 et
2144 2174 2368 2224 inquantum
2394 2183 2450 2213 est
2475 2176 2644 2225 potentia

1579 2226 1628 2263 ad
1655 2226 1776 2264 aliud:
1807 2226 1975 2275 alioquin
1992 2227 2162 2275 potentia
2180 2229 2229 2265 ad
2245 2228 2431 2266 contraria
2451 2236 2548 2266 esset
2565 2241 2643 2267 una

1579 2279 1791 2316 secundum
1820 2278 2020 2317 rationem.
2050 2281 2100 2316 Et
2127 2280 2180 2317 sic
2205 2281 2324 2318 etiam‘
2346 2293 2425 2318 non
2454 2289 2509 2318 est
2536 2281 2641 2320 idern

1579 2332 1792 2369 secundum
1820 2332 2005 2369 rationem
2026 2333 2131 2370 color
2159 2341 2195 2370 et
2212 2333 2372 2372 visibile.
2402 2335 2451 2371 Et
2467 2334 2556 2371 ideo
2575 2346 2641 2372 ne-

1580 2384 1784 2421 cessarium
1812 2384 1880 2421 fuit
1909 2385 2032 2422 dicere
2061 2386 2165 2434 quod
2193 2393 2320 2423 motus
2348 2393 2403 2424 est
2430 2394 2535 2424 actus
2552 2399 2641 2436 pos-

1579 2437 1693 2475 sibilis
1731 2437 1951 2486 inquantum
1985 2443 2040 2474 est
2066 2438 2263 2486 possibile:
2297 2451 2346 2476 ne
2379 2439 2642 2487 intelligeretur

1580 2502 1661 2527 esse
1681 2497 1785 2527 actus
1812 2490 1891 2526 eius
1920 2490 2024 2539 quod
2053 2498 2109 2527 est
2136 2491 2174 2528 in
2199 2492 2384 2541 potentia,
2413 2492 2653 2541 inquantum·

1580 2551 1635 2580 est
1663 2543 1860 2592 quoddam
1888 2543 2111 2580 subiectum.

1577 2704 1620 2722 ma
1634 2698 1702 2722 enim
1719 2704 1770 2722 non
1791 2701 1853 2728 etc.;
1873 2697 1950 2722 etiam
1969 2697 1989 2721 F
2009 2698 2069 2730 legit
2080 2699 2194 2732 flamma
2219 2698 2288 2723 enim
2308 2706 2355 2732 pro
2373 2699 2436 2732 quia
2447 2699 2576 2734 flamma3
2595 2705 2644 2732 pro

1576 2733 1689 2762 ardens,
1709 2739 1833 2758 accensus
1852 2732 1905 2763 FY,
1923 2739 2046 2758 ascensus
2066 2734 2106 2758 ed.
2120 2740 2146 2759 a.

2671 656 2681 668 ⁴
2697 656 2767 679 Num.
2782 663 2830 686 seq.

2669 1020 2680 1031 ⁴·
2695 1020 2720 1041 in
2737 1019 2792 1043 add.
2810 1026 2884 1044 com

2669 1051 2754 1069 tumr?-

2670 1129 2680 1138 ·
2693 1129 2718 1150 in
2734 1135 2783 1151 om.
2801 1134 2883 1152 amm.

2669 1160 2827 1202 mone-rma
2837 1171 2844 1182 ‚
2866 1162 2884 1178 x

2669 1238 2681 1249 ⁴¹
2781 1243 2824 1260 aen
2833 1244 2883 1261 om.
2946 1240 2950 1262 ἐ

2670 1263 2739 1286 codd.

2669 1553 2679 1562 '¹
2693 1552 2824 1580 aliquan-do
2836 1559 2858 1575 ι’.

2669 1811 2679 1822 ·
2694 1811 2746 1833 dico
2761 1817 2810 1834 om.
2828 1811 2882 1834 rab.
