2950 4004
72 371 80 380 ·
109 367 259 390 celebrantur

73 394 125 417 edd.
135 400 151 415 a
159 394 172 415 b
185 397 207 414 et
216 392 284 414 codd.

35 432 40 438 -·
74 426 121 444 exo.
137 425 262 442 muna-ru.

170 469 187 494 Υ

38 574 49 606 j
73 579 84 591 ³
99 577 148 599 alia
162 576 230 599 codd.

71 943 87 957 ⁸
97 942 168 966 Num.
182 943 205 965 8.

38 1372 50 1392 l
75 1364 86 1374 '¹
98 1362 123 1384 in
137 1368 185 1384 om.
205 1367 288 1384 smmi.

48 1405 51 1410 .
72 1394 213 1415 namra.

34 1755 46 1759 ,‚
73 1731 88 1743 ⁴
101 1730 138 1752 νει
150 1735 187 1752 ια.

13 2063 16 2065 -
67 2051 91 2073 ,”
107 2049 178 2072 duret
194 2048 290 2071 codIces

8 2095 14 2099 ,.
64 2081 159 2099 ‹exer-

8 2102 27 2123 's
82 2101 93 2113 ²
104 2102 174 2125 etiam
189 2107 291 2123 Λευ-ενι

9 2129 17 2134 ⁴
47 2126 123 2159 {et-vn,
132 2133 180 2150 om.
188 2131 231 2150 cet.
241 2133 290 2149 exc.

66 2159 227 2208 iw⁸om.
247 2185 291 2202 ι’ῐ-’κ

63 2207 65 2209 Ι
77 2178 103 2195 ἢ*

54 2206 274 2264 ῑῖῧῗῶἓέὼω.

46 3094 54 3104 ’κ
83 3087 97 3100 ⁶
109 3088 178 3111 Num.
194 3095 226 3111 xo.

0 3218 3 3221 ,
24 3186 57 3230 {4
85 3195 96 3211 Ρ
109 3195 178 3219 Num.
189 3203 214 3219 ιι.

39 3334 62 3339 ἢ
85 3296 154 3344 :ger
166 3273 239 3322 pexos
262 3301 284 3318 et

1164 279 1274 316 CAP.
1303 279 1371 326 vl,
1402 280 1550 317 LECT.
1580 281 1615 317 x

310 356 483 404 agonalia
511 369 607 406 quae
637 357 922 394 celebrabantur
937 359 957 379 ’¹²
976 357 1014 394 in
1033 364 1163 394 monte
1184 358 1366 405 Olympo,

313 409 485 447 dicuntur
513 422 594 447 esse
623 417 659 446 et
687 410 820 446 durare
849 410 1060 446 secundum
1087 421 1228 457 agones
1254 421 1366 457 posse

309 461 394 498 fieri
427 469 463 498 et
495 462 577 500 fieri
605 462 642 499 in
671 470 756 499 actu
783 467 815 498 ⁷:
844 462 932 509 quia
964 462 1147 510 quamdiu
1185 462 1368 498 durabant

308 514 380 551 ista
407 514 520 562 festa,
555 514 678 563 aliqua
713 527 800 563 pars
836 514 986 551 illorum
1018 514 1196 551 ludorum
1225 521 1303 550 erat
1329 513 1368 550 in

310 566 409 612 fieri,
440 575 477 605 et
505 567 629 616 aliqua
648 568 667 588 ²¹²
697 574 775 603 erat
801 573 842 602 ut
868 566 907 603 in
934 567 1102 603 futurum
1129 566 1268 603 fienda.

368 620 401 656 5.
421 619 570 657 Deinde
599 632 687 656 cum
716 619 821 656 dicit:
849 618 970 655 Aliter
1000 624 1125 655 autem
1153 624 1190 655 et
1214 619 1250 655 in
1279 623 1367 655 tem-

305 684 402 721 pore
429 680 512 720 etc„
533 679 729 721 comparat
756 671 906 708 diversa
932 671 1077 708 infinita
1113 671 1160 708 ad
1189 670 1366 708 invicem.

310 726 361 762 Et
387 725 511 774 primo
539 731 733 774 comparat
750 723 939 760 infinitum
957 723 1139 772 temporis
1159 731 1195 760 et
1213 735 1367 770 genera-

310 778 442 825 tionis,
470 777 616 814 infinito
655 777 759 825 quod
793 782 848 812 est
875 776 913 812 in
941 776 1278 823 magnitudinibus;
1313 788 1368 812 se-

312 831 438 868 cundo
453 837 648 878 comparat
659 828 848 866 infinitum
864 829 1074 865 secundum
1090 828 1367 877 appositionem

313 890 349 920 et
366 882 555 919 infinitum
570 881 779 918 secundum
801 880 1026 918 divisionem
1046 882 1084 918 in
1103 881 1366 929 magnitudini-

311 934 394 982 bus,
410 934 479 971 ibi:
504 934 613 976 Quod
625 940 747 970 autem
763 934 965 970 secundum
984 934 1249 982 appositionem
1261 934 1281 953 '¹‘
1299 941 1367 970 etc.

310 987 422 1025 Circa
448 986 616 1036 primum
650 986 719 1023 tria
744 986 848 1023 ·facit.
886 986 1016 1022 Primo
1050 985 1229 1034 proponit
1265 985 1369 1033 quod

311 1039 483 1078 intendit:
513 1047 551 1076 et
578 1038 665 1076 dicit
691 1038 796 1088 quod
830 1038 935 1075 aliter
962 1039 1219 1075 manifestatur
1246 1038 1368 1074 infini-

310 1101 393 1130 tum
421 1092 460 1130 in
487 1091 730 1140 generatione
757 1091 958 1128 hominum
988 1098 1023 1127 et
1050 1091 1089 1128 in
1115 1098 1304 1139 ternpore,
1335 1097 1370 1126 et

311 1146 418 1183 aliter
445 1145 483 1182 in
511 1144 696 1181 divisione
724 1144 1038 1191 magnitudinum.

367 1199 401 1236 6.
416 1196 593 1235 Secundo
611 1196 678 1234 ibi:
705 1197 864 1234 Omnino
879 1197 1025 1244 quidem
1041 1196 1139 1233 enim
1153 1196 1206 1232 sic
1220 1201 1274 1231 est
1286 1202 1368 1241 etc.,

315 1250 477 1288 ostendit
504 1250 595 1298 quid
623 1249 669 1286 sit
696 1261 903 1286 commune
931 1249 1109 1286 omnibus
1137 1247 1301 1285 infinitis.
1322 1248 1371 1284 Et

315 1303 403 1341 dicit
433 1302 539 1352 quod
557 1303 632 1339 hoc
659 1301 818 1339 omnino
838 1309 874 1339 et
900 1301 1159 1338 universaliter
1182 1301 1220 1337 in
1249 1300 1370 1337 omni-

315 1357 386 1394 bus
419 1355 571 1392 infinitis
605 1354 813 1402 invenitur,
846 1354 952 1403 quod
985 1354 1173 1391 infinitum
1207 1360 1262 1390 est
1292 1354 1330 1390 in
1350 1354 1370 1375 ’ἒ

315 1421 468 1457 semper
491 1407 592 1445 aliud
612 1415 648 1444 et
665 1407 767 1444 aliud
786 1406 1005 1455 accipiendo
1026 1406 1235 1444 secundum
1255 1418 1371 1454 quan-

316 1462 406 1499 dam
434 1460 723 1506 successionem,
744 1460 794 1496 ita
821 1467 949 1497 tamen
968 1459 1072 1508 quod
1101 1458 1283 1507 quidquid
1312 1471 1372 1495 ac-

314 1514 450 1563 cipitur
467 1513 507 1550 in
525 1521 611 1550 actu
630 1513 676 1550 de
696 1512 854 1559 infinito,
874 1519 996 1548 totum
1016 1511 1060 1548 sit
1078 1511 1238 1548 finitum.
1260 1511 1371 1548 Unde

316 1579 395 1604 non
423 1572 570 1615 oportet
597 1565 766 1612 accipere
805 1564 910 1613 quod
936 1564 1126 1601 infinitum
1160 1564 1205 1600 sit
1232 1563 1371 1612 aliquid

315 1626 438 1656 toturn
475 1618 587 1655 simul
621 1617 800 1663 existens,
830 1617 924 1653 sicut
950 1618 1021 1653 hoc
1047 1617 1189 1664 aliquid
1215 1616 1372 1653 demon—

316 1678 485 1717 stratum,
510 1670 605 1707 sicut
631 1669 837 1718 accipimus
875 1669 1072 1706 hominem
1099 1669 1162 1704 vel
1190 1668 1371 1714 domum;

316 1725 384 1761 sed
411 1723 506 1761 sicut
532 1729 618 1759 sunt
645 1722 869 1769 successiva,
890 1730 931 1758 ut
950 1721 1028 1758 dies
1058 1728 1094 1757 et
1112 1721 1131 1741 ’¹‘
1155 1721 1265 1757 ludus
1286 1732 1374 1767 ago-

315 1775 422 1823 nalis,
443 1787 608 1824 quorum
637 1787 720 1812 esse
748 1787 827 1811 non
855 1782 910 1811 est
937 1774 1011 1810 hoc
1030 1772 1148 1809 modo
1177 1773 1282 1821 quod
1310 1772 1373 1808 ali-

317 1828 408 1877 quid
436 1840 571 1865 eorum
598 1827 644 1864 sit
672 1827 766 1863 sicut
793 1826 984 1874 quaedam
1019 1825 1225 1862 substantia
1252 1825 1373 1874 perfe-

317 1888 376 1918 cta
402 1888 481 1917 tota
509 1887 593 1917 actu
631 1879 802 1917 existens,
833 1880 876 1915 In
904 1877 1144 1926 generatione
1183 1885 1310 1914 autem
1340 1885 1376 1913 et

318 1933 568 1982 corruptione,
589 1932 657 1968 etsi
684 1932 722 1968 in
750 1931 939 1968 infinitum
966 1931 1204 1979 procedatur,
1226 1941 1376 1978 semper

317 1986 406 2023 illud
434 1985 537 2034 quod
565 1984 744 2033 accipitur
771 1983 809 2020 in
839 1991 941 2029 actU,
963 1991 1018 2020 est
1045 1983 1205 2020 finitum.
1236 1984 1278 2019 In
1296 1989 1376 2019 toto

319 2038 420 2075 enim
437 2038 598 2075 decursu
611 2036 872 2085 generationis,
889 2036 1002 2072 etiarn
1018 2035 1047 2072 si
1061 2035 1289 2084 procedatur
1305 2036 1324 2056 ²¹*
1339 2034 1377 2071 in

318 2090 519 2137 infinitum,
545 2097 581 2126 et
601 2091 620 2111 ’²⁴
641 2102 775 2126 omnes
799 2089 974 2126 homines
1003 2089 1067 2136 qui
1093 2088 1204 2125 simul
1229 2095 1314 2124 actu
1334 2089 1377 2110 *⁷¹*

319 2143 561 2192 accipiuntur,
586 2150 672 2179 sunt
695 2142 790 2178 finiti
814 2141 1026 2179 secundum
1054 2153 1274 2187 numerum,
1301 2148 1338 2177 et
1359 2141 1379 2162 '²³

319 2195 536 2233 huiusmodi
565 2196 714 2232 finitum
743 2202 891 2243 oportet
919 2194 1088 2242 accipere
1111 2195 1130 2215 ’³‘
1154 2194 1314 2230 alterum
1344 2200 1379 2230 et

320 2250 497 2295 alterum,
527 2248 738 2285 secundum
768 2247 871 2296 quod
908 2246 1063 2295 quidam
1091 2245 1266 2282 homines
1296 2258 1377 2282 suc-

321 2301 458 2338 cedunt
485 2300 724 2349 quibusdam.

373 2366 409 2402 7.
430 2353 559 2390 Tertio
581 2353 648 2390 ibi:
670 2353 743 2389 Sed
760 2353 796 2388 in
817 2351 1135 2401 magnitudinibus
1156 2358 1238 2397 ete„
1256 2358 1377 2387 osten-

321 2406 374 2444 dit
388 2406 638 2443 differentiam
654 2403 677 2442 ὃ.
695 2407 743 2442 Et
758 2405 846 2442 dicit
861 2405 965 2452 quod
980 2404 1071 2440 illud
1085 2403 1265 2440 finitum*
1275 2405 1377 2452 quod

320 2459 526 2507 accipimus
554 2459 592 2495 in
620 2457 952 2506 magnitudinibus,
972 2457 1035 2493 vel
1059 2455 1288 2504 apponendo
1316 2457 1376 2492 vel

321 2511 537 2559 dividendo,
557 2518 755 2560 permanet
783 2517 819 2546 et
846 2522 924 2546 non
944 2509 1210 2557 corrumpitur:
1231 2509 1296 2545 sed
1318 2509 1377 2546 illa

319 2564 570 2612 finita*quae
600 2563 831 2611 accipiuntur
858 2562 896 2598 in
923 2562 1068 2598 infinito
1098 2562 1258 2599 decursu
1283 2569 1377 2598 tem-

319 2616 423 2665 poris
443 2623 479 2652 et
506 2615 756 2663 generationis
774 2616 965 2651 humanae
995 2622 1306 2662 corrumpuntur;
1326 2614 1376 2651 ita

320 2669 426 2716 quod
461 2680 529 2716 per
556 2668 667 2704 istum
705 2667 864 2704 modum
897 2679 975 2704 non
1010 2666 1199 2714 contingat
1226 2674 1376 2715 tempus

322 2727 358 2756 et
384 2719 664 2767 generationem
694 2720 867 2756 deficere.

376 2773 410 2808 8.
441 2771 587 2808 Deinde
625 2783 713 2808 cum
743 2771 844 2807 dicit:
878 2771 987 2812 Quod
1021 2776 1144 2807 autem
1172 2771 1374 2807 secundum

321 2824 586 2872 appositionem
624 2831 715 2868 etc.,
751 2830 945 2870 comparat
982 2822 1057 2859 duo
1095 2823 1240 2858 infinita
1277 2835 1374 2871 quae

322 2884 408 2913 sunt
440 2876 478 2912 in
515 2875 853 2923 magnitudinibus,
888 2875 1026 2911 scilicet
1062 2875 1272 2911 secundum
1309 2887 1373 2923 ap-

321 2928 551 2977 positionem
589 2936 624 2965 et
660 2928 869 2964 secundum
910 2927 1145 2964 divisionem.
1185 2928 1233 2963 Et
1277 2927 1374 2964 circa

321 2983 396 3018 hoc
424 2981 492 3018 tria
522 2981 623 3017 facit:
652 2980 775 3028 primo
804 2980 911 3028 ponit
948 2979 1251 3016 convenientiam
1279 2979 1374 3016 inter

322 3041 524 3081 utrumque
559 3033 765 3078 infinitum3
804 3032 971 3069 secundo
1007 3032 1170 3068 ostendit
1200 3032 1373 3069 differen-

323 3085 425 3132 tiam,
446 3085 516 3122 ibi:
536 3086 627 3123 Non
656 3091 778 3122 tamen
807 3085 988 3121 excellit*
1009 3092 1099 3130 etc.;
1129 3084 1236 3121 tertio
1265 3084 1373 3121 infert

324 3138 516 3186 quandam
545 3137 827 3174 conclusionem
853 3149 897 3173 ex
925 3137 1041 3185 dictis,
1062 3137 1129 3173 ibi:
1164 3138 1290 3178 Quare
1308 3149 1372 3173 ex-

324 3190 455 3226 cellere
475 3190 495 3211 *
522 3197 589 3227 etc.

377 3241 475 3278 Dicit
494 3254 581 3290 ergo
601 3242 724 3290 primo
744 3241 849 3290 quod
877 3240 1166 3289 quodammodo
1186 3241 1374 3277 infinitum

325 3294 535 3331 secundum
561 3295 580 3316 '³‘
601 3294 875 3342 appositionem
905 3301 959 3329 est
986 3293 1087 3329 idem
1114 3305 1202 3329 cum
1230 3293 1374 3329 infinito

325 3347 534 3383 secundum
565 3346 804 3391 divisionem;
834 3345 922 3393 quia
949 3345 1136 3381 infinitum
1165 3345 1374 3382 secundum

377 3479 404 3513 γ)
423 3479 563 3504 secundum
582 3485 681 3510 agones
691 3485 769 3509 posse
780 3477 846 3510 fieri
863 3481 889 3502 et
900 3477 965 3510 fieri
984 3478 1009 3502 in
1024 3481 1094 3502 actu.
1108 3491 1126 3495 —
1138 3478 1178 3502 Sic
1193 3479 1301 3509 legimus
1315 3486 1374 3503 cum

325 3514 518 3542 EGMORSZlm
537 3521 588 3538 non
607 3513 758 3537 dissentiunt
776 3512 1048 3542 ACFIKLQTVXYa,
1063 3513 1205 3537 secundum
1225 3520 1323 3545 agones
1336 3520 1374 3538 se-

324 3550 439 3574 cundum
459 3556 536 3580 posse
554 3548 619 3580 fieri
637 3551 662 3572 et
673 3548 738 3580 fieri
756 3547 781 3571 in
801 3551 877 3576 actim
895 3547 1036 3572 secundum
1051 3554 1128 3578 posse
1140 3547 1205 3579 fieri
1223 3550 1248 3571 et
1263 3547 1329 3579 fieri
1347 3548 1373 3572 in

2402 280 2471 316 133

1420 357 1698 405 appositionem
1713 359 1755 395 fit
1770 371 1790 395 e
1810 371 1994 397 converso
2015 360 2035 381 ’³‘
2065 371 2152 396 cum
2175 359 2321 397 infinito
2341 371 2472 396 secun·
2502 369 2711 423 {tegnffpggfjtffnffi

1422 411 1514 446 dum
1548 410 1785 447 divisionem.
1817 412 2036 449 Secundum
2070 412 2170 448 enim
2204 411 2308 460 quod
2335 411 2475 459 aliquid
2501 410 2584 442 ni10-'

1449 461 1599 498 ividitur
1630 462 1668 499 in
1699 463 1899 511 infinitum,
1929 464 2139 501 secundum
2172 465 2246 501 hoc
2283 464 2322 501 in
2353 464 2475 501 infini—

1463 526 1502 550 m
1521 514 1670 551 videtur
1687 527 1799 563 posse
1819 517 1960 564 apponi
1987 517 2035 554 ad
2056 517 2222 565 aliquam
2251 516 2474 554 determina-

1422 573 1499 602 tam
1528 567 1783 613 quantitatem.

1476 630 1510 665 9.
1532 619 1747 655 Manifestat
1764 620 1873 667 igitur
1891 622 2088 669 quomodo
2109 622 2154 658 sit
2173 621 2361 658 infinitum
2381 621 2475 659 divi-

1422 670 1527 707 sione
1556 671 1594 707 in
1623 672 1889 719 magnitudine.
1911 674 1959 709 Et
1987 674 2073 710 dicit
2095 674 2199 722 quod
2227 674 2257 711 si
2286 674 2418 722 aliquis
2437 674 2476 711 in

1422 722 1547 771 aliqua
1583 724 1838 771 magnitudine
1866 725 1990 773 finita,
2021 734 2173 775 accepta
2211 726 2334 774 aliqua
2370 734 2474 775 parte

1423 775 1669 812 determinata
1687 789 1756 825 per
1771 778 1790 798 ‘²'
1806 777 2043 826 divisionem,
2073 791 2224 827 semper
2246 779 2404 828 accipiat
2423 779 2475 816 di-

1421 827 1588 864 videndo
1608 829 1697 865 alias
1716 837 1840 877 partes
1860 831 2070 868 secundum
2090 831 2253 868 eandem
2273 832 2471 878 rationem,

1422 879 1518 916 idest
1536 881 1833 929 proportionem,
1854 884 1920 919 sed
1949 895 2027 920 non
2054 884 2264 920 secundum
2280 885 2299 905 >a
2314 884 2476 921 eandem

2502 784 2513 795 ⁴⁸
2527 783 2650 806 secundum
2660 789 2696 805 se.

2502 889 2513 900 '⁶
2528 888 2649 910 secundum
2667 895 2714 910 om.

2503 914 2571 936 codd.
2586 921 2636 936 exc.
2650 921 2713 936 nium

2503 947 2550 962 εει.

1423 933 1668 979 quantitatem
1695 934 1734 970 in
1763 935 1896 971 eadem
1924 936 2179 984 proportione,
2206 949 2283 972 non
2310 944 2476 985 pertran-

1423 984 1508 1021 sibit
1536 985 1740 1023 dividendo
1768 986 1859 1023 illud
1877 988 2042 1035 finitum;
2071 996 2162 1036 puta
2186 989 2216 1025 si
2244 1001 2265 1025 a
2288 989 2386 1026 linea
2415 1002 2476 1026 cu-

1424 1036 1526 1073 bitali
1552 1038 1710 1086 accipiat
1746 1039 2007 1087 medietatem,
2036 1048 2073 1077 et
2099 1042 2235 1078 iterum
2273 1054 2295 1078 a
2326 1042 2476 1079 residuo

1424 1089 1682 1136 medietatem;
1704 1091 1830 1127 etsssic
1848 1092 1886 1128 in
1906 1092 2092 1130 infinitum
2112 1094 2317 1142 procedere
2340 1102 2475 1143 potest.

1426 1142 1644 1179 Servabitur
1664 1143 1764 1179 enirn
1783 1144 1822 1180 in
1841 1145 2095 1182 subtrahendo
2117 1147 2251 1184 eadem
2270 1147 2476 1195 proportio.

1425 1193 1492 1230 sed
1529 1206 1608 1231 non
1645 1196 1779 1232 eadem
1816 1197 2002 1244 quantitas
2037 1199 2231 1244 subtracti;
2262 1200 2387 1236 minus
2425 1207 2479 1236 est

1426 1246 1527 1283 enim
1564 1248 1776 1285 secundum
1813 1249 2057 1297 quantitatem
2095 1251 2293 1288 dimidium
2335 1251 2479 1289 dimidii

1426 1308 1541 1347 quam
1571 1300 1768 1337 dimidium
1797 1301 1920 1338 totius.
1951 1303 2027 1339 Sed
2063 1303 2094 1339 si
2130 1316 2281 1352 semper
2314 1312 2480 1341 sumeret

1426 1351 1590 1389 eandem
1609 1353 1865 1401 quantitatem,
1887 1362 2077 1403 oporteret
2096 1357 2199 1404 quod
2227 1369 2377 1405 semper
2401 1369 2480 1394 ma-

1425 1404 1479 1451 gis
1499 1416 1543 1440 ac
1561 1405 1679 1453 magis
1699 1414 1896 1453 augeretur
1913 1407 2120 1455 proportio.
2150 1409 2246 1446 Puta
2274 1409 2303 1446 si
2323 1422 2345 1446 a
2364 1422 2480 1457 quan-

1425 1456 1525 1493 titate
1554 1457 1688 1494 decem
1708 1459 1921 1496 cubitorum
1941 1460 2178 1497 subtrahatur
2195 1474 2293 1498 unus
2322 1462 2479 1509 cubitus,

1426 1509 1658 1546 subtractum
1673 1522 1712 1546 se
1727 1511 1869 1547 habet*
1879 1512 1927 1549 ad
1945 1519 2068 1550 totum
2087 1513 2126 1554 in
2145 1514 2377 1563 subdecupla
2394 1527 2481 1562 pro-

1425 1562 1616 1610 portione:
1646 1563 1675 1599 si
1703 1570 1830 1600 autem
1854 1564 1990 1601 iterum
2019 1577 2041 1601 a
2068 1566 2219 1603 residuo
2244 1568 2481 1604 subtrahatur

1426 1626 1524 1651 unus
1561 1615 1728 1663 cubitus,
1758 1617 1990 1654 subtractum
2019 1630 2058 1654 se
2086 1618 2239 1655 habebit
2272 1619 2309 1655 in
2346 1619 2480 1656 maiori

1426 1667 1692 1715 proportione;
1713 1668 1838 1705 minus
1867 1669 1967 1706 enim
1995 1682 2094 1706 unus
2118 1671 2264 1708 cubitus
2293 1672 2482 1718 exceditur

1428 1731 1450 1755 a
1478 1731 1620 1756 novem
1656 1732 1770 1768 quam
1798 1734 1820 1757 a
1848 1722 1994 1758 decem.
2025 1722 2128 1759 Sicut
2154 1723 2262 1771 igitur
2290 1724 2477 1761 servando

1429 1772 1590 1808 eandem
1627 1773 1913 1820 proportionem
1952 1775 2170 1812 diminuitur
2198 1776 2402 1824 quantitas,
2431 1777 2481 1814 ita

1428 1825 1616 1860 sumendo
1638 1825 1798 1862 eandem
1818 1827 2063 1874 quantitatem
2091 1835 2247 1875 augetur
2274 1829 2479 1877 proportio.

1431 1876 1470 1912 Si
1499 1888 1588 1924 ergo
1622 1877 1752 1926 aliquis
1772 1878 1824 1914 sic
1845 1879 1863 1899 ⁵⁴
1892 1880 2148 1916 subtrahendo
2173 1881 2220 1917 ab
2247 1881 2371 1929 aliqua
2402 1894 2481 1918 ma·
2509 1890 2632 1938 *sicbom
2653 1892 2720 1913 codd-

1429 1928 1620 1976 gnitudine
1647 1930 1763 1977 finita,
1784 1943 1935 1979 semper
1962 1940 2096 1979 augeat
2117 1933 2403 1981 proportionem
2423 1946 2482 1970 su·
2509 1921 2531 1938 ω
2545 1923 2560 1938 ‘²
2583 1933 2588 1938 ”

1430 1982 1571 2018 mendo
1602 1983 1762 2019 eandem
1791 1984 2052 2031 quantitatem,
2081 1986 2251 2022 transibit
2279 1986 2482 2023 dividendo

1431 2034 1728 2081 magnitudinem
1765 2036 1928 2082 finitam3
1957 2044 2048 2085 puta
2075 2037 2105 2073 si
2139 2050 2161 2074 a
2196 2038 2295 2074 linea
2333 2046 2483 2075 centum

1433 2087 1645 2123 cubitorum
1675 2100 1825 2137 semper
1853 2089 2046 2126 subtrahat
2072 2102 2192 2126 unum
2228 2091 2406 2127 cubitum.
2437 2091 2486 2127 Et

1431 2139 1506 2175 hoc
1524 2139 1610 2176 ideo
1632 2148 1697 2187 est,
1727 2141 1814 2189 quia
1833 2154 1948 2178 omne
1971 2142 2120 2178 finitum
2141 2143 2373 2180 consumitur
2391 2155 2484 2192 quo-

1434 2204 1597 2240 cumque
1624 2192 1730 2229 finito
1760 2206 1911 2242 semper
1939 2202 2105 2243 accepto.

1485 2244 1602 2280 Aliter
1628 2244 1738 2292 igitur
1756 2246 1946 2283 infinitum
1975 2259 2052 2283 non
2073 2254 2127 2284 est
2154 2248 2363 2285 secundum
2394 2248 2485 2286 divi-

2503 1102 2514 1113 *
2529 1103 2552 1123 et
2564 1108 2612 1124 om.
2626 1109 2648 1124 P.

2506 1525 2517 1536 ⁴*
2533 1524 2623 1545 habebit
2636 1530 2707 1550 nmo.

1403 2333 1406 2336 ,
1430 2295 1630 2344 visionem,
1647 2298 1717 2334 nisi
1735 2298 1774 2335 in
1791 2299 1969 2347 potentia,
1990 2300 2093 2347 quod
2113 2307 2240 2336 tamen
2260 2300 2371 2337 simul
2392 2308 2446 2338 est
2466 2302 2485 2322 '¹‘
2510 2302 2519 2311 ⁶
2534 2303 2603 2324 “fam
2621 2303 2673 2325 ⁸³³⁶·
2694 2309 2723 2324 ¹³²

2512 2334 2644 2354 GMNORSHQ.

1432 2356 1517 2385 actu
1546 2362 1633 2385 curn
1660 2352 1847 2398 potentia,
1877 2351 1971 2387 sicut
2004 2352 2143 2388 dictum
2174 2356 2228 2389 est
2248 2354 2267 2374 '³‘
2288 2353 2334 2389 de
2364 2353 2422 2390 die
2442 2354 2485 2375 *ᾖ
2511 2359 2651 2407 ζΝιξζη-Ιὲἧι
2669 2392 2710 2408 m

1433 2408 1468 2437 et
1488 2401 1533 2437 de
1554 2414 1684 2449 agone.
1707 2404 1862 2440 Etcum
1891 2404 2079 2440 infinitum
2108 2405 2153 2441 sit
2180 2417 2331 2454 semper
2357 2406 2395 2442 in
2418 2419 2485 2454 po-
2512 2411 2600 2433 add.1›.
2650 2392 2667 2413 Ρ

1431 2453 1554 2500 tentia,
1577 2454 1799 2492 assimilatur
1818 2457 2008 2503 materiae,
2034 2469 2131 2505 quae
2161 2464 2215 2493 est
2240 2470 2390 2506 semper
2409 2459 2428 2479 ’¹‘
2448 2459 2486 2495 in
2513 2468 2626 2515 goffer
2641 2474 2687 2490 om-

1430 2506 1616 2554 potentia;
1638 2515 1674 2543 et
1692 2520 1770 2544 non
1790 2516 1844 2544 est
1862 2521 1931 2556 per
1949 2521 1989 2545 se
2010 2509 2168 2545 existens
2186 2509 2224 2545 in
2248 2518 2332 2546 actu
2352 2518 2484 2558 totum,
2575 2510 2580 2515 ”

1431 2558 1525 2594 sicut
1552 2559 1701 2596 finitum
1722 2567 1776 2597 est
1794 2561 1831 2597 in
1851 2569 1946 2597 actu.
1967 2562 2016 2597 Et
2035 2561 2127 2597 sicut
2146 2561 2332 2599 infinitum
2353 2575 2487 2599 secun-

1431 2612 1523 2648 dum
1546 2612 1770 2649 divisionem
1800 2621 1854 2650 est
1881 2613 1919 2649 in
1945 2613 2112 2662 potentia
2139 2626 2226 2650 cum
2251 2622 2336 2651 actu
2355 2615 2482 2663 simul,

1431 2664 1598 2702 similiter
1625 2665 1828 2702 dicendum
1858 2673 1912 2702 est
1939 2667 1985 2702 de
2014 2666 2159 2702 infinito
2184 2667 2392 2703 secundum
2421 2680 2484 2716 ap-

1419 2717 1670 2766 positionem,
1691 2719 1794 2766 quod
1814 2718 2100 2767 quodammodo
2122 2726 2176 2755 est
2199 2719 2300 2755 idem
2323 2732 2410 2756 cum
2430 2733 2483 2757 in-

1429 2769 1536 2806 finito
1562 2771 1770 2807 secundum
1792 2770 2028 2817 divisionem,
2048 2778 2088 2807 ut
2108 2771 2247 2807 dictum
2269 2779 2322 2808 est
2340 2773 2369 2808 ³³².
2393 2772 2482 2809 Inde

1430 2829 1557 2858 autem
1577 2823 1818 2860 manifestum
1848 2830 1902 2859 est
1920 2823 2024 2871 quod
2045 2823 2229 2860 infinitum
2248 2836 2316 2874 per
2335 2825 2483 2873 apposi-

1430 2874 1572 2911 tionem
1602 2883 1656 2912 est
1688 2876 1725 2912 in
1756 2876 1942 2924 potentia,
1977 2876 2064 2924 quia
2082 2876 2101 2896 *¹
2120 2888 2270 2924 semper
2307 2877 2484 2925 contingit

1430 2926 1571 2975 aliquid
1598 2928 1699 2965 aliud
1728 2928 1896 2976 accipere
1925 2929 2153 2976 apponendo
2175 2930 2205 2965 ’ἦ

1489 2991 1546 3016 10.
1567 2980 1715 3017 Deinde
1737 2993 1823 3017 cum
1844 2980 1948 3017 dicit:
1977 2981 2068 3017 Non
2088 2987 2210 3017 tamen
2236 2981 2382 3018 excellit
2400 2989 2481 3027 etc„

1431 3032 1593 3068 ostendit
1620 3033 1869 3070 differentiam
1897 3033 1991 3069 inter
2018 3033 2204 3070 infinitum
2233 3034 2442 3070 secundum
2464 3035 2484 3055 '⁵‘

1431 3084 1708 3132 appositionem
1738 3093 1773 3122 et
1800 3085 1986 3122 infinitum
2007 3086 2215 3122 secundum
2245 3085 2480 3122 divisionem.

1431 3137 1480 3172 Et
1508 3136 1594 3173 dicit
1614 3138 1718 3186 quod
1738 3138 1925 3174 infinitum
1944 3149 2012 3185 per
2030 3138 2304 3186 appositionem
2324 3150 2401 3174 non
2422 3150 2481 3174 ex-

1433 3189 1530 3226 cedit
1543 3188 1581 3226 in
1595 3190 1717 3227 maius
1738 3202 1894 3226 omnem
1914 3190 2209 3236 magnitudinem
2225 3190 2368 3226 finitam
2383 3190 2403 3210 '¹‘
2417 3189 2480 3225 da·
2507 3193 2719 3241 Leldssffnssnmm

1431 3247 1530 3288 tam;
1557 3243 1623 3279 sed
1646 3242 1833 3279 infinitum
1863 3242 2071 3278 secundum
2095 3241 2319 3278 divisionem
2340 3241 2482 3278 excedit
2603 3235 2609 3241 ’
2639 3236 2644 3242 ’

1432 3305 1587 3330 ornnem
1609 3294 1892 3331 determinatam
1911 3293 2133 3341 parvitatem
2153 3292 2190 3328 in
2215 3292 2349 3329 minus.
2374 3294 2481 3330 Acci-

1429 3346 1579 3393 piamus
1609 3347 1708 3383 enirn
1737 3346 1900 3393 aliquam
1928 3344 2210 3381 determinatam
2237 3345 2480 3394 parvitatem,

2511 2782 2519 2792 ‘
2538 2781 2608 2803 Num.
2619 2787 2694 2809 praec.

2509 2883 2520 2893 ‘
2534 2882 2596 2910 quod
2603 2889 2720 2908 Aniszrv

2509 2915 2563 2934 xva,
2579 2915 2606 2930 eo
2623 2909 2685 2936 quod
2698 2915 2718 2931 c.

2508 2939 2519 2950 '⁴'
2533 2939 2691 2966 apponendum
2706 2945 2720 2960 n

2508 2971 2547 2990 ι-ιΝ,
2554 2965 2586 2986 ad
2589 2965 2720 2992 ponendum

2509 2997 2545 3012 εο.

2508 3038 2632 3065 'infinitum
2638 3044 2719 3059 secun-

2509 3064 2561 3085 dum
2580 3070 2627 3085 om.
2642 3064 2718 3090 codd.;

2508 3090 2561 3111 item
2577 3090 2616 3111 lin.
2630 3096 2679 3118 seq.

1427 3483 1488 3504 actu
1508 3480 1566 3504 HN.
1580 3481 1598 3504 Ρ
1613 3480 1690 3504 habet
1708 3478 1850 3504 secundum
1864 3485 1962 3510 agones
1981 3479 2020 3502 vel
2033 3485 2111 3510 posse
2123 3478 2188 3510 fieri
2206 3479 2231 3503 in
2251 3482 2320 3510 actu,
2336 3480 2406 3513 quod
2427 3488 2479 3505 non

1427 3514 1461 3538 ita
1479 3515 1546 3539 clare
1566 3514 1683 3546 exprimit
1702 3514 1852 3538 sententiam
1870 3513 2023 3538 Aristotelis.
2043 3513 2081 3538 Cf.
2096 3518 2155 3538 text.

1479 3548 1504 3582 δ)
1525 3549 1733 3582 άιζῇενεηῖίαὶη.-
1747 3548 1849 3571 Addunt
1868 3548 1922 3572 DS:
1942 3548 2010 3572 inter
2030 3548 2159 3581 infinitum
2178 3549 2356 3581 generationis
2374 3553 2400 3575 et
2418 3554 2482 3576 tem-

324 3588 385 3610 actu
404 3585 441 3615 D,
460 3583 600 3609 secundum
620 3583 690 3615 quod
709 3589 807 3615 agones
825 3586 938 3614 possunt
956 3582 1075 3614 (possent
1094 3582 1131 3614 N)
1143 3581 1209 3614 fieri
1226 3585 1252 3606 et
1262 3582 1328 3614 fieri
1347 3582 1372 3606 in
1423 3583 1500 3614 poris
1518 3587 1544 3608 et
1563 3584 1693 3617 infinitum
1713 3582 1783 3614 quod
1800 3586 1839 3607 est
1858 3582 1883 3607 in
1904 3583 2137 3615 magnitudinibus.
2157 3583 2196 3609 Cf.
2214 3593 2240 3609 n.
2261 3583 2285 3610 5.
