2950 4004
1130 259 1476 297 PHYSICORUM
1503 261 1851 299 ARISTOTELIS
1881 263 1975 301 LIB.
2005 265 2037 300 II

1224 435 1524 492 LECTIO
1564 437 1900 494 OCTAVA

875 576 1126 614 QUIBUSDAM
1149 577 1432 610 DIVISIONIBUS
1454 579 1720 611 EFFECTUUM
1744 581 1802 611 ET
1826 579 2062 613 CAUSARUM
2084 583 2246 615 POSITIS

1152 638 1467 671 CONCLUDITUR
1490 640 1710 672 DEFINITIO
1734 641 1971 674 FORTUNAE

471 751 607 797 Πρῶτον
634 752 693 794 μὲν
720 751 797 794 οὖν,
831 747 950 789 ἐπειδή
983 754 1105 797 ὁρῶμεν
1137 754 1186 785 τοὶ
1208 753 1267 797 μὲν
1295 755 1344 786 ἀεὶ
1374 754 1538 793 ὠσαύτως

563 797 736 844 ιγνόμενα,
763 797 812 830 τοὶ
835 793 872 829 δὲ
897 798 939 835 ὠς
964 797 1020 829 ἐπὶ
1046 797 1087 829 τὸ
1113 796 1214 837 πολύ,
1241 798 1380 842 φανερὸν
1407 798 1460 831 ὅτι
1484 800 1540 831 οὐ-

538 807 676 886 ἕετέρου
703 841 835 874 τούτων
862 841 958 874 αἰτία
980 842 1000 879 η
1019 841 1108 886 τύχη
1132 841 1276 887 λέγεται
1302 837 1381 874 οὐδὲ
1408 843 1448 876 τὸ
1468 843 1538 876 ἀπὸ

538 885 668 930 τύχης,
695 886 775 918 οὔτε
801 886 863 918 τοῦ
889 884 924 925 ἐξ
954 885 1103 932 ἀνάγκης
1132 889 1191 918 καὶ
1219 886 1283 927 ἀεί,
1303 887 1382 919 οὔτε
1409 888 1470 920 τοῦ
1496 889 1536 925 ὠς

539 931 594 963 ἐπὶ
615 930 656 963 τὸ
675 929 774 962 πολύ.
793 930 880 962 Ἀλλ’
899 925 1018 967 ἐπειδη
1041 930 1132 963 ἔστιν
1151 931 1174 962 ἃ
1189 933 1346 987 γίγνεται
1366 932 1425 963 καὶ
1443 933 1539 975 παραὶ

539 975 677 1014 ταῦτα,
702 977 759 1006 καὶ
787 975 904 1007 ταῦτα
930 974 1056 1012 πάντες
1082 976 1180 1019 φασὶν
1206 986 1293 1007 ειναι
1320 976 1389 1008 ἀπό
1414 975 1536 1021 τύχης,

537 1019 677 1063 φανερὸν
704 1018 757 1051 ὅτι
783 1019 856 1050 ἔστι
881 1030 915 1050 τι
939 1020 960 1056 ἢ
987 1018 1077 1064 τύχη
1102 1021 1159 1050 καὶ
1185 1020 1226 1053 τὸ
1248 1019 1464 1064 αὐτόματον·
1491 1020 1540 1053 τοί

538 1076 575 1096 τε
601 1063 664 1110 γοὶρ
692 1064 841 1096 τοιαῦτα
861 1063 930 1096 ἀπὸ
956 1063 1063 1109 τύχης
1088 1065 1147 1095 καὶ
1172 1065 1220 1097 τοὶ
1246 1064 1315 1096 ἀπὸ
1341 1064 1448 1110 τύχης
1469 1076 1538 1097 τοι-

538 1109 633 1140 αὔτα
659 1107 744 1139 ὄντα
767 1109 874 1151 ἴσμεν.

470 1151 540 1184 Τῶν
560 1148 597 1184 δὲ
613 1151 818 1198 γιγνομένων
837 1151 885 1184 τοὶ
902 1151 960 1196 μὲν
985 1151 1084 1184 ἐ’νεκοί
1101 1164 1162 1185 του
1179 1155 1348 1200 γίγνεται,
1369 1152 1416 1185 τοὶ
1433 1148 1461 1185 δ’
1485 1152 1535 1185 οὗ·

470 1240 604 1273 τούτων
634 1235 672 1272 δὲ
704 1240 752 1272 τοὶ
775 1239 834 1296 ρὲν
865 1239 962 1272 κατα
991 1242 1205 1284 προαίρεσιν,
1238 1241 1286 1273 τοὶ
1317 1235 1345 1272 δ’
1374 1241 1412 1272 ού
1443 1241 1539 1273 κατοὶ

537 1287 742 1329 προαίρεσιν,
767 1295 865 1328 αμφω
890 1279 919 1315 δ’
945 1284 977 1316 ἑν
1003 1288 1074 1321 τοῖς
1101 1283 1200 1316 ἕνεκα.
1225 1296 1300 1317 του·
1320 1283 1408 1318 ὥστε
1433 1279 1537 1321 δῆλον

537 1328 591 1362 ὅτι
615 1331 673 1361 καὶ
700 1330 731 1361 ἑν
758 1333 828 1367 τοῖς
855 1328 951 1372 παρα
975 1328 1016 1360 τό
1045 1330 1231 1375 ἀναγκαῖον
1262 1331 1319 1361 καὶ
1346 1330 1387 1361 τὸ
1412 1330 1454 1367 ὠς
1480 1329 1535 1361 ἐπὶ

536 1375 577 1406 τό
604 1373 692 1406 πολύ
719 1373 810 1406 ἔστιν
843 1372 917 1405 ἔνια
950 1374 1024 1416 περὶ
1051 1373 1072 1405 οἲ
1098 1369 1276 1419 ἐνδέχεται
1305 1374 1471 1418 ύποίρχειν
1497 1373 1537 1406 τὸ

536 1418 636 1451 ἕνεκα
661 1429 734 1450 του.
756 1418 854 1450 Ἔστι
879 1413 908 1448 δ’
930 1416 1030 1450 ἕνεκοί
1055 1429 1115 1450 του
1143 1417 1206 1450 ὅσα
1231 1430 1269 1451 τε
1297 1418 1366 1450 ἀπὸ
1384 1413 1535 1455 διανοίας

538 1462 576 1495 ἂν
603 1461 770 1507 πραχθείη
796 1464 853 1494 καὶ
880 1461 943 1494 ὅσα
970 1461 1039 1494 ἀπὸ
1064 1461 1204 1505 φύσεως.

469 1553 521 1585 Tot
543 1546 587 1587 δή
619 1550 768 1583 τοιαῦτα
796 1548 881 1580 ὅταν
905 1549 1002 1581 κατα
1026 1548 1236 1592 συμβεβηκὸς
1271 1547 1438 1594 γένηται,
1467 1547 1535 1580 ἀπὸ

536 1595 644 1640 τύχης
669 1594 778 1647 φαμέν
804 1590 902 1625 εἶναι·
930 1592 1040 1636 ὥσπερ
1066 1593 1130 1638 γαρ
1155 1594 1214 1625 καὶ
1241 1592 1275 1624 ὄν
1302 1593 1376 1624 ἐστι
1402 1592 1443 1624 τὸ
1475 1592 1535 1636 μὲν

535 1640 609 1671 καθ’
632 1640 735 1679 αὐτο,
755 1637 796 1669 τὸ
821 1633 860 1669 δὲ
882 1638 978 1670 κατα
994 1636 1219 1681 συμβεβηκός,
1240 1635 1329 1669 οὕτω
1347 1638 1405 1669 καὶ
1424 1638 1535 1669 αἴτιον

538 1679 717 1728 ἐνδέχεται
748 1679 852 1723 εἶναι,
882 1683 949 1713 οἷον
985 1681 1090 1719 οἰκίας
1121 1680 1196 1713 καθ’
1227 1681 1315 1714 αὐτὸ
1340 1681 1399 1725 μὲν
1425 1682 1535 1714 αἴτιον

536 1729 577 1761 τὰ
603 1723 829 1771 οἰκοδομικόν,
847 1726 944 1758 κατα
967 1726 1176 1770 συμβεβηκὸς
1199 1720 1236 1757 δὲ
1255 1726 1296 1758 τό
1315 1725 1432 1757 λευκόν
1452 1724 1473 1762 ἦ
1492 1726 1533 1758 τὸ

537 1771 707 1818 μουσικόν.
746 1771 791 1803 Τὸ
816 1771 875 1815 μὲν
903 1770 959 1802 οὖν
983 1770 1060 1803 καθ’
1090 1770 1177 1803 αὐτὸ
1204 1771 1315 1802 αἴτιον
1340 1769 1533 1815 ὡρισμένον,

537 1819 578 1851 τὸ
596 1813 634 1850 δὲ
657 1817 753 1849 κατα
776 1815 986 1860 συμβεβηκὸς
1011 1815 1183 1859 ἀόριστον·
1205 1815 1328 1859 ἄπειρα
1347 1815 1411 1861 γοὶρ
1431 1813 1470 1847 ἄν
1490 1816 1535 1855 τῷ

537 1864 584 1895 ἑνὶ
609 1862 770 1906 συμβαίη.

469 1907 631 1952 Καθοίπερ
659 1903 877 1949 οὗνέλέχθη,
906 1902 990 1936 ὅταν
1017 1905 1049 1936 ἑν
1075 1907 1145 1941 τοῖς
1173 1902 1272 1935 ἕνεκα
1296 1915 1356 1936 του
1382 1902 1539 1949 γιγνομέ-

536 1964 602 1990 νοις
629 1951 734 1983 τοῦτο
760 1949 916 1996 γένηται,
936 1947 1019 1981 τότε
1044 1947 1185 1994 λέγεται
1213 1947 1281 1980 ἀπὸ
1307 1946 1536 2003 ταύτοξοίτου

536 1998 595 2029 καὶ
622 1995 690 2028 ἀπὸ
716 1994 835 2039 τύχης.
865 1994 979 2026 Αὐτῶν
1005 1988 1043 2025 δὲ
1068 1993 1148 2037 πρὸς
1176 1991 1309 2029 ἄλληλα
1335 1991 1399 2028 τήν
1421 1993 1539 2036 ὸιαφο-

537 2041 596 2086 ροὶν
623 2039 755 2073 τούτων
782 2038 920 2080 ὕστερον
947 2033 1147 2083 διοριστέον.
1173 2037 1241 2069 Νῦν
1259 2031 1296 2068 δὲ
1314 2037 1422 2070 τοῦτο
1448 2036 1536 2068 ἔστω

537 2084 697 2130 φανερόν,
733 2083 786 2116 ὅτι
813 2082 910 2126 ἄμφω
944 2083 977 2114 ἑν
1011 2086 1082 2119 τοῖς
1116 2081 1215 2114 ἕνεκα
1240 2092 1300 2113 του
1326 2082 1440 2123 ἐστίν,
1468 2081 1535 2114 οἷον

539 2130 636 2163 ἕνεκα
659 2130 724 2163 τοῦ
751 2128 938 2169 ἀπολαβεῖν
964 2127 1005 2159 τὸ
1033 2126 1188 2172 ἀργύριον
1211 2123 1311 2163 η’λθεν
1331 2126 1384 2167 ἄν,
1401 2125 1539 2169 κομισά-

538 2187 634 2220 μενος
660 2174 719 2206 τόν
746 2173 874 2218 ἔρανον,
894 2172 923 2203 εἱ
944 2171 1030 2213 ᾔδει*
1058 2170 1139 2210 ἦλθε
1161 2166 1189 2202 δ’
1212 2170 1250 2203 ού
1270 2170 1397 2203 τούτου
1424 2169 1535 2211 ἕνεκα,

540 2220 631 2253 ἀλλα
662 2218 782 2259 συνέβη
817 2214 912 2259 αὐτῷ
946 2215 1050 2248 ἐλθεῖν
1081 2218 1139 2248 καὶ
1172 2215 1314 2252 ποιῆσαι
1340 2216 1447 2247 τοῦτο
1473 2216 1536 2246 τοῦ

537 2262 742 2308 κομίσασθαι
775 2261 886 2294 ἕνεκα·
912 2262 1019 2294 τοῦτο
1051 2256 1088 2292 δέ
1122 2259 1187 2293 οὔθ’
1217 2261 1258 2297 ὠς
1289 2260 1344 2292 ἐπὶ
1376 2260 1417 2292 τὸ
1448 2259 1536 2291 πολύ

538 2309 660 2354 φοιτῶν
686 2309 730 2345 εἰς
756 2307 797 2340 τὸ
822 2308 956 2351 χωρίον,
985 2305 1055 2337 οὔτ’
1078 2304 1113 2346 ἑξ
1138 2304 1300 2350 ἀνάγκης.
1320 2304 1419 2336 Ἔστι
1435 2298 1473 2335 δὲ
1495 2303 1535 2336 ‘cd

539 2353 650 2394 τέλος,
673 2354 693 2390 ἠ
711 2347 849 2395 κομιδή,
871 2351 907 2383 οὐ
929 2351 994 2384 τῶν
1021 2350 1054 2382 ἐν
1081 2350 1175 2391 αὐτῷ
1202 2350 1334 2388 αἰτίων,
1362 2348 1453 2381 ἀλλα
1469 2349 1535 2381 τῶν

540 2399 746 2443 προαιρετῶν
771 2399 828 2428 καὶ
857 2395 925 2428 ἀπὸ
951 2390 1117 2433 διανοίας·
1139 2397 1196 2426 καὶ
1220 2394 1364 2440 λέγεταί
1389 2406 1427 2439 γε
1453 2391 1535 2425 τότε

540 2443 609 2477 ἀπὸ
640 2442 746 2488 τύχης
776 2440 894 2474 ἐλθεῖν.
931 2439 968 2471 Εἰ
998 2435 1035 2471 δὲ
1069 2438 1289 2483 προελόμενος
1320 2439 1378 2470 καὶ
1409 2436 1535 2470 τούτου

540 2487 699 2528 ἕνεκα,.ἦ
727 2487 777 2519 ἀεὶ
802 2487 924 2530 φοιτῶν
951 2483 972 2520 ἦ
998 2485 1039 2522 ὠς
1065 2483 1121 2516 ἐπὶ
1140 2483 1179 2517 τὸ
1198 2483 1286 2516 πολύ
1302 2482 1534 2527 κομιζόμενος,

541 2534 599 2566 οὐκ.
627 2533 695 2565 ἀπὸ
721 2531 840 2577 τύχης.

474 2579 579 2616 Δῆλον
607 2578 671 2622 ἄρα
698 2576 751 2610 ὅτι
776 2577 797 2612 ἡ
824 2574 912 2620 τύχη
939 2574 1036 2606 αἰτία
1061 2573 1157 2605 κατα
1180 2571 1389 2616 συμβεβηκὸς
1412 2568 1445 2602 ἑν
1464 2573 1535 2607 τοῖς

538 2623 634 2656 κατὰ.
658 2624 848 2667 προαίρεσιν
874 2621 940 2653 τῶν
966 2617 1065 2650 ἐ’νεκοί
1089 2629 1162 2650 του·
1190 2613 1242 2648 διὰ
1274 2618 1346 2659 περὶ
1373 2615 1414 2647 τὸ
1447 2614 1536 2646 αὐτό

539 2668 676 2700 διάνοια
699 2668 756 2698 καὶ
784 2664 888 2710 τύχη·
916 2664 937 2700 ἡ
963 2663 1028 2708 γάρ
1055 2664 1243 2707 προαίρεσις
1274 2660 1334 2691 οὐκ.
1361 2659 1436 2691 ἄνευ
1465 2653 1537 2690 δια-

541 2715 643 2750 νοίας.

535 2853 730 2880 SYNOP81s.-—
749 2859 772 2877 ι.
788 2851 998 2886 Argumentum
1019 2854 1047 2875 et
1068 2846 1168 2874 divisio
1190 2852 1290 2874 textus.
1307 2862 1324 2866 -
1340 2852 1367 2872 2.
1395 2845 1436 2872 Ex
1457 2850 1537 2880 parte

475 2894 627 2931 effectuum
649 2890 742 2927 prima
763 2888 864 2916 divisio
879 2894 930 2922 est,
953 2888 1032 2924 quod
1054 2887 1196 2923 quaedam
1218 2885 1290 2913 fiunt
1311 2893 1432 2921 semper,
1449 2893 1537 2928 quae-

476 2933 543 2960 dam
571 2938 603 2959 ut
630 2930 809 2966 frequenter,
835 2927 978 2964 quaedam
999 2933 1030 2954 ut
1051 2926 1080 2954 in
1112 2925 1304 2962 paucioribus.
1331 2926 1409 2952 Haec
1436 2923 1537 2951 ultima

476 2980 578 2999 omnes
601 2970 699 2998 dicunt
720 2968 779 2996 fieri
805 2977 822 2996 a
843 2967 972 3001 fortuna3
995 2975 1068 3003 quae
1083 2965 1204 3001 proinde
1226 2964 1333 3001 aliquid
1355 2970 1405 2992 est.
1420 2979 1439 2983 -
1460 2963 1485 2990 3.
1502 2964 1537 2990 Et

475 3012 545 3039 haec
567 3009 669 3038 divisio
696 3018 757 3036 non
778 3014 820 3035 est
846 3004 1022 3034 insufficiens
1050 3005 1131 3042 quasi
1152 3004 1380 3041 praetermittens
1409 3011 1442 3030 ea
1463 3011 1536 3039 quae

475 3057 541 3079 sunt
562 3051 598 3078 ad
620 3047 802 3077 utrumlibet:
826 3046 894 3083 quia
914 3045 999 3074 etiam
1021 3044 1217 3081 contingentia
1242 3044 1279 3071 ad
1300 3042 1465 3071 utrumlibet
1486 3051 1536 3070 ne-

475 3099 553 3119 cesse
575 3090 698 3123 habent,
724 3088 760 3115 ad
784 3087 840 3114 hoc
864 3092 894 3114 ut
918 3094 951 3113 ex
976 3085 1009 3113 iis
1033 3084 1140 3121 aliquid
1164 3084 1230 3118 fiat,
1255 3084 1334 3120 quod
1349 3092 1399 3119 per
1428 3081 1536 3119 aliquid

475 3130 553 3158 aliud
575 3127 799 3157 determinentur
820 3127 857 3154 ad
878 3134 978 3153 unum.
994 3141 1012 3146 -
1032 3134 1061 3159 4.
1084 3125 1159 3151 Vera
1179 3122 1323 3151 distinctio
1345 3122 1419 3150 inter
1439 3130 1537 3149 neces-

476 3169 582 3198 sarium
605 3175 632 3197 et
654 3167 832 3203 contingens.
855 3182 874 3186 —
897 3165 922 3193 5.
945 3164 1077 3192 Secunda
1105 3163 1222 3191 divisio:
1245 3163 1326 3199 quod
1347 3162 1444 3198 aliqua
1465 3161 1537 3189 fiunt

476 3216 594 3246 propter
624 3208 727 3242 finem,
749 3206 844 3242 aliqua
865 3213 933 3233 vero
961 3213 1030 3232 non.
1053 3203 1194 3231 Dicuntur
1214 3209 1310 3230 autem
1339 3211 1399 3230 non
1420 3207 1537 3237 propter

477 3249 564 3277 finem
587 3247 646 3276 fieri
668 3247 711 3275 vel
732 3255 766 3274 ea
787 3254 862 3282 quae
887 3250 1005 3281 propter
1025 3252 1055 3271 se
1077 3243 1162 3275 fiunt,
1185 3241 1355 3279 inquantum
1378 3241 1536 3268 secundum

478 3298 508 3317 se
530 3289 591 3325 ipsa
612 3288 733 3324 placent,
755 3285 799 3313 vel
821 3293 895 3322 quae
917 3283 988 3312 fiunt
1010 3289 1128 3320 propter
1149 3281 1235 3310 finem
1257 3281 1454 3318 imaginatum,
1476 3288 1536 3307 non

486 3392 496 3415 1
543 3392 559 3412 x
616 3385 911 3430 ,fustostquam
941 3375 1195 3424 Philosophus
1228 3373 1354 3423 posuit
1386 3372 1531 3422 opinio·

538 3427 560 3438 χ’
611 3419 665 3482 {55
693 3434 802 3467 (mnes
831 3430 991 3467 aliorum
1022 3428 1068 3465 de
1098 3428 1247 3465 fortuna
1276 3434 1312 3463 et
1341 3438 1441 3472 casu,
1471 3425 1531 3462 hic

508 3408 515 3416 .
593 3405 612 3436 ω

551 3459 568 3470 υ
594 3422 960 3524 &determinat
978 3481 1189 3518 veritatem.
1212 3481 1260 3517 Et
1288 3478 1465 3516 dividitur
1493 3477 1531 3515 in

633 3535 635 3538 ⁴
698 3534 724 3563 ι’»
736 3544 860 3584 partes
893 3543 984 3572 tres:
1015 3535 1052 3571 in
1085 3534 1209 3583 prima
1242 3531 1403 3569 ostendit
1440 3530 1531 3579 quid

482 3588 527 3625 sit
555 3587 723 3634 fortuna3
743 3588 780 3624 in
810 3588 976 3625 secunda
1005 3587 1041 3624 in
1066 3600 1142 3636 quo
1173 3586 1346 3623 differant
1374 3596 1482 3621 casus
1503 3591 1538 3621 et

1593 759 1610 777 *
1620 759 1764 790 Primum
1780 760 1910 800 quidem
1922 760 2027 801 igitur,
2039 762 2194 803 quoniam
2207 763 2350 796 videmus
2362 765 2423 796 alia
2434 765 2564 807 quidem
2576 774 2656 798 sem-

1659 813 1715 843 per
1738 803 1880 835 similiter
1902 803 1987 843 fieri,
2012 805 2072 836 alia
2090 813 2197 838 autem
2215 807 2296 841 sicut
2318 808 2507 850 frequenter,
2523 811 2656 843 manife-

1659 853 1745 878 stum
1768 854 1815 879 est
1837 849 1927 889 quod
1949 849 2052 880 neutri
2070 849 2188 881 horum
2211 861 2305 886 causa
2319 852 2447 884 fortuna
2465 854 2589 895 dicitur,
2605 865 2658 887 ne-

1659 901 1721 932 que
1745 891 1833 934 quod
1856 902 1874 922 a
1898 891 2024 924 fortuna
2056 903 2159 935 neque
2190 895 2258 931 eius
2281 903 2328 928 est
2350 897 2439 938 quod
2468 904 2514 929 est
2544 908 2580 930 ex
2603 909 2656 930 ne-

1660 934 1800 967 cessitate
1815 942 1846 967 et
1861 945 1995 977 semper,
2006 946 2110 978 neque
2125 939 2192 970 eius
2208 940 2296 980 quod
2312 947 2358 972 est
2373 941 2455 972 sicut
2467 941 2655 984 frequenter.

1659 979 1721 1010 Sed
1744 979 1898 1021 quoniam
1921 981 2079 1021 quaedam
2101 981 2183 1014 fiunt
2199 991 2230 1014 et
2247 991 2368 1024 praeter
2387 985 2474 1024 haec,
2499 993 2530 1017 et
2545 997 2657 1020 omnes

1659 1023 1769 1055 dicunt
1791 1024 1868 1055 haec
1891 1034 1958 1055 esse
1981 1034 1999 1055 a
2022 1025 2161 1065 fortuna,
2185 1027 2390 1059 manifestum
2411 1029 2502 1070 quod
2529 1030 2657 1062 fortuna

1659 1067 1777 1109 aliquid
1800 1068 1840 1099 sit
1862 1075 1893 1099 et
1915 1076 2023 1100 casus:
2047 1069 2234 1101 huiusmodi
2259 1072 2346 1104 enim
2368 1072 2495 1104 fortuna
2517 1073 2603 1114 fieri,
2627 1081 2658 1106 et

1658 1122 1743 1153 quae
1763 1122 1781 1142 a
1803 1112 1931 1143 fortuna
1948 1113 2133 1144 huiusmodi
2156 1125 2222 1146 esse
2246 1115 2372 1149 scimus.

1591 1155 1608 1175 *
1624 1156 1746 1187 Eorum
1769 1163 1876 1188 autem
1893 1166 1974 1197 quae
1998 1156 2088 1197 fiunt,
2105 1158 2165 1189 alia
2188 1165 2317 1200 propter
2337 1158 2456 1202 aliquid
2478 1159 2579 1201 fiunt,
2596 1161 2655 1192 alia
2682 1174 2694 1186 ⁸

1657 1210 1732 1231 vero
1756 1210 1832 1232 non.

1591 1245 1719 1275 Horum
1743 1253 1850 1276 autem
1873 1245 1933 1275 alia
1955 1243 2093 1285 'quidem
2121 1246 2300 1278 secundum
2326 1247 2529 1288 propositum
2555 1248 2656 1289 fiunt,

1658 1289 1718 1319 alia
1739 1299 1815 1320 vero
1839 1295 1920 1319 non:
1945 1289 2041 1319 ambo
2058 1295 2165 1320 autern
2185 1297 2259 1321 sunt
2277 1290 2310 1322 in
2328 1290 2366 1324 iis
2384 1301 2466 1332 quae
2489 1299 2564 1324 sunt
2582 1303 2656 1334 pro-

1658 1340 1727 1373 pter
1749 1333 1820 1364 hoc.
1846 1333 1951 1370 Quare
1975 1333 2181 1364 manifestum
2205 1334 2359 1375 quoniam
2377 1335 2410 1366 in
2425 1335 2462 1366 iis
2485 1347 2567 1378 quae
2583 1343 2658 1368 sunt

1659 1377 1835 1407 secundum
1858 1377 2080 1416 necessarium,
2101 1383 2131 1408 et
2151 1387 2232 1419 quae
2261 1378 2341 1412 sicut
2364 1378 2554 1421 frequenter,
2583 1387 2659 1412 sunt

1658 1421 1815 1461 quaedam
1838 1420 1918 1451 circa
1949 1431 2031 1462 quae
2063 1421 2216 1462 contingit
2246 1423 2335 1464 quod
2361 1430 2407 1454 est
2428 1431 2557 1466 propter
2583 1424 2656 1456 hoc.

1658 1464 1739 1495 Sunt
1761 1471 1869 1496 autem
1891 1472 2020 1506 propter
2042 1465 2104 1496 hoc
2126 1475 2346 1508 quaecumque
2369 1467 2407 1498 ab
2422 1466 2582 1500 intellectu
2597 1467 2658 1499 uti-

1656 1518 1719 1550 que
1743 1515 1888 1549 aguntur,
1904 1515 1935 1540 et
1956 1519 2177 1550 quaecumque
2199 1520 2218 1541 a
2240 1518 2361 1543 natura.

1590 1552 1607 1571 *
1622 1552 1819 1584 Huiusmodi
1834 1553 1939 1594 igitur,
1956 1563 2030 1585 cum
2045 1554 2222 1585 secundum
2238 1550 2381 1588 accidens
2396 1554 2484 1595 fiant,
2500 1566 2518 1587 a
2531 1556 2659 1588 fortuna
2683 1569 2695 1580 ·

1658 1597 1791 1628 dicimus
1810 1607 1886 1629 esse.
1912 1598 2000 1629 Sicut
2023 1598 2108 1629 enim
2131 1605 2162 1629 et
2185 1599 2274 1640 quod
2297 1606 2353 1638 est,
2378 1599 2464 1631 aliud
2487 1601 2578 1641 quod
2601 1610 2657 1642 per

1657 1641 1797 1682 seipsum
1821 1649 1886 1681 est,
1916 1642 2015 1673 aliud-
2030 1649 2138 1673 autern
2169 1643 2346 1674 secundum
2373 1643 2534 1684 accidens,
2557 1644 2603 1676 sic
2625 1651 2656 1677 et

1659 1696 1787 1716 causam
1810 1686 1964 1727 contingit
1987 1693 2072 1717 esse:
2097 1693 2133 1717 ut
2152 1686 2268 1717 domus
2287 1687 2418 1728 quidem
2440 1697 2496 1729 per
2519 1688 2656 1729 seipsam

1658 1740 1751 1761 causa
1768 1737 1814 1761 est
1832 1730 2035 1769 aedificativa,
2059 1731 2235 1761 secundum
2255 1731 2397 1763 accidens
2421 1738 2528 1763 autem
2547 1732 2656 1764 album

1658 1781 1713 1805 aut
1735 1774 1904 1806 musicum.
1937 1775 1996 1805 Per
2018 1784 2052 1805 se
2075 1774 2206 1815 quidem
2229 1774 2324 1815 igitur
2351 1785 2447 1806 causa
2474 1775 2562 1807 finita
2589 1783 2655 1815 est,

1658 1819 1835 1850 secundum
1857 1818 2007 1861 [accidens
2037 1825 2145 1849 autem
2171 1818 2312 1850 infinita:
2342 1818 2464 1851 infinita
2491 1820 2577 1851 enim
2598 1821 2656 1852 uni

1658 1863 1814 1894 accidunt.

1591 1905 1679 1937 Sicut
1701 1907 1795 1947 igitur
1819 1907 1940 1938 dictum
1963 1913 2021 1945 est,
2042 1917 2117 1938 cum
2130 1906 2164 1937 in
2179 1906 2216 1937 iis
2240 1917 2321 1948 quae
2345 1914 2474 1948 propter
2488 1907 2551 1939 hoc
2563 1907 2656 1948 fiunt,

1657 1951 1719 1982 hoc
1741 1950 1806 1990 fiat,
1822 1957 1898 1983 tunc
1915 1950 2028 1982 dicitur
2050 1961 2069 1981 a
2093 1960 2166 1982 casu
2181 1957 2212 1982 et
2230 1961 2248 1981 a
2271 1950 2408 1984 fortuna.
2426 1950 2444 1971 *
2463 1952 2534 1992 Ipsa
2548 1958 2656 1984 autem

1658 1995 1830 2026 differentia
1851 1995 1969 2026 horum
1998 1994 2038 2025 ad
2060 1994 2196 2025 invicem
2225 1995 2381 2036 posterius
2409 1995 2654 2028 determinanda,

1657 2040 1750 2070 Nunc
1779 2046 1885 2070 autem
1907 2039 1970 2070 hoc
1993 2039 2033 2070 sit
2055 2037 2280 2078 manifestum,
2305 2039 2394 2080 quod
2412 2047 2554 2081 -utraque
2582 2046 2656 2072 sunt

1657 2084 1691 2114 in
1713 2084 1751 2114 iis
1773 2093 1855 2125 quae
1883 2090 1957 2114 sunt
1979 2089 2108 2123 propter
2131 2083 2211 2114 hoc:
2236 2090 2271 2114 ut
2295 2093 2389 2114 causa
2411 2083 2584 2124 accipiendi
2607 2094 2654 2115 ar-

1658 2135 1790 2168 gentum
1805 2127 1941 2158 venisset
1959 2127 2069 2168 utique
2085 2127 2245 2158 delaturus
2260 2128 2439 2168 pecuniam,
2455 2128 2482 2159 si
2501 2128 2655 2168 scivisset3

1658 2172 1743 2203 venit
1766 2178 1873 2203 autem
1889 2181 1955 2202 non
1978 2171 2074 2207 huius
2098 2181 2202 2210 causa,
2218 2171 2273 2202 sed
2295 2172 2406 2204 accidit
2425 2171 2547 2203 venisse
2563 2179 2594 2204 et
2611 2171 2655 2203 fe-

1659 2216 1736 2247 cisse
1758 2216 1820 2247 hoc
1843 2215 2024 2256 reportandi
2038 2215 2151 2255 gratia3
2171 2215 2233 2246 hoc
2250 2223 2357 2247 autem
2371 2226 2474 2258 neque
2493 2216 2574 2248 sicut
2596 2215 2655 2247 fre-

2682 780 2694 792 ·
2713 779 2771 809 Cap.
2785 786 2808 803 ν.
2824 780 2894 804 Ten.

2682 806 2720 833 48.

2707 1174 2774 1198 Text.
2787 1181 2826 1204 ⁴9·

2708 1568 2775 1592 Text.
2788 1575 2825 1598 5⁰·

2682 1961 2693 1972 ⁸
2706 1960 2772 1984 Text.
2787 1967 2817 1990 5¹.

1659 2266 1792 2302 quenter
1809 2260 1938 2290 veniens
1954 2259 1993 2290 ad
2015 2260 2144 2298 villam,
2170 2269 2274 2301 neque
2298 2270 2335 2291 ex
2359 2260 2549 2292 necessitate.
2575 2262 2654 2291 Am-
2698 2290 2701 2293 .

1658 2305 1742 2346 plius
1757 2311 1864 2335 autem
1879 2303 1950 2334 finis
1970 2311 2016 2335 est
2035 2304 2205 2343 reportatio
2221 2314 2287 2335 non
2302 2304 2336 2334 in
2351 2304 2456 2346 seipso
2475 2313 2653 2344 causarum,

1658 2350 1712 2380 sed
1736 2349 1978 2390 propositorum
1993 2355 2023 2378 et
2041 2349 2080 2378 ab
2103 2347 2274 2386 intellectu,
2295 2355 2325 2379 et
2349 2348 2463 2381 dicitur
2484 2359 2503 2379 a
2526 2348 2653 2380 fortuna

1658 2393 1789 2424 venisse.
1814 2392 1846 2423 Si
1864 2399 1969 2423 autem
1991 2402 2174 2432 proponens
2198 2399 2228 2423 et
2242 2391 2338 2423 huius
2357 2402 2470 2431 causa,
2494 2399 2549 2423 aut
2571 2402 2651 2423 sem-

1657 2447 1714 2478 per
1739 2436 1866 2467 veniens
1894 2443 1949 2467 aut
1980 2436 2060 2467 sicut
2089 2435 2268 2477 frequenter
2290 2443 2521 2477 reportaturus,
2544 2445 2611 2468 non
2633 2446 2652 2468 a

1658 2481 1794 2512 fortuna.

1590 2570 1608 2590 *
1623 2568 1827 2601 Manifestum
1842 2574 1889 2598 est
1903 2577 1978 2607 ergo
1995 2567 2083 2608 quod
2099 2567 2226 2598 fortuna
2246 2577 2339 2598 causa
2355 2567 2395 2600 sit
2409 2567 2585 2598 secundum
2601 2576 2651 2598 ac-

1660 2614 1766 2643 cidens
1781 2613 1813 2643 in
1832 2612 1880 2642 his
1895 2621 1977 2652 quae
1990 2611 2023 2642 in
2039 2611 2154 2642 minori
2170 2618 2244 2642 sunt
2260 2611 2436 2645 secundum
2450 2610 2652 2652 propositu'm

1659 2667 1771 2688 eorum
1795 2666 1876 2697 quae
1899 2662 2028 2696 propter
2050 2656 2112 2686 hoc
2136 2662 2218 2687 sunt.
2243 2656 2335 2687 Unde
2359 2655 2440 2687 circa
2457 2655 2543 2686 idem
2559 2662 2590 2687 et
2603 2655 2651 2687 in-

1659 2701 1800 2732 tellectus
1829 2707 1860 2731 et
1888 2700 2014 2731 fortuna
2043 2706 2106 2730 est:
2139 2699 2342 2740 propositum
2373 2699 2459 2730 enim
2487 2709 2552 2730 non
2585 2699 2652 2731 sine

1659 2745 1817 2776 intellectu
1842 2751 1896 2775 est.

1590 2849 1687 2871 tamen
1708 2848 1825 2878 propter
1845 2841 1933 2869 finem
1955 2840 2151 2869 deliberatum.
2173 2856 2192 2861 -
2207 2841 2234 2868 6.
2251 2840 2349 2869 Tertia
2369 2839 2487 2869 divisio:
2507 2841 2587 2877 quod
2601 2849 2651 2870 eo-

1590 2892 1654 2910 rum
1669 2891 1743 2919 quae
1758 2881 1830 2909 fiunt
1843 2888 1962 2918 propter
1976 2880 2072 2914 finem,
2088 2880 2184 2917 aliqua
2198 2880 2270 2908 fiunt
2283 2880 2443 2910 secundum
2457 2879 2650 2916 voluntatem,

1590 2922 1685 2959 aliqua
1699 2931 1716 2950 a
1737 2928 1847 2949 natura.
1861 2937 1880 2941 -
1896 2930 1923 2957 7.
1938 2921 2009 2948 Istae
2030 2926 2087 2948 tres
2101 2919 2256 2948 divisiones
2277 2928 2306 2948 se
2327 2919 2449 2948 invicem
2463 2919 2621 2948 includunt.
2631 2936 2652 2941 -

1590 2962 1618 2990 8.
1641 2963 1682 2989 Ex
1703 2967 1783 2998 parte
1804 2969 1907 2989 causae
1935 2966 1977 2988 est
1998 2959 2099 2987 divisio
2121 2959 2151 2987 in
2172 2968 2272 2987 causas
2299 2967 2351 2996 per
2371 2967 2401 2987 se
2422 2964 2450 2986 et
2479 2967 2579 2987 causas
2598 2967 2651 2996 per

1590 3001 1730 3030 accidens.
1753 3001 1848 3029 Causa
1868 3006 1964 3028 autem
1986 3008 2037 3036 per
2057 2998 2189 3027 accidens
2208 2998 2311 3028 dicitur
2331 2997 2498 3034 dupliciter,
2522 3007 2556 3027 ex
2570 3005 2650 3035 parte

1590 3050 1693 3070 causae
1713 3040 1757 3068 vel
1779 3049 1812 3068 ex
1833 3046 1912 3076 parte
1927 3038 2052 3067 effectus:
2075 3045 2102 3066 et
2123 3039 2179 3066 hoc
2200 3039 2300 3074 modo,
2321 3044 2463 3075 quatenus
2480 3046 2585 3074 nempe
2599 3047 2651 3074 per

1590 3090 1620 3109 se
1642 3079 1753 3108 effectui
1768 3079 1876 3116 aliquid
1891 3078 2074 3115 coniungitur
2094 3087 2145 3114 per
2158 3078 2300 3114 accidens,
2315 3077 2418 3106 dicitur
2436 3077 2551 3105 fortuna
2565 3086 2652 3106 causa

1589 3129 1641 3157 per
1661 3119 1801 3148 accidens.
1822 3134 1842 3139 -
1864 3127 1892 3155 9.
1909 3117 2076 3146 Ostenditur
2090 3118 2143 3145 sub
2165 3117 2269 3154 quibus
2290 3116 2426 3146 membris
2440 3116 2650 3153 praedictarum

1591 3159 1763 3188 divisionum
1794 3159 1908 3186 fortuna
1937 3164 1964 3185 et
1994 3157 2023 3185 id
2051 3157 2131 3194 quod
2158 3163 2200 3184 est
2229 3165 2246 3185 a
2275 3156 2390 3185 fortuna
2416 3156 2606 3185 contineatur.
2632 3173 2651 3178 -

1596 3208 1638 3227 ιο.
1654 3197 1842 3227 Concluditur
1863 3197 1992 3225 definitio
2021 3196 2169 3225 fortunae:
2198 3205 2318 3234 nempe,
2339 3197 2466 3234 sor-tuna
2492 3201 2535 3224 est
2563 3203 2651 3224 causa

1587 3248 1644 3277 per
1671 3238 1804 3266 accidens
1828 3238 1856 3265 in
1885 3237 1930 3265 his
1957 3245 2029 3274 quae
2042 3235 2122 3274 fiunt
2143 3236 2298 3265 secundum
2321 3235 2503 3274 propositum
2527 3240 2651 3274 propter

1582 3279 1677 3318 finem
1701 3278 1729 3305 in
1745 3277 1852 3306 minori
1868 3282 1963 3315 parte.

1587 3371 1747 3417 fortuna,
1764 3370 1830 3407 ibi:
1851 3369 2046 3419 Dg'fferunt
2063 3374 2186 3405 autem
2201 3369 2221 3389 *
2241 3375 2323 3413 etc.;
2342 3367 2381 3417 in
2401 3367 2507 3404 tertia
2526 3374 2649 3404 osten-

1588 3424 1640 3461 dit
1655 3424 1703 3461 ad
1718 3423 1823 3472 quod
1838 3435 1958 3471 genus
1979 3434 2114 3459 causae
2131 3433 2239 3458 casus
2255 3428 2291 3458 et
2305 3421 2454 3458 fortuna
2468 3419 2648 3457 reducan-

1588 3485 1659 3524 tur,
1675 3476 1742 3514 ibi:
1763 3476 1837 3513 Sed
1855 3476 2053 3512 modorum
2074 3486 2275 3511 causarum
2291 3474 2310 3494 ⁴·
2331 3481 2400 3510 etc.
2416 3472 2544 3510 Prima
2562 3483 2648 3520 pars

1592 3529 1769 3567 dividitur
1796 3529 1833 3566 in
1863 3528 1975 3566 duas:
1996 3527 2033 3564 in
2060 3527 2184 3576 prima
2204 3526 2367 3563 ostendit
2393 3525 2485 3574 quid
2512 3524 2558 3561 sit
2576 3524 2648 3561 for-

1591 3591 1702 3628 tuna;
1740 3582 1778 3619 in
1812 3580 1977 3618 secunda
2015 3592 2059 3616 ex
2097 3578 2315 3617 definitione
2353 3578 2523 3615 fortunae
2559 3576 2648 3614 assi-

2677 2575 2688 2586 ·
2701 2573 2769 2597 Text.
2783 2581 2816 2604 ⁵²·

2675 3379 2686 3389 ⁸
2700 3378 2763 3401 Lect.
2778 3385 2800 3401 x.

2676 3487 2686 3498 ⁸
2701 3486 2759 3508 lbid.
2775 3493 2797 3509 n.
2809 3492 2835 3508 u.
