2898 3996
472 297 546 343 298
1093 288 1436 325 PHYSICORUM
1463 286 1811 323 ARISTOTELIS
1840 286 1933 322 LIB.
1963 287 2014 323 VI

537 369 647 414 ρετόν·
663 369 741 402 ὥστ’
759 369 803 405 εἰς
821 367 932 399 ἐκεῖνα
949 364 1160 410 μεταβάλλει
1178 363 1350 407 πρότερον.
1373 362 1521 408 Ἀνάγκη
1642 363 1675 393 in
1698 363 1818 394 infinita
1841 363 2011 394 divisibile:
2035 373 2131 404 quare
2154 363 2187 394 in
2210 363 2263 394 illa
2285 369 2425 394 mutatur
2447 363 2543 403 prius.
2574 362 2640 393 Ne-

540 414 604 458 ἄρα
629 414 696 445 πᾶν
722 413 762 444 τὸ
787 409 1039 455 μεταβεβληκὸς
1063 407 1293 452 μεταβάλλειν
1320 406 1494 450 πρότερον.
1644 417 1727 437 cesse
1751 417 1824 447 ergo
1848 417 1944 437 omne
1967 408 2056 448 quod
2079 414 2238 438 mutatum
2261 414 2321 446 est,
2340 407 2455 438 mutari
2473 407 2570 447 prius.

468 460 510 490 ‘fl
559 458 596 501 ἀρ
623 454 712 491 αὐτῆ
740 451 910 494 ἀπόδειξις
933 454 991 485 καὶ
1016 451 1049 484 ἐν
1075 455 1144 488 τοῖς
1169 450 1215 494 μή
1241 450 1428 495 συνεχέσιν,
1457 450 1523 480 οἷον
1577 450 1594 469 *
1609 450 1729 480 Eadem
1752 451 1838 480 enim
1861 451 2087 481 demonstratio
2104 457 2150 481 est
2173 458 2203 481 et
2225 449 2266 481 in'
2277 460 2343 481 non
2358 450 2529 489 continuis»,
2553 456 2589 481 ut
2603 450 2637 480 in
2666 456 2676 466 ·

533 470 571 532 ἓν
596 512 635 532 τε
659 503 729 536 τοῖς
756 499 920 534 ἐναντίοις
943 498 1000 528 καὶ
1027 497 1058 527 ὲν
1077 496 1121 537 τῇ
1142 493 1331 536 ἀντιφάσει·
1349 492 1523 536 ληψόμεθα
1645 494 1805 525 contrariis
1834 501 1864 525 et
1887 494 2142 525 contradictione.
2170 494 2371 534 Accipiemus
2400 494 2485 524 enim
2511 500 2638 534 tempus

537 545 601 589 γάρ
627 543 686 575 τὸν
710 541 828 588 χρόνον
854 542 886 572 ἐν
905 540 928 581 qi
946 539 1193 584 μεταβέβληκε,
1211 539 1270 568 καὶ
1287 536 1388 569 πάλιν
1407 536 1525 569 ταύτά
1645 537 1678 566 in
1700 547 1766 578 quo
1785 544 1945 568 mutatum
1968 545 2029 576 est,
2053 545 2084 569 et
2105 538 2220 569 iterum
2244 538 2354 568 eadem
2378 537 2530 568 dicemus.

541 589 550 600 ⁹
594 587 611 595 “’
642 598 686 617 εν.

464 598 722 674 Ὧςιξξοὲξιιάγκη
749 628 790 660 τὸ
814 626 1067 671 μεταβεβληκὸς
1091 623 1319 669 μεταβάλλειν
1335 625 1393 655 καὶ
1411 622 1451 655 τὰ
1469 635 1526 666 με·
1580 624 1686 661 Quare
1709 634 1834 655 necesse
1858 631 1904 656 est
1926 632 2086 656 mutatum
2109 635 2205 655 omne
2228 624 2343 656 mutari
2366 624 2473 665 prius,
2497 630 2528 655 et
2549 623 2639 664 quod

537 673 711 713 ταβάλλον
764 670 1042 711 εταβεβληκέναι,
1068 671 1125 700 καὶ
1152 668 1224 699 ἔστι
1249 668 1311 699 τοῦ
1336 667 1394 711 μέν
1419 678 1524 710 μετα·
1645 674 1786 699 mutatur
1815 675 1974 699 mutatum
2006 676 2089 699 esse:
2114 675 2144 699 et
2167 675 2213 699 est
2241 668 2312 709 ipso
2342 667 2456 698 mutari
2480 674 2640 698 mutatum

539 716 672 757 βάλλειν
705 727 746 748 το
771 713 1063 758 μεταβεβληκέναι
1095 711 1276 756 πρότερον,
1309 711 1371 743 τοῦ
1400 705 1437 741 δὲ
1496 722 1526 741 ε-
1646 721 1712 741 εεεε
1735 712 1832 751 prius,
1855 712 1925 752 ipso
1949 719 2056 748 autem
2078 718 2238 743 mutatum
2261 721 2327 742 esse
2350 711 2480 751 mutari;
2505 717 2535 742 et
2549 711 2638 742 nullo

537 759 785 800 ταβεβληκέναι
810 759 850 791 τό
871 756 1112 801 μεταβάλλειν,
1130 757 1187 787 καὶ
1214 750 1379 786 οὐδέποτε
1400 721 1526 796 ληφθιῆ-
1645 755 1744 785 modo
1761 756 2039 796 comprehenditur
2054 757 2204 796 primum.
2227 755 2332 786 Causa
2347 761 2454 786 autem
2471 755 2566 786 huius
2583 761 2638 793 est,

537 815 635 836 σεται
667 803 708 835 τὸ
738 804 882 845 πρῶτον.
920 802 1032 832 Αἴτιον
1065 795 1102 830 δὲ
1133 798 1259 831 τούτου
1291 798 1332 830 τὸ
1364 797 1410 841 μὴ
1440 795 1525 829 εἶναι
1646 807 1712 828 non
1736 808 1802 829 esse
1825 799 2012 838 impartibile
2035 799 2216 840 impartibili
2240 799 2455 830 coniunctum.
2481 799 2516 829 In
2535 797 2640 829 infini-

539 847 655 891 ἀμερὲς
681 847 819 898 ἀμεροῦς
846 844 1017 890 ἐχόμενον·
1045 843 1098 875 ἐπ’
1125 843 1260 886 ἄπειρον
1285 842 1348 887 γάρ
1367 842 1386 877 ἡ
1405 838 1526 884 διαίρε-
1646 847 1716 871 tum
1740 842 1824 872 enim
1849 842 1961 873 divisio
1985 850 2048 882 est,
2071 843 2153 874 sicut
2175 843 2209 873 in
2230 843 2269 874 iis
2291 853 2373 884 quae
2396 848 2640 883 augmentantur

537 902 598 932 σις,
616 889 768 933 καθαπερ
794 890 847 921 ἐπὶ
873 890 938 920 τῶν
965 885 1199 930 αὐξανομένων
1224 888 1281 918 καὶ
1305 883 1527 929 καθαιρουμέ-
1647 891 1678 915 et
1700 885 1888 916 minuuntur
1911 886 2011 917 lineis.

690 946 695 961 ί
787 957 794 964 .

470 945 782 1022 Φαννεῖἔνγὲιῗνιμέῒῖ
801 977 858 1007 καὶ
883 974 924 1007 τὸ
948 974 1085 1020 γεγονός
1112 972 1243 1026 ἀνάγκη
1274 971 1423 1018 γίνεσθαι
1448 971 1528 1016 πρό-
1579 971 1815 1003 *Manifestum
1837 972 1931 1012 igitur
1953 971 2106 1014 quoniam
2122 974 2210 1014 quod
2233 973 2352 1004 factum
2367 979 2430 1012 est,
2454 983 2578 1004 necesse
2595 980 2640 1004 est
2666 978 2677 988 ·

537 1033 631 1065 τερον
655 1023 712 1052 καὶ
738 1020 778 1052 τὸ
803 1018 975 1065 γινόμενον
1000 1016 1189 1063 γεγονέναι,
1210 1028 1272 1048 οσα
1297 1011 1454 1060 διαιρετά
1468 1018 1526 1048 καὶ
1647 1015 1713 1046 fieri
1736 1016 1841 1057 prius,
1867 1022 1897 1046 et
1919 1016 2007 1056 quod
2031 1015 2067 1046 fit
2089 1016 2208 1047 factum
2227 1027 2303 1054 esse,
2320 1027 2539 1058 quaecumque
2563 1017 2639 1048 divi-

537 1066 672 1110 συνεχῆ·
701 1062 737 1095 οὐ
762 1063 878 1107 μέντοι
905 1063 954 1094 ἀεὶ
981 1062 996 1092 ὃ
1021 1065 1166 1107 γίνεται,
1195 1061 1268 1093 ἀλλ’
1295 1060 1377 1092 ἀλλο
1405 1061 1525 1099 ἐνίοτε,
1648 1059 1749 1090 sibilia
1771 1066 1803 1090 et
1825 1059 1976 1090 continua
1999 1066 2089 1090 sunt:
2113 1069 2179 1090 non
2202 1067 2308 1090 tamen
2331 1070 2455 1100 semper
2477 1061 2566 1101 quod
2589 1061 2639 1100 fit,

538 1110 604 1140 οἷον
630 1109 694 1140 τῶν
721 1108 844 1139 ἐκείνου
870 1118 917 1147 τι,
935 1104 1026 1137 ὥσπε
1070 1105 1133 1142 τῆς
1160 1105 1263 1142 οἰκίας
1283 1103 1341 1136 τὸν
1361 1103 1526 1147 θεμέλιον.
1648 1103 1703 1133 sed
1726 1103 1812 1134 aliud
1835 1103 2016 1144 aliquando,
2041 1109 2076 1134 ut
2094 1103 2177 1134 illius
2197 1103 2327 1144 aliquid,
2343 1103 2423 1134 sicut
2438 1104 2554 1135 domus
2572 1104 2641 1136 fun·

533 1154 668 1195 Ὁμοίως
694 1146 731 1183 δὲ
755 1152 812 1182 καὶ
838 1148 892 1182 ἐπὶ
917 1150 979 1182 τοῦ
997 1118 1208 1194 φθειρομένου
1232 1149 1290 1180 καὶ
1309 1146 1525 1192 ἑφθαρμένου·
1648 1147 1842 1178 damentum.
1868 1147 2015 1177 Similiter
2037 1153 2144 1178 autem
2163 1154 2194 1177 et
2208 1147 2242 1177 in
2257 1157 2295 1177 eo
2312 1147 2400 1188 quod
2419 1148 2641 1188 corrumpitur,

537 1195 631 1233 εὐθύς
654 1195 718 1241 γάρ
744 1193 922 1239 ἐνυπάρχει
947 1194 994 1234 τῷ
1012 1192 1172 1239 γινομένῳ
1189 1193 1247 1224 καὶ
1265 1193 1312 1233 τῷ
1330 1191 1526 1236 φθειρομένῳ
1648 1198 1679 1222 ει
1702 1201 1740 1221 εο
1764 1191 1853 1231 quod
1881 1197 2067 1231 corruptum
2095 1196 2150 1221 est.
2179 1191 2255 1221 Mox
2283 1190 2369 1221 enim
2395 1190 2476 1222 inest
2503 1191 2532 1222 ei
2554 1191 2643 1232 quod

539 1238 674 1283 ἄπειρόν
698 1250 732 1270 τι
756 1242 888 1283 συνεχεῖ
910 1249 947 1283 γε
973 1237 1066 1278 ὄντι,
1092 1237 1149 1268 καὶ
1177 1237 1235 1268 οὐκ
1260 1236 1352 1268 ἔστιν
1376 1236 1455 1267 οὔτε
1478 1237 1529 1280 γί-
1647 1235 1684 1266 fit
1711 1241 1741 1265 et
1764 1234 1852 1275 quod
1871 1234 2094 1274 corrumpitur,
2114 1243 2188 1264 cum
2202 1234 2242 1264 sit
2260 1234 2459 1273 continuum,
2482 1234 2643 1266 infinitum

536 1283 649 1315 νεσθαι
674 1282 719 1326 μη
744 1281 881 1328 γεγονός
907 1292 941 1313 τι
968 1280 1045 1313 οὔτε
1070 1293 1107 1327 γε
1136 1279 1245 1312 ονέναι
1277 1279 1323 1323 μή
1353 1278 1526 1325 γινόμενόν
1648 1278 1822 1320 quoddam.
1839 1278 1880 1309 Et
1894 1287 1961 1308 non
1978 1285 2024 1308 est
2039 1287 2142 1319 neque
2161 1276 2238 1316 fieri,
2253 1277 2313 1308 nisi
2327 1278 2448 1319 aliquid
2462 1277 2580 1310 factum
2602 1279 2643 1310 sit

539 1339 583 1358 τι.
607 1327 644 1358 ‘O
673 1329 745 1363 οίως
769 1322 807 1358 δὲ
830 1327 888 1357 καὶ
915 1326 969 1357 ἐπὶ
1000 1326 1062 1356 τοῦ
1094 1336 1114 1368 φ
1136 1323 1279 1368 είρεσθαι
1302 1326 1359 1355 καὶ
1385 1323 1440 1355 ἐπὶ
1465 1323 1526 1354 τοῦ
1648 1322 1746 1363 prius,
1762 1332 1865 1363 neque
1888 1322 2008 1352 factum
2027 1331 2104 1360 esse,
2127 1321 2187 1351 nisi
2204 1321 2259 1352 fiat
2274 1321 2404 1362 aliquid.
2421 1321 2569 1354 Similiter
2586 1333 2642 1354 au-

538 1338 708 1415 ὲφθοίρθιαι·
727 1368 776 1402 ἀεὶ
793 1369 858 1416 γάρ
877 1369 975 1401 ἔσται
994 1369 1055 1401 τοῦ
1073 1369 1131 1410 μὲν
1150 1365 1336 1412 φθείρεσθαι
1355 1367 1396 1399 τὸ
1415 1365 1529 1411 ἑφθάρ-
1648 1373 1714 1397 tem
1729 1366 1807 1397 etin
1824 1365 1984 1405 corrumpi
2004 1372 2034 1396 et
2049 1365 2082 1396 in
2099 1371 2286 1405 corruptum
2304 1375 2380 1397 esse.
2405 1365 2535 1407 Semper
2557 1367 2644 1398 enim

538 1414 594 1446 θαι
620 1413 799 1458 πρότερον,
827 1414 888 1445 τοῦ
913 1407 950 1445 δὲ
976 1410 1136 1455 ἐφθάρθαι
1161 1412 1202 1444 τὸ
1228 1410 1425 1455 φθείρεσθαι.
1459 1411 1528 1442 Φα-
1648 1417 1694 1440 εει
1707 1410 1778 1450 ipso
1803 1409 1963 1450 corrumpi
1991 1415 2176 1450 corruptum
2200 1419 2266 1440 esse
2289 1408 2392 1450 prius,
2416 1416 2565 1450 con-upto
2588 1420 2642 1442 au-

538 1457 628 1502 νερὸν
654 1457 709 1489 οὖν
736 1456 789 1490 ὅτι
813 1458 871 1488 καὶ
897 1457 937 1489 τό
962 1456 1098 1502 γεγονὸς
1125 1454 1256 1501 ἀνάγκη
1274 1453 1424 1498 γίνεσθαι
1450 1466 1474 1486 π
1497 1453 1528 1486 ό-
1647 1461 1712 1485 tem
1728 1463 1794 1484 esse
1810 1453 1980 1493 corrumpi.
1999 1453 2203 1484 Manifestum
2217 1452 2311 1493 igitur
2326 1453 2401 1494 quia
2414 1453 2503 1495 quod
2525 1453 2644 1486 factum

538 1513 633 1546 τερον
657 1504 714 1533 καὶ
740 1501 781 1533 τὸ
805 1499 977 1546 γινόμενον
1002 1499 1189 1545 γεγονέναι·
1217 1499 1284 1531 πᾶν
1300 1499 1364 1554 γάρ
1387 1466 1526 1544 μέγεθος
1649 1504 1712 1536 εει,
1737 1507 1863 1528 necesse
1886 1503 1932 1527 est
1954 1495 2020 1527 fieri
2043 1496 2148 1537 priuS,
2177 1503 2208 1527 et
2230 1497 2319 1538 quod
2347 1496 2382 1528 fit
2402 1497 2530 1538 ,factum
2556 1505 2642 1529 esse:

536 1548 593 1577 καὶ
619 1546 683 1582 πᾶς
708 1545 822 1590 χρόνος
851 1543 900 1576 ἀεὶ
921 1539 1087 1585 διαιρετά.
1116 1542 1210 1575 Ὥστ’
1232 1543 1263 1574 ἐν
1290 1556 1313 1583 ῳ
1341 1541 1379 1574 ἄν
1406 1540 1441 1584 ᾗ,
1469 1542 1528 1574 οὐκ
1649 1541 1754 1572 omnis
1777 1541 1863 1571 enim
1885 1540 2083 1580 magnitudo,
2108 1547 2138 1571 et
2153 1549 2250 1571 omne
2273 1547 2399 1581 tempus
2422 1551 2546 1582 semper
2565 1541 2644 1584 divi-

540 1588 577 1621 ὂὶν
602 1591 651 1625 εἴη
677 1601 717 1626 ως
744 1587 876 1630 πρώτῳ.
1648 1585 1749 1616 sibilia
1772 1592 1854 1616 sunt.
1879 1585 1985 1622 Quare
2007 1584 2040 1614 in
2064 1593 2269 1626 quocumque
2291 1584 2328 1615 fit
2349 1585 2484 1627 aliquid,
2501 1594 2567 1616 non
2586 1584 2643 1616 erit

1650 1629 1760 1671 utique
1783 1629 1863 1659 sicut
1884 1628 1918 1659 in
1940 1627 2055 1668 primo.

523 1721 661 1748 Smorsrs
683 1735 716 1739 —
743 1728 766 1746 x.
794 1718 1004 1754 Argumentum
1031 1723 1058 1745 et
1084 1717 1185 1745 divisio
1212 1723 1312 1745 textus.
1335 1734 1354 1738 -
1376 1724 1403 1745 2.
1433 1717 1528 1744 Omne
1583 1727 1610 1754 9.
1633 1716 1800 1745 Excluditur
1819 1715 1954 1744 instantia
1970 1725 2004 1744 ex
2018 1715 2202 1753 generatione
2217 1722 2244 1744 et
2258 1715 2459 1753 corruptione,
2481 1715 2555 1746 inter
2569 1726 2642 1762 quo-

470 1760 549 1796 quod
570 1765 704 1793 mutatur,
726 1763 852 1785 mutatur
872 1757 902 1784 in
922 1763 1061 1793 tempore,
1082 1757 1127 1784 vel
1147 1756 1242 1793 primo
1257 1763 1284 1784 et
1297 1765 1349 1793 per
1363 1765 1402 1791 se,
1421 1756 1465 1784 vel
1484 1765 1528 1783 se-
1582 1766 1648 1784 rum
1669 1755 1808 1784 terminos
1828 1765 1889 1784 non
1911 1761 1953 1783 est
1966 1755 2085 1791 aliquod
2099 1754 2237 1784 medium.
2252 1754 2283 1783 Si
2296 1755 2442 1792 generatio
2457 1755 2568 1784 dicatur
2581 1765 2644 1794 ipsa

470 1799 597 1827 cundum
611 1798 741 1832 alterum,
756 1797 828 1825 idest
842 1796 952 1824 ratione
965 1795 1064 1832 partis.
1081 1797 1168 1830 Quod
1182 1802 1277 1823 autem
1292 1796 1388 1832 primo
1402 1801 1529 1823 mutatur
1584 1796 1706 1833 inceptio
1727 1795 1850 1829 essendi,
1865 1795 1906 1823 sic
1918 1801 1960 1822 est
1973 1794 2112 1822 terminus
2126 1801 2232 1830 motus,
2254 1801 2283 1823 et
2302 1794 2343 1823 sic
2363 1801 2405 1823 est
2425 1795 2455 1824 in
2468 1795 2598 1832 instanti3
2619 1795 2644 1825 si

469 1838 500 1866 in
520 1838 617 1874 aliquo
632 1843 770 1873 tempore,
789 1835 818 1863 in
838 1835 963 1873 qualibet
984 1835 1044 1863 eius
1059 1841 1139 1871 parte
1154 1835 1257 1863 mutari
1271 1840 1394 1871 oportet.
1409 1836 1437 1870 a)
1453 1834 1529 1868 Quia
1583 1841 1679 1863 autem
1700 1834 1846 1871 generatio
1867 1833 1977 1862 dicatur
1998 1834 2119 1871 inceptio
2141 1833 2256 1862 essendi
2279 1843 2344 1862 cum
2369 1838 2426 1862 toto
2454 1840 2532 1864 motu
2553 1844 2644 1874 prae-

465 1877 564 1916 primo
590 1876 673 1904 alicui
695 1875 847 1904 convenire
869 1874 987 1910 dicitur,
1010 1875 1090 1911 quod
1111 1875 1269 1902 seeundum
1291 1873 1447 1911 quamlibet
1468 1873 1528 1901 eius
1583 1874 1714 1908 cedente,
1737 1880 1778 1902 est
1799 1874 1828 1901 in
1849 1879 1989 1910 tempore.
2003 1889 2021 1894 -
2049 1881 2091 1900 10.
2114 1873 2260 1901 Probatur
2275 1874 2458 1910 propositum
2480 1875 2578 1906 (num.
2599 1884 2617 1915 7
2633 1896 2643 1910 a.

469 1923 580 1953 partem
607 1915 740 1943 convenit
761 1915 796 1942 ei.
819 1915 846 1950 b)
874 1915 1036 1949 Praeterea,
1065 1913 1088 1941 si
1110 1913 1139 1941 in
1164 1920 1266 1941 neutra
1289 1920 1368 1950 parte
1391 1912 1529 1949 temporis
1583 1915 1611 1949 α)
1634 1914 1728 1941 Omne
1753 1914 1833 1950 quod
1854 1919 1995 1940 mutatum
2017 1918 2067 1946 est,
2082 1912 2112 1939 in
2130 1918 2261 1948 tempore
2275 1913 2448 1947 mutabatur,
2470 1913 2594 1950 ideoque
2613 1922 2644 1942 m

470 1957 525 1984 tale
547 1961 679 1989 mutetur,
694 1963 748 1982 nec
767 1954 797 1981 in
811 1960 873 1982 toto
889 1953 1057 1981 mutabitur:
1079 1953 1103 1980 si
1121 1962 1190 1981 vero
1211 1953 1240 1980 in
1261 1962 1320 1981 una
1332 1959 1454 1987 tantum,
1469 1961 1529 1980 non
1583 1952 1710 1990 qualibet
1732 1952 1806 1980 illius
1828 1951 1966 1988 temporis
1990 1958 2086 1988 parte;
2107 1950 2186 1988 prius
2210 1961 2278 1988 ergo
2300 1953 2464 1980 mutabatur
2485 1952 2515 1980 in
2534 1953 2644 1982 medie-

466 1996 565 2033 primo
589 1994 619 2022 in
640 2000 770 2030 tempore
797 1994 865 2021 dato
886 1993 981 2029 ipsum
1002 1992 1106 2020 mutari
1127 1999 1268 2029 sequetur.
1284 2009 1303 2014 -
1319 1992 1344 2020 3.
1367 1991 1529 2020 Subdivisio
1583 1999 1639 2020 tate
1663 1992 1816 2028 temporis,
1845 1998 1873 2020 et
1899 1991 2002 2019 iterum
2027 1990 2057 2018 in
2085 1990 2236 2019 medietate
2263 1990 2442 2026 medietatis;
2469 1998 2498 2020 et
2518 1991 2559 2020 sic
2578 1999 2645 2022 ante

470 2041 572 2062 textus.
587 2050 606 2055 -
619 2043 648 2068 4.
670 2034 746 2061 Ante
760 2041 847 2060 omne
867 2031 977 2060 moveri
990 2030 1134 2068 praecedit
1147 2038 1289 2059 mutatum
1303 2041 1373 2060 esse.
1389 2031 1530 2059 Probatur
1585 2041 1671 2060 omne
1693 2037 1835 2059 mutatum
1864 2040 1925 2059 esse
1952 2030 2097 2067 praecedit
2121 2029 2233 2058 mutari.
2258 2046 2277 2051 -
2302 2039 2345 2058 11.
2368 2031 2396 2066 b)
2418 2031 2524 2066 Quoad
2551 2037 2645 2061 motus

466 2074 575 2112 primo.
599 2072 629 2100 Si
649 2072 768 2109 aliquod
788 2071 895 2100 mobile
916 2071 1142 2108 magnitudinem
1166 2072 1263 2099 datam
1283 2077 1412 2107 ternpore
1438 2071 1530 2098 deter-
1584 2071 1741 2099 secundum
1764 2070 1958 2107 quantitatem.
1985 2071 2060 2097 Inter
2084 2070 2157 2097 duos
2180 2069 2319 2098 terminos
2344 2069 2481 2107 cuiusque
2501 2070 2645 2108 magnitu-

471 2113 582 2141 minato
603 2111 762 2149 pertransit,
784 2111 905 2139 alterurn
926 2120 1017 2147 aeque
1038 2110 1120 2138 velox
1135 2110 1286 2138 dimidium
1300 2110 1375 2138 illius
1396 2109 1479 2146 spatii
1500 2109 1530 2137 in
1585 2110 1667 2145 dinis,
1690 2111 1725 2137 de
1747 2119 1871 2146 quorum
1891 2119 1952 2137 uno
1973 2109 2080 2145 aliquid
2101 2115 2243 2136 mutatum
2267 2115 2309 2136 est
2327 2108 2357 2136 in
2380 2109 2510 2145 alterum,
2532 2119 2646 2147 semper

472 2152 599 2180 eiusdem
621 2150 759 2187 temporis
780 2149 932 2178 medietate
946 2149 1092 2178 conficiet:
1115 2158 1148 2178 ac
1168 2149 1289 2186 proinde
1304 2149 1390 2177 etiam
1404 2149 1529 2186 primurn
1585 2156 1627 2178 est
1648 2149 1815 2186 magnitudo
1838 2148 1947 2183 media,
1976 2157 2064 2185 quam
2086 2154 2199 2184 oportet
2220 2157 2281 2176 esse
2302 2147 2472 2177 divisibilem
2499 2149 2529 2177 in
2548 2149 2645 2179 infini-

472 2191 502 2219 in
523 2191 624 2219 eadem
645 2190 796 2218 medietate
817 2189 954 2225 temporis
975 2198 1026 2225 per
1046 2188 1198 2216 dimidium
1219 2189 1306 2217 totius
1327 2188 1530 2226 magnitudinis
1584 2195 1655 2216 tum.
1678 2189 1735 2216 Sed
1757 2187 1863 2216 mobile
1889 2187 1967 2224 prius
1995 2193 2122 2215 mutatur
2149 2187 2179 2214 in
2205 2193 2303 2223 parte,
2328 2196 2416 2224 quam
2444 2188 2479 2216 sit
2502 2194 2645 2218 mutatum

473 2237 585 2259 motum
607 2236 658 2258 est.
680 2229 849 2257 Terminum
870 2228 955 2265 igitur
975 2228 1062 2256 medii
1077 2228 1159 2264 spatii
1175 2237 1241 2256 cum
1262 2228 1450 2264 pertransivit,
1472 2227 1530 2255 iam
1584 2237 1636 2264 per
1655 2233 1747 2255 totam
1768 2227 2012 2264 magnitudinem3
2034 2235 2102 2264 ergo
2123 2235 2239 2254 necesse
2261 2233 2303 2255 est
2317 2233 2383 2255 ante
2399 2236 2488 2256 omne
2502 2232 2645 2258 muratum

472 2276 614 2298 mutatum
636 2275 686 2304 est,
708 2270 777 2296 dum
791 2269 885 2296 adhuc
899 2274 1069 2296 moveretur.
1093 2268 1180 2302 Quod
1201 2276 1268 2304 ergo
1290 2274 1429 2302 movetur,
1451 2266 1530 2303 prius
1584 2276 1646 2295 esse
1667 2267 1837 2303 praecedere
1858 2266 1971 2295 mutari.
1993 2283 2012 2287 -
2037 2273 2080 2294 12.
2102 2266 2182 2294 Idem
2202 2265 2356 2294 dicendum
2376 2267 2413 2294 de
2433 2266 2495 2296 aliis
2509 2268 2645 2298 muntin-

472 2316 515 2337 est
528 2315 679 2337 mutatum.
695 2325 714 2329 -
728 2307 891 2344 Explicatur
911 2307 1001 2344 magis
1022 2307 1092 2334 haec
1113 2306 1185 2335 ratio
1205 2307 1335 2343 exemplo
1356 2305 1454 2343 puncti
1475 2312 1530 2333 ter·
1585 2307 1679 2342 nibus,
1694 2306 1824 2343 quamvis
1846 2305 1876 2334 in
1896 2306 1951 2334 illis
1972 2306 2076 2334 habeat
2096 2306 2193 2334 locum
2214 2305 2307 2334 solum
2322 2305 2416 2342 prima
2429 2306 2503 2335 ratio
2516 2316 2552 2336 ex
2564 2314 2645 2345 parte

472 2348 607 2376 minantis
632 2348 736 2375 lineam
757 2347 787 2375 in
808 2346 935 2383 potentia
955 2347 1000 2374 vel
1022 2346 1051 2374 in
1072 2353 1175 2374 actu.-
1191 2347 1217 2373 5.
1241 2347 1381 2374 Secundo.
1403 2347 1435 2373 In
1451 2345 1531 2373 omni
1585 2345 1732 2382 temporis.
1749 2362 1767 2367 -
1786 2346 1829 2373 13.
1853 2345 2042 2373 Concluditur
2068 2344 2236 2382 generaliter
2256 2346 2335 2382 quod
2358 2355 2474 2374 necesse
2494 2353 2536 2375 est
2557 2356 2645 2376 omne

474 2397 568 2422 nunc,
596 2388 676 2424 quod
703 2393 745 2415 est
767 2387 901 2414 ultimum
925 2385 1063 2422 temporis
1084 2385 1277 2413 mensurantis
1305 2392 1417 2413 motum
1429 2407 1437 2421 ‚
1465 2394 1529 2413 mo·
1586 2392 1728 2414 mutatum
1749 2385 1828 2421 prius
1848 2384 1968 2420 mutari,
1990 2391 2018 2412 et
2038 2393 2126 2413 omne
2153 2385 2234 2421 quod
2254 2390 2381 2413 mutatur
2400 2385 2480 2422 prius
2502 2388 2645 2416 mutante!

473 2427 530 2455 bile
552 2433 692 2455 mutatum
714 2433 763 2454 est.
787 2427 844 2454 Sed
864 2425 895 2453 in
925 2425 1052 2462 quolibet
1075 2431 1205 2461 tempore
1229 2431 1257 2453 et
1280 2425 1310 2452 in
1325 2425 1451 2462 qualibet
1471 2423 1531 2452 eius
1586 2434 1661 2460 esse,
1688 2425 1728 2453 ita
1755 2425 1835 2461 quod
1861 2433 2011 2461 nunquam
2039 2424 2300 2460 comprehendatur
2325 2424 2451 2460 primum
2476 2425 2581 2455 munti
2600 2426 2646 2456 vd

472 2473 568 2503 parte,
600 2473 665 2503 post
685 2466 809 2502 primum
835 2474 924 2500 nunc,
953 2465 1033 2501 quod
1054 2471 1095 2492 est
1116 2464 1287 2501 principium
1308 2464 1462 2501 temporis,
1490 2470 1532 2491 est
1586 2464 1711 2501 primum
1740 2470 1881 2492 mutatum
1907 2473 1977 2492 esse.
2006 2463 2222 2491 Manifestantur
2249 2463 2320 2492 haec
2342 2463 2473 2501 exemplo
2499 2464 2592 2495 lineae
2617 2472 2646 2495 et

473 2506 600 2542 accipere
631 2505 659 2533 in
687 2505 829 2532 infinitum
857 2504 914 2532 alia
946 2511 974 2532 et
1003 2504 1058 2532 alia
1089 2513 1163 2532 nunc
1193 2504 1398 2538 terminativa,
1433 2510 1532 2540 quate·
1586 2503 1693 2541 puncti.
1715 2505 1775 2532 Nec
1794 2510 1891 2531 tamen
1912 2502 2040 2540 sequitur
2060 2503 2140 2540 quod
2161 2509 2258 2531 motus
2279 2502 2315 2531 sit
2334 2501 2471 2539 infinitus,
2493 2504 2562 2541 quia
2578 2511 2645 2534 ante

473 2555 527 2573 nus
553 2552 665 2581 tempus
687 2551 728 2572 est
749 2543 887 2572 divisibile
916 2543 945 2571 in
966 2543 1119 2571 infinitum.
1149 2544 1224 2580 Ergo
1246 2549 1274 2571 et
1293 2543 1323 2571 in
1354 2549 1436 2571 motu
1466 2549 1532 2571 ante
1586 2543 1711 2580 primum
1733 2542 1903 2571 indivisibile
1918 2549 2014 2571 motus
2027 2551 2089 2570 non
2103 2548 2145 2570 est
2158 2542 2254 2579 aliqua
2267 2551 2333 2579 pars
2348 2548 2453 2571 motus.
2468 2559 2488 2565 -
2506 2545 2645 2579 14.1dem

474 2594 561 2612 omne
582 2584 691 2612 moveri
714 2590 756 2612 est
784 2593 897 2620 semper
919 2583 1047 2619 accipere
1070 2588 1208 2611 mutatum
1232 2592 1303 2611 esse.
1322 2599 1340 2604 -
1364 2583 1391 2610 6.
1426 2583 1532 2610 Tertio.
1587 2582 1745 2620 specialiter
1765 2582 1945 2611 concluditur
1966 2582 1995 2610 in
2016 2581 2199 2619 generatione
2220 2588 2248 2609 et
2268 2581 2468 2618 corruptione,
2489 2582 2519 2611 in
2539 2583 2644 2621 quibus

474 2624 569 2652 Omne
590 2625 670 2660 quod
691 2629 825 2657 mutatur,
847 2623 870 2650 si
892 2632 952 2651 non
974 2622 1167 2658 corrumpitur
1181 2631 1275 2659 neque
1290 2621 1393 2650 desinit
1413 2621 1532 2657 moveri,
1587 2622 1691 2651 mutari
1712 2629 1740 2650 et
1761 2628 1903 2650 mutatum
1923 2630 1985 2650 esse
2005 2631 2066 2650 non
2087 2627 2161 2656 sunt,
2186 2620 2258 2649 sicut
2282 2621 2312 2649 in
2338 2621 2399 2649 aliis
2420 2622 2644 2660 mutationibus,

474 2669 588 2699 oportet
609 2664 688 2700 quod
702 2662 732 2690 in
747 2662 874 2699 quolibet
895 2671 969 2690 nunc
983 2662 1121 2698 temporis
1135 2661 1165 2689 in
1179 2671 1238 2698 quo
1255 2668 1395 2696 movetur,
1409 2662 1454 2689 vel
1469 2671 1532 2689 mu·
1587 2662 1745 2691 secundum
1766 2661 1852 2697 idem,
1874 2661 1925 2689 sed
1946 2661 2104 2689 secundum
2125 2660 2244 2688 diversa.
2261 2677 2278 2682 —
2300 2660 2375 2695 Quia
2395 2668 2562 2698 generatum
2583 2671 2645 2698 esse

474 2709 548 2730 tetur
560 2703 604 2730 vel
625 2709 766 2730 mutatum
781 2702 831 2730 sit:
853 2702 903 2729 sed
918 2701 947 2729 in
963 2711 1037 2729 nunc
1057 2701 1128 2728 nihil
1142 2707 1286 2729 movetur:
1308 2710 1376 2737 ergo
1391 2707 1532 2728 mutatum
1587 2708 1615 2730 et
1635 2707 1803 2738 corruptum
1823 2709 1886 2729 esse
1907 2706 1973 2728 sunt
1993 2700 2108 2728 termini
2128 2699 2312 2735 alterationis,
2326 2699 2394 2728 ideo
2407 2701 2528 2738 alterari,
2542 2703 2645 2732 secun-'-

475 2748 517 2769 est
538 2741 568 2769 in
588 2742 716 2778 quolibet
737 2751 820 2775 nunc,
836 2741 960 2777 ideoque
980 2740 1123 2768 infinities.
1146 2741 1228 2768 Unde
1243 2746 1308 2768 ante
1323 2749 1409 2768 omne
1425 2740 1533 2768 moveri
1588 2742 1658 2769 dum
1680 2741 1754 2769 duos
1774 2740 1922 2775 terminos,
1937 2740 2061 2768 formam
2074 2748 2180 2776 nempe
2196 2740 2411 2768 substantialem
2425 2747 2454 2769 et
2467 2741 2643 2780 qualitatem,

475 2787 518 2808 est
538 2788 679 2809 mutatum
702 2790 772 2815 esse,
793 2787 825 2808 ut
845 2779 983 2808 terminus
1004 2779 1121 2808 alicuius
1142 2779 1229 2815 partis
1251 2786 1355 2807 motus.
1371 2797 1389 2800 -
1411 2789 1437 2816 7.
1460 2781 1533 2807 Sub·
1587 2780 1737 2817 dupliciter
1757 2779 1939 2808 nominatur:
1970 2779 2073 2807 dicitur
2099 2779 2176 2807 enim
2198 2785 2226 2807 et
2246 2779 2371 2814 alterari
2391 2786 2419 2808 et
2435 2780 2512 2818 fieri
2530 2787 2560 2810 et
2578 2791 2644 2811 cor-

476 2820 578 2848 divisio
599 2827 699 2848 textus.
715 2821 790 2847 Ante
806 2828 892 2847 omne
910 2825 1052 2847 mutatum
1068 2827 1129 2846 esse
1144 2825 1186 2846 est
1199 2819 1318 2856 aliquod
1332 2819 1451 2854 moveri,
1466 2819 1534 2856 quia
1588 2820 1818 2858 rumpi.-Qu0d
1838 2829 1906 2856 ergo
1927 2819 2034 2847 factum
2055 2825 2097 2847 est
2117 2827 2233 2847 necesse
2254 2825 2297 2847 est
2316 2818 2395 2856 prius
2416 2819 2494 2855 fieri,
2515 2827 2544 2849 et
2563 2821 2645 2859 quod

477 2866 617 2887 mutatum
639 2869 700 2887 esse
728 2865 770 2887 est
797 2858 935 2886 terminus
963 2857 1052 2894 ipsius
1081 2857 1199 2886 moveri.
1221 2874 1238 2878 -
1262 2859 1288 2886 8.
1311 2859 1532 2886 Praenotamen.
1587 2860 1618 2888 fit
1639 2868 1755 2888 necesse
1775 2865 1817 2887 est
1838 2859 1916 2895 prius
1943 2858 2049 2887 factum
2071 2867 2142 2886 esse.
2158 2875 2176 2879 —
2197 2858 2241 2886 15.
2263 2859 2422 2893 Quomodo
2443 2859 2500 2888 hoe
2526 2859 2644 2890 diversi-

478 2899 572 2926 Omne
594 2899 673 2935 quod
695 2904 830 2933 mutatur,
845 2904 986 2925 mutatum
1002 2903 1052 2933 est,
1069 2897 1140 2925 idest
1158 2898 1330 2932 mutabatur,
1346 2897 1375 2925 in
1389 2904 1532 2934 tempore;
1588 2900 1675 2927 mode
1696 2898 1726 2927 in
1747 2898 1864 2927 diversis
1885 2898 2052 2926 inveniatur.
2070 2914 2090 2919 —
2109 2897 2278 2934 Applicatur
2304 2898 2341 2926 ad
2362 2898 2594 2936 corruptionum
2615 2906 2645 2930 et

477 2937 507 2964 in
528 2937 584 2966 alio
606 2937 682 2965 enim
703 2947 777 2965 nunc
799 2943 841 2965 est
861 2937 890 2964 in
912 2936 1034 2964 termino
1056 2945 1073 2964 a
1095 2945 1162 2974 quo,
1184 2943 1212 2965 et
1232 2937 1261 2964 in
1282 2937 1338 2965 alio
1360 2937 1389 2965 in
1410 2937 1533 2966 termino
1585 2938 1673 2967 etiam
1695 2939 1731 2966 ad
1759 2937 2013 2973 illuminationem,
2035 2943 2176 2975 quatenus
2198 2943 2240 2966 est
2265 2937 2404 2975 terminus
2426 2944 2522 2966 motus
2544 2939 2644 2968 localis

478 2977 516 3004 ad
537 2983 633 3013 quem:
653 2976 726 3004 inter
747 2977 805 3004 duo
827 2982 921 3004 autem
944 2985 1019 3004 nunc
1035 2982 1078 3004 est
1097 2985 1209 3012 semper
1230 2983 1342 3013 tempus
1363 2977 1499 3005 medium.
1515 2994 1534 2999 —
1589 2978 1718 3015 corporis
1739 2977 1934 3006 illuminantis.

677 3071 908 3112 ›costquam
935 3062 1190 3111 Philosophus
1223 3064 1384 3101 ostendit
1411 3065 1527 3113 quali·
1582 3065 1621 3102 in
1653 3072 1825 3114 tempore
1859 3065 1984 3114 aliquo
2019 3065 2152 3103 dicitur
2184 3066 2323 3116 aliquid
2355 3067 2492 3104 mutari
2524 3067 2644 3117 dupli-

693 3118 723 3160 ’ξι
749 3128 789 3152 er
807 3115 852 3152 sit
870 3115 1039 3164 accipere
1063 3115 1230 3165 primum
1259 3116 1297 3152 in
1322 3117 1527 3154 mutatione
1585 3118 1693 3164 citer;
1722 3130 1800 3154 uno
1830 3118 1947 3155 modo
1975 3117 2100 3167 primo
2127 3120 2146 3140 *²
2171 3126 2206 3155 et
2231 3131 2301 3167 per
2327 3131 2388 3166 se,
2423 3119 2496 3157 alio
2525 3121 2644 3158 modo
2671 3132 2682 3142 ·

620 3176 631 3183 “
669 3172 691 3217 ,¹⁴
710 3172 723 3218 ξ
735 3175 770 3205 ει
789 3167 946 3216 qualiter
964 3181 1057 3215 non,
1087 3167 1148 3204 hic
1172 3169 1332 3205 ostendit
1355 3169 1527 3207 ordinem
1584 3170 1795 3208 secundum
1823 3171 1995 3219 alterurn,
2023 3171 2120 3209 idest
2142 3172 2286 3209 ratione
2313 3172 2443 3220 partis,
2473 3173 2568 3210 sicut
2590 3173 2644 3211 di-

682 3224 867 3257 eorum
887 3233 983 3269 quae
1003 3221 1040 3257 in
1069 3228 1176 3257 motu
1204 3221 1446 3259 inveniuntur
1481 3223 1528 3260 ad
1586 3223 1680 3260 citur
1711 3222 1851 3273 aliquid
1886 3223 2024 3261 mutari
2060 3223 2097 3260 in
2134 3236 2260 3272 anno,
2299 3225 2388 3273 quia
2423 3225 2443 3247 *⁵
2481 3233 2646 3263 mutatur
2672 3237 2682 3247 ·

480 3273 662 3309 invicem:
702 3280 738 3309 et
773 3273 897 3321 primo
934 3273 1136 3321 praemittit
1169 3273 1364 3321 quoddam
1402 3287 1530 3312 neces·
1585 3276 1623 3313 in
1653 3275 1724 3313 die.

243 3335 450 3382 {afflgmub‘ncef
480 3325 617 3362 sarium
648 3327 667 3347 ’¹‘
695 3325 741 3362 ad
769 3325 1006 3374 propositum
1035 3326 1334 3372 ostendendum;
1363 3328 1530 3365 secundo
1640 3329 1724 3365 Hac
1747 3340 1835 3376 ergo
1856 3328 2090 3366 distinctione
2108 3329 2328 3379 praemissa,
2344 3330 2523 3379 proponit
2540 3331 2645 3379 quod

244 3392 339 3434 25⁰„ss.
355 3418 373 3440 3·
406 3377 412 3386 '
446 3377 451 3382 '
482 3378 639 3414 ostendit
663 3378 909 3426 propositum,
926 3378 992 3415 ibi:
1027 3379 1177 3416 Ostenso
1201 3384 1324 3416 autem
1345 3380 1443 3415 hoc*
1462 3388 1529 3417 etc.
1586 3380 1743 3418 intendit
1760 3381 1939 3430 probare:
1959 3381 2107 3429 scilicet,
2129 3382 2159 3419 si
2178 3382 2318 3432 aliquid
2337 3391 2503 3420 mutatur
2520 3383 2644 3432 primo

536 3442 569 3466 2.
591 3430 687 3466 Dicit
706 3443 794 3477 ergo
814 3431 950 3479 primo,
971 3432 1074 3480 quod
1098 3443 1212 3468 omne
1232 3431 1336 3480 quod
1356 3440 1530 3479 mutatur,
1587 3433 1625 3470 in
1644 3434 1769 3483 aliquo
1789 3441 1973 3482 tempore,
2003 3447 2158 3472 necesse
2186 3443 2242 3472 est
2269 3436 2373 3484 quod
2393 3443 2558 3473 mutetur
2571 3442 2588 3457 ·‘
2607 3436 2646 3473 in

246 3487 454 3515 'Lect-vm-Ssq-
483 3489 645 3518 mutatur
664 3482 701 3518 in
720 3490 902 3531 tempore,
922 3491 964 3520 ut
982 3496 1094 3533 supra
1111 3485 1129 3505 ⁹⁶
1150 3491 1343 3521 ostensum
1365 3491 1437 3522 est:
1468 3485 1534 3522 sed
1588 3486 1752 3535 qualibet
1779 3494 1884 3535 parte
1908 3487 2003 3524 illius
2030 3487 2223 3537 temporis.
2254 3488 2302 3525 Et
2325 3489 2400 3526 hoc
2418 3489 2554 3538 probat
2579 3488 2645 3526 du-

538 3592 564 3625 α)
580 3593 684 3623 scilicet,
698 3594 721 3618 si·
766 3602 866 3620 necesse
880 3599 918 3620 est
933 3596 1002 3627 quod
1015 3600 1138 3622 mutetur.
1148 3610 1166 3616 —
1180 3598 1215 3623 lta
1230 3598 1278 3628 Plu
1297 3598 1370 3623 codd.
1386 3606 1447 3623 vero
1466 3603 1491 3623 et
1504 3606 1535 3623 a:
1553 3598 1651 3624 scilicet
1664 3600 1735 3632 quod
1747 3599 1771 3625 εἰ
1782 3599 1885 3633 aliquid
1903 3603 2024 3625 mutatur
2037 3600 2128 3632 pri'mo
2143 3600 2169 3625 in
2184 3600 2274 3634 aliquo
2286 3602 2412 3633 tempore,
2431 3599 2502 3634 quod
2515 3603 2643 3626 mutatur.
