2898 3996
438 286 515 332 364

1043 279 1386 317 PHYSICORUM
1412 278 1760 316 ARISTOTELIS
1789 279 1883 315 LIB.
1912 279 1998 316 VIII

435 361 682 411 permutatio,
713 367 748 397 et
774 367 907 408 postea
926 369 1077 406 semper
1094 357 1219 393 futura
1238 356 1283 393 sit
1301 356 1419 405 quies,
1441 355 1490 392 ad
1543 363 1620 391 tem
1648 355 1759 391 huius
1787 355 2016 404 quaestionis
2053 363 2109 392 est
2129 366 2358 405 praeopere,
2361 357 2487 395 idest
2517 368 2602 417 per-

435 416 511 452 hoc
530 413 808 451 excludendum
823 412 925 458 dicit,
944 410 1147 447 secundum
1164 409 1364 453 circulum,·
1383 408 1490 456 quasi

437 467 551 504 dicat:
573 465 797 502 circulariter
813 465 888 501 hoc
908 462 1098 510 contingit,
1111 461 1215 509 quod
1229 468 1491 509 permutantur

437 531 496 556 res
525 525 560 554 et
585 525 718 566 postea
745 516 953 566 quiescunt,
984 522 1019 551 et
1046 514 1183 550 iterum
1210 520 1488 562 permutantur,

438 578 475 608 et
493 570 546 607 sic
564 569 603 606 in
629 569 830 606 infinitum.

490 622 637 659 Deinde
657 621 866 658 subduntur
887 619 1006 656 verba
1034 617 1242 655 Aristotelis
1272 616 1491 665 exponentis

436 673 627 724 praedicta
661 674 780 710 verba
814 670 1075 720 Empedoclis,
1104 669 1270 706 maxime
1307 676 1491 717 quantum

438 728 487 765 ad
513 727 587 763 hoc
615 724 720 773 q'uod
748 725 852 771 dixit,
879 735 932 761 stc
950 728 1075 760 autem
1097 727 1372 770 permutantur.
1393 720 1493 757 Dicit

439 790 526 826 ergo
565 778 669 826 quod
705 753 939 826 opinan'dum
977 782 1032 811 est
1068 775 1106 811 in
1142 775 1216 811 hoc
1245 773 1348 822 quod
1386 772 1490 818 dixit,

436 831 490 867 sic
510 835 785 878 permutantur,
815 827 1069 866 intellexisse*
1088 827 1137 863 ab
1159 827 1246 863 hinc
1273 826 1367 868 inde,
1397 825 1494 862 idest

438 895 461 920 a
479 882 648 931 quodam
675 881 857 930 principio
886 892 1006 929 usque
1026 891 1144 924 nunc;
1173 890 1251 915 non
1271 878 1375 926 quod
1393 889 1492 914 sem-

436 947 506 994 per
533 934 642 971 fuerit
668 941 806 981 motus,
828 934 889 970 vel
918 932 1022 980 quod
1040 938 1244 980 postquam
1269 929 1420 979 incepit,
1449 930 1494 966 sit

439 987 679 1035 interruptus.

491 1040 526 1076 6.
547 1039 695 1076 Deinde
711 1050 798 1074 cum
814 1037 917 1074 dicit:
943 1035 1261 1073 Considerandum
1280 1035 1396 1085 igitur
1410 1041 1492 1082 ete„

440 1092 600 1128 ostendit
626 1090 820 1127 utilitatem
849 1089 960 1126 huius
989 1087 1310 1125 considerationis.
1331 1088 1380 1124 Et
1408 1087 1495 1124 dicit

439 1144 543 1192 quod
571 1142 887 1180 considerandum
913 1148 968 1178 est
995 1141 1194 1189 quomodo
1213 1153 1254 1177 se
1273 1140 1411 1177 habeat
1428 1151 1493 1176 ve-

438 1196 524 1232 ritas
553 1196 651 1232 circa
677 1196 776 1232 hanc
803 1194 1081 1243 quaestionem:
1112 1193 1200 1242 quia
1237 1193 1330 1230 scire
1357 1192 1493 1230 verita-

490 1358 516 1394 η)
537 1359 608 1392 quod
631 1358 794 1393 opinandum
812 1361 851 1383 est
870 1358 896 1383 in
915 1358 988 1383 hoc..
991 1357 1210 1382 .intellexissem
1192 1357 1295 1390 —quod
1314 1357 1340 1382 in
1358 1357 1433 1383 hoc..
1435 1357 1493 1382 ,ἰη-

439 1395 543 1420 tellexit
561 1395 600 1425 N,
619 1394 689 1426 quod
707 1394 869 1426 opinandum
889 1397 928 1418 est
945 1393 1016 1425 quod
1035 1393 1060 1417 in
1080 1392 1151 1418 hoc..
1145 1410 1159 1417 ..
1180 1392 1313 1417 intellexit
1331 1393 1403 1423 RsO,
1422 1392 1494 1426 quod

439 1429 601 1461 opinandum
628 1432 667 1454 est
695 1429 720 1453 in
740 1429 813 1454 hoc..
816 1428 907 1460 .quod
925 1427 1060 1453 intellexit
1079 1427 1258 1460 (intellexerit
1275 1427 1315 1462 D)
1336 1427 1394 1458 DF,
1423 1427 1494 1460 quod

439 1465 601 1496 opinandum
619 1467 658 1489 est
676 1464 747 1496 quod
765 1464 790 1488 in
810 1463 883 1488 hoc..
885 1464 973 1495 .quod
991 1462 1124 1488 intellexit
1141 1462 1170 1493 Z,
1185 1462 1256 1495 quod
1273 1462 1436 1495 opinandum
1455 1466 1495 1488 est

439 1499 466 1524 in
485 1500 567 1525 hoc...
582 1499 744 1524 intellexerit
762 1504 818 1529 cet„
837 1499 878 1523 ab
898 1503 923 1522 et
941 1499 1031 1523 Venet.
1051 1497 1125 1529 1504.

1543 407 1810 466 necessa-rium,
1825 419 1904 444 non
1918 408 2043 445 solum
2063 408 2112 446 ad
2127 408 2468 447 considerationem
2483 409 2603 447 scien-

1544 459 1617 496 tiae
1644 459 1832 518 naturalis,
1853 460 1921 497 sed
1948 460 2061 497 etiam
2090 460 2139 498 ad
2172 461 2367 499 scientiam
2396 461 2445 499 de
2474 462 2600 511 primo

1544 511 1754 560 principio:
1783 511 1873 560 quia
1906 519 1943 549 et
1968 512 2030 550 hic
2056 513 2095 550 in
2127 521 2264 551 octavo
2296 514 2317 535 '¹
2349 521 2386 550 et
2411 514 2450 551 in
2476 515 2602 552 Meta—

1539 565 1692 612 phys*
1696 564 1775 610 ‚ad
1792 564 2036 613 probandum
2055 565 2223 614 primum
2241 564 2508 625 principium0,
2528 566 2599 604 uti-

1545 623 1605 652 tur
1632 616 1848 654 aeternitate
1885 625 2023 654 motus.
2054 618 2160 654 Haec
2193 617 2296 655 enim
2322 618 2387 655 via·
2413 618 2602 667 probandi

1545 668 1713 728 primum
1740 669 1970 718 principium
1999 682 2102 717 esse,
2141 677 2197 707 est
2224 669 2504 718 efficacissima,
2540 671 2601 708 cui

1547 721 1664 758 resisti
1692 733 1771 759 non
1796 729 1932 780 potest.
1954 722 1994 759 Si
2023 723 2152 760 enirn
2171 723 2316 760 mundo
2337 730 2374 760 et
2390 730 2500 760 motu
2524 723 2602 760 exi·

1547 780 1666 810 stente
1694 774 1938 823 sempiterno,
1957 787 2112 812 necesse
2141 782 2196 812 est
2213 787 2358 824 ponere
2385 787 2507 813 unum
2525 775 2602 824 pri-

1547 837 1655 862 mum
1696 825 1948 875 principium;
1990 828 2109 864 multo
2147 828 2266 876 magis
2308 827 2612 877 sempiternitate.

1548 889 1682 914 eorum
1706 879 1872 926 sublata3
1901 879 1990 927 quia
2016 880 2259 918 manifestum
2277 888 2333 918 est
2352 881 2457 930 quod
2485 890 2602 918 omne

1547 942 1693 967 novum
1721 930 1862 978 indiget
1889 932 2016 981 aliquo
2050 933 2236 982 principio
2264 933 2481 971 innovante.
2516 932 2602 970 Hoc

1547 994 1635 1030 ergo
1656 983 1738 1020 solo
1766 984 1886 1021 modo
1912 991 2061 1033 poterat
2085 985 2206 1022 videri
2234 985 2339 1034 quod
2366 997 2445 1023 non
2464 992 2519 1022 est
2537 997 2603 1022 ne-

1548 1035 1752 1072 cessarium
1770 1048 1915 1084 ponere
1933 1037 2101 1085 primum
2123 1037 2369 1086 principium,
2389 1038 2420 1075 si
2439 1049 2497 1077 res
2516 1044 2603 1075 sunt

1547 1088 1595 1124 ab
1624 1095 1790 1126 aeterno.
1815 1089 1926 1126 Unde
1953 1089 1984 1126 si
2012 1089 2125 1126 etiam
2145 1089 2165 1111 *
2191 1091 2266 1127 hoc
2292 1090 2416 1139 posito
2435 1089 2604 1139 sequitur
2629 1093 2682 1140 {a

1546 1140 1713 1200 primum
1741 1141 1969 1200 principium
1997 1143 2102 1189 esse,
2126 1141 2334 1180 ostenditur
2360 1142 2518 1180 omnino
2537 1153 2603 1180 ne-

1549 1205 1754 1230 cessarium
1772 1205 1940 1242 primum
1959 1193 2187 1243 principium
2216 1206 2310 1232 esse.

1546 1361 1572 1383 et
1590 1358 1745 1384 duodem’mo
1767 1358 1916 1392 Metaphys.
1935 1357 2013 1383 Pinna
2026 1363 2052 1384 et
2063 1358 2087 1388 b,
2102 1359 2259 1391 corrigentes
2277 1358 2501 1385 hallucinationem
2516 1359 2557 1385 ed.
2569 1366 2604 1385 a.-

1546 1393 1609 1425 quia
1621 1393 1670 1418 hoc
1688 1393 1757 1419 idem
1777 1393 1804 1418 in
1815 1394 1873 1428 fine
1891 1393 2021 1426 sequentis
2039 1394 2067 1419 in
2087 1393 2154 1419 VIII
2163 1393 2314 1427 Metaphys.
2334 1395 2384 1420 Pro
2394 1395 2515 1427 primum
2523 1395 2606 1428 prim

1546 1428 1658 1460 cipium,
1678 1436 1759 1454 unum
1773 1429 1937 1461 principium
1956 1428 2054 1453 PIYab.

1601 1463 1619 1496 ι)
1639 1463 1671 1488 Si
1688 1463 1766 1489 enim.
1778 1477 1798 1482 -
1814 1463 1889 1489 Unde
1903 1463 1927 1489 si
1941 1463 1979 1495 Q;
1998 1463 2067 1489 enim
2081 1470 2135 1490 om.
2146 1464 2469 1496 ACIKMNORSTVXYz,
2482 1464 2530 1490 sed
2546 1464 2605 1491 tine

1547 1498 1594 1523 hac
1612 1498 1735 1531 particula
1753 1506 1892 1531 processus
1911 1499 2137 1531 argumentationis
2149 1499 2246 1524 laborat
2259 1499 2422 1526 obsonium.
2434 1512 2454 1521 -
2465 1499 2501 1525 Ibi
2522 1506 2605 1526 unm

492 1533 516 1569 Θ)
530 1535 593 1567 quia
605 1537 630 1559 et
644 1534 686 1559 hic
698 1534 723 1559 in
739 1537 831 1559 octavo
876 1533 994 1565 primum
1003 1533 1176 1565 principium.
1190 1547 1208 1554 -·
1222 1533 1284 1564 quia
1299 1533 1324 1558 in
1338 1533 1387 1558 hoc
1400 1535 1493 1558 octavo
1542 1533 1661 1566 primum
1672 1533 1843 1566 principium,
1864 1541 1944 1559 unum
1963 1541 2016 1559 om.
2030 1533 2111 1564 BDT,
2125 1534 2245 1567 primum
2263 1542 2316 1560 om.
2331 1534 2386 1565 CQ

2630 523 2640 533 ·
2654 521 2720 544 Leet.
2734 528 2774 545 ιιι.

2629 570 2710 592 *Dim
2731 569 2772 592 lib.
2792 552 2858 601 11⁴-

2629 601 2808 645 capannam!
2841 607 2858 617 μ

2629 629 2680 651 cap.
2694 628 2735 645 vm

2629 648 2726 671 12.-.S
2739 626 2857 670 ‘rhu-'1³¹‘

2629 674 2850 703 xn,1ectt..v=x‚x.

2730 746 2738 762 t
