2898 3996
0 1468 1 1476 ἵ
26 1445 35 1462 ἐν
57 1442 121 1464 Lect.
132 1447 245 1469 xv.,n.4.

0 1603 1 1621 i
29 1601 34 1605 ’
58 1598 129 1621 Num.
143 1605 164 1627 7.

29 1625 184 1674 ,11111
193 1624 246 1673 212.-

40 2715 48 2730 ⁴.
61 2702 131 2724 Num.
146 2708 221 2730 praec.

46 2870 48 2885 :
61 2855 123 2878 motu
137 2862 158 2877 μ.

80 3370 97 3377 ...
126 3359 253 3381 dictumest

89 3399 96 3407 .
109 3391 126 3407 a
139 3389 162 3408 et
175 3385 242 3408 codd.

1083 291 1193 327 CAP.
1223 291 1292 337 XI,
1322 290 1471 326 LECT.
1501 291 1622 327 XVIII

323 370 528 397 8111109515-
547 377 570 396 t.
591 369 801 405 Argumentum
823 375 852 397 et
871 368 972 397 divisio
993 374 1094 397 textus.
1109 384 1128 389 -
1143 375 1171 395 2.
1191 366 1328 401 Ωυαπι115

269 415 365 445 partes
385 408 534 453 temporis,
549 407 621 436 sicut
642 415 670 436 et
690 415 795 443 motus,
817 408 873 436 sint
894 408 1031 442 diversae,
1045 403 1140 451 ipsum
1157 415 1232 434 nunc
1253 415 1327 434 sem-

270 457 322 485 per
343 453 384 475 est
404 447 481 475 idem
502 447 525 475 si
547 447 577 475 in
597 456 627 475 se
648 454 801 484 spectetur,
824 447 889 475 licet
909 447 1019 474 ratione
1041 445 1077 474 sit
1097 446 1216 473 alterum
1239 451 1267 472 et
1287 445 1327 472 al-

269 493 364 514 terum
392 492 532 523 quatenus
553 492 596 514 est
622 486 700 522 prius
721 493 750 514 et
769 486 926 522 posterius;
948 492 976 513 et
1003 484 1161 512 secundum
1183 490 1328 511 mensurat

270 532 393 562 tempus.
407 541 425 546 -
444 526 469 553 3.
484 525 575 562 Magis
596 526 750 562 explicatur
770 526 851 562 quod
870 525 900 552 in
920 533 1042 552 numero
1063 522 1244 559 praecedenti
1258 521 1328 550 dici-

270 572 326 593 tur
348 580 367 586 ·-
387 574 416 600 4.
439 566 581 594 Probatur
601 566 680 602 quod
702 574 776 595 nunc
792 570 835 592 est
848 564 925 592 idem
938 563 1066 591 subiecto
1087 563 1137 590 sed
1158 562 1278 589 alterum
1300 568 1328 589 et

271 605 393 632 alterum
413 604 533 632 ratione.
555 604 601 632 Sic
622 603 678 641 aliq
680 603 729 631 uid
744 610 786 632 est
805 602 904 630 idem
897 611 927 630 in
940 608 1071 638 tempore
1093 600 1164 628 sicut
1185 600 1215 628 in
1229 606 1328 636 motu3

272 643 380 671 mobile
394 649 500 679 autern,
514 642 580 671 licet
593 643 669 671 idem
687 642 824 676 subiecto,
840 641 951 669 ratione
965 647 1006 668 est
1020 641 1141 668 alterum
1156 646 1183 667 et
1197 639 1327 674 alterum,

271 682 444 727 inquantum
465 689 507 710 est
527 682 594 710 alibi
614 688 642 710 et
662 681 738 710 alibi.
760 682 818 709 Sed
831 680 904 708 sicut
922 686 1038 715 tempus
1058 688 1088 707 se
1110 679 1195 706 habet
1213 679 1250 706 ad
1264 688 1328 707 rno-

271 728 344 756 tum,
359 722 399 750 ita
419 731 493 750 nunc
514 722 551 750 ad
571 721 694 749 mobile:
715 719 794 757 prius
807 719 886 747 enim
900 725 928 746 et
941 718 1083 755 posterius
1097 718 1127 746 in
1141 724 1271 754 tempore
1285 718 1327 746 di-

271 761 430 789 scernimus
450 770 502 797 per
527 769 616 794 nunc,
638 759 710 787 sicut
730 759 760 786 in
780 765 862 786 motu
888 767 940 794 per
960 757 1075 785 mobile.
1098 758 1173 794 Ergo
1195 763 1223 784 et
1244 766 1328 791 nunc,

272 809 339 828 curn
360 799 488 828 subiecto
508 808 600 827 unum
614 798 658 833 sit,
674 797 784 826 ratione
805 797 906 824 differt.
922 813 941 817 -
959 797 984 824 5.
1001 795 1079 824 Sicut
1095 805 1169 824 nunc
1183 797 1263 832 quod
1284 806 1327 824 re-

273 840 397 876 spondet
416 838 526 873 mobili,
548 847 601 866 suo
622 820 701 865 fluxu
721 843 834 872 ternpus
855 836 928 870 facit,
944 842 972 863 et
991 835 1022 864 in
1044 845 1079 863 eo
1100 835 1234 863 discernit
1251 835 1329 872 prius

273 885 301 918 et
313 878 472 914 posterius;
486 877 526 906 ita
540 886 614 905 nunc
629 877 708 913 quod
722 876 877 912 respondet
890 875 932 903 rei
951 875 1138 911 permanenti,
1154 882 1196 903 est
1217 884 1329 911 semper

273 923 366 952 stans,
388 923 416 945 et
436 916 591 945 aeternitas
619 915 728 944 dicitur.
753 931 770 936 -
791 916 817 942 6.
841 914 1009 942 Ostenditur
1030 914 1108 941 unde
1131 923 1204 941 nunc
1226 915 1329 942 habeat

272 956 352 993 quod
374 961 519 983 mensuret
539 961 661 992 tempus.
691 954 776 982 Nunc
797 959 839 981 est
860 953 983 981 maxime
1007 959 1110 981 notum
1131 953 1160 980 in
1181 959 1328 989 tempore.

273 995 358 1023 debet
378 1004 447 1032 ergo
474 994 569 1031 ipsum
589 1002 764 1022 mensurare.
793 993 974 1021 Antecedens
998 998 1112 1020 constat
1133 1001 1166 1020 ex
1187 1001 1222 1020 eo
1251 993 1331 1028 quod

273 1034 380 1063 mobile
394 1040 436 1062 est
450 1034 545 1063 notius
560 1043 648 1070 quam
665 1039 777 1067 motus3
799 1039 842 1060 est
855 1032 932 1060 enim
947 1032 1053 1059 mobile
1067 1041 1112 1059 res
1126 1041 1178 1067 per
1191 1040 1221 1059 se
1236 1037 1328 1059 stans·

273 1081 341 1110 ergo
363 1072 491 1101 similiter
514 1082 589 1101 nunc
610 1079 652 1101 est
672 1071 762 1109 magis
783 1077 886 1100 notum
907 1080 995 1107 quam
1019 1077 1143 1106 tempus.
1164 1086 1182 1090 -
1205 1070 1330 1098 Conclu-

272 1113 326 1141 sio.
343 1129 362 1134 -
377 1121 403 1149 7.
418 1110 580 1140 Subdivisio
601 1118 702 1140 textus.
717 1127 736 1132 —
750 1111 777 1139 8.
800 1110 878 1139 Sicut
899 1109 984 1138 simul
1005 1115 1072 1137 sunt
1091 1109 1147 1137 loci
1168 1109 1288 1137 mutatio
1303 1115 1331 1137 et

476 1227 711 1269 mostquam
750 1219 1003 1269 Philosophus
1041 1218 1204 1256 ostendit
1239 1218 1330 1268 quid

404 1305 425 1323 „5
458 1272 463 1284 ¹
494 1277 591 1322 ‘svest
609 1281 772 1333 tempus,
801 1273 861 1309 hic
889 1271 1115 1309 determinat
1142 1271 1189 1308 de
1216 1283 1326 1308 nunc.

360 1354 368 1367 η
465 1332 494 1365 J·
514 1327 585 1363 Et
619 1325 744 1375 primo
783 1325 945 1362 ostendit
980 1332 1106 1361 utrum
1146 1323 1191 1360 sit
1227 1323 1329 1360 idem

340 1406 350 1411 2
426 1409 430 1415 .
482 1377 636 1415 'nss‘nunc
668 1378 707 1415 in
735 1385 813 1414 toto
847 1385 1040 1426 tempore,
1074 1377 1136 1413 vel
1169 1376 1268 1413 aliud
1298 1384 1333 1412 et

273 1405 394 1468 aliud·
418 1432 522 1480 quod
550 1443 664 1480 supra
683 1433 703 1452 3
721 1430 760 1467 111
794 1429 1026 1467 dubitatione
1047 1429 1214 1488 positum
1243 1428 1329 1475 fuit;

273 1483 442 1522 secundo
462 1495 508 1520 ex
527 1483 601 1520 hoc
618 1482 771 1521 ulterius
800 1482 961 1530 assignat
989 1482 1174 1519 rationem
1195 1458 1329 1518 eorurri

273 1548 370 1587 quae
399 1535 574 1573 dicuntur
600 1536 647 1573 de
675 1547 786 1581 nunc,
816 1535 886 1572 ibi:
919 1535 1167 1584 Manifestum
1196 1540 1247 1570 est
1265 1546 1332 1570 au-

272 1595 345 1627 tem
361 1590 382 1619 -*
397 1596 464 1626 010.
493 1589 603 1626 Circa
620 1589 788 1638 primum
808 1587 878 1626 tria
897 1588 998 1624 facit:
1018 1587 1142 1639 primo
1162 1587 1269 1635 ponit
1288 1588 1331 1608 33

272 1642 375 1692 quod
394 1653 497 1679 nunc
524 1642 813 1690 quodammodo
843 1648 899 1677 est
930 1640 1049 1686 idern,
1081 1647 1116 1676 et
1148 1640 1332 1688 quodam-

273 1695 390 1732 modo
411 1706 489 1731 non
511 1702 565 1731 est
582 1694 701 1739 idem;
731 1693 897 1730 secundo
928 1692 1081 1742 exponit
1108 1692 1212 1740 quod
1232 1692 1331 1729 dixe-

273 1755 340 1795 rat,
369 1747 438 1784 ibi:
457 1748 586 1795 Ipsum
615 1752 739 1783 autem
768 1758 868 1783 nunc
888 1747 907 1767 ’¹‘
934 1753 1019 1790 etc.;
1048 1745 1155 1782 tertio
1182 1745 1330 1792 probat,

272 1799 340 1837 ibi:
370 1800 544 1848 Sequitur
570 1799 668 1836 enim
695 1799 791 1835 sicut
817 1799 953 1835 dictum
982 1804 1036 1834 est
1063 1799 1082 1819 '³‘
1111 1805 1178 1833 etc.

327 1865 361 1890 2.
378 1851 476 1889 Dicit
496 1864 584 1900 ergo
603 1852 728 1901 primo
745 1851 848 1900 quod
868 1863 955 1887 cum
974 1859 1124 1899 tempus
1140 1849 1185 1886 sit
1199 1861 1330 1885 nume-

272 1917 335 1942 rus
354 1912 496 1951 motus,
526 1904 620 1941 sicut
646 1911 770 1953 partes
798 1911 924 1940 motus
953 1910 1039 1940 sunt
1067 1914 1219 1951 semper
1238 1901 1331 1938 aliae

273 1965 310 1994 et
337 1957 445 2005 aliae,
475 1957 524 1994 ita
558 1965 593 1994 et
623 1964 749 2006 partes
778 1956 980 2005 temporis:
1015 1955 1081 1992 sed
1110 1955 1199 1991 illud
1227 1954 1332 2002 quod

266 2010 383 2047 simul
413 2009 533 2047 existit
561 2010 608 2046 de
637 2017 715 2046 toto
748 2017 921 2057 tempore
956 2015 1010 2045 est
1037 2008 1159 2053 idem,
1194 2006 1332 2043 scilicet

271 2062 397 2112 ipsum
426 2074 538 2099 nune.
579 2062 696 2108 Quod
729 2061 883 2120 quidem
912 2060 1123 2097 secundum
1156 2059 1193 2096 id
1226 2059 1331 2107 quod

274 2122 340 2161 est,
360 2114 463 2151 idem
484 2121 558 2151 est:
589 2114 656 2150 sed
675 2114 819 2150 ratione
845 2120 900 2149 est
918 2113 1089 2158 alterum,
1120 2111 1330 2148 secundum

273 2166 379 2215 quod
399 2175 455 2204 est
472 2166 575 2215 prius
595 2174 632 2202 et
649 2165 855 2215 posterius:
886 2172 922 2201 et
949 2165 1001 2201 sic
1021 2176 1120 2201 nunc
1139 2171 1331 2200 mensurat

273 2227 436 2268 tempus,
458 2231 537 2256 non
556 2218 767 2255 secundum
796 2217 901 2266 quod
930 2225 984 2253 est
1011 2217 1113 2254 idem
1143 2215 1328 2262 subiecto,

274 2272 342 2309 sed
371 2271 580 2308 secundum
609 2272 712 2319 quod
741 2270 884 2307 ratione
914 2277 968 2306 051
995 2270 1153 2306 alterum
1183 2276 1218 2304 et
1243 2268 1330 2303 alte-

275 2334 371 2371 rum,
403 2331 438 2360 et
465 2323 568 2372 prius
597 2331 632 2359 et
659 2322 877 2371 posterius·

329 2378 362 2413 3.
393 2376 542 2413 Deinde
571 2388 658 2412 cum
688 2375 793 2411 dicit:
823 2376 950 2422 Ipsum
971 2379 1094 2411 autem
1121 2384 1219 2409 nunc
1247 2380 1329 2418 etc.,

275 2427 428 2478 exponit
455 2428 559 2477 quod
589 2427 749 2464 dixerat:
778 2434 814 2463 et
840 2426 927 2464 dicit
946 2426 1049 2475 quod
1078 2426 1211 2474 ipsum
1231 2437 1332 2461 nunc

275 2480 564 2530 quodammodo
584 2491 736 2528 semper
764 2486 819 2516 est
836 2479 951 2526 idern,
982 2485 1019 2515 et
1041 2477 1331 2527 quodammodo

275 2545 354 2570 non
372 2532 485 2570 idem.
513 2535 741 2580 Inquantum
767 2531 867 2568 enim
893 2543 1044 2580 semper
1073 2530 1332 2567 consideratur

274 2594 316 2623 ut
333 2586 372 2623 in
391 2585 463 2622 alio
479 2593 516 2622 et
534 2586 607 2622 alio
622 2591 639 2606 α
659 2584 871 2621 secundum
885 2582 1166 2621 successionem
1186 2590 1332 2631 tempo-

275 2638 326 2675 ris
347 2646 382 2676 et
400 2646 537 2684 motus,
560 2638 612 2675 sic
632 2646 686 2674 est
705 2639 863 2674 alterum
884 2644 919 2673 01
947 2648 1024 2673 11011
1049 2636 1162 2673 idem.
1184 2635 1237 2672 Er
1259 2636 1333 2671 hoc

278 2699 333 2728 est
352 2690 456 2739 quod
484 2702 597 2738 supra
614 2687 636 2710 ¹*
658 2689 831 2736 diximus,
852 2689 956 2737 quod
984 2689 1054 2738 ipsi
1071 2694 1124 2725 est
1140 2699 1217 2724 esse
1245 2690 1332 2725 alte-

277 2755 373 2779 rum.
395 2740 497 2778 Nam
517 2742 592 2779 hoc
612 2749 666 2778 est
684 2753 761 2778 esse
780 2742 850 2789 ipsi
871 2753 986 2786 nunc,
1007 2740 1103 2778 idest
1122 2742 1333 2778 secundum

277 2796 350 2832 hoc
379 2794 558 2843 accipitur
584 2793 676 2831 ratio
706 2793 838 2842 ipsius,
867 2801 909 2830 ut
932 2793 1194 2830 'consideratur
1212 2795 1251 2830 in
1271 2793 1334 2830 de-

278 2859 389 2885 cursu
416 2846 598 2895 temporis
618 2854 654 2883 et
673 2853 798 2882 motus
820 2847 849 2882 3.
873 2845 947 2882 Sed
967 2845 1190 2894 inquantum
1209 2846 1334 2894 ipsum

278 2912 378 2937 nunc
398 2906 453 2936 est
472 2899 668 2947 quoddam
689 2910 766 2945 ens,
787 2898 840 2935 sic
861 2905 915 2934 est
933 2897 1034 2934 idem
1055 2897 1235 2936 subiecto.

330 2965 366 2999 4.
387 2951 535 2988 Deinde
556 2963 644 2988 cum
661 2951 762 2988 dicit:
783 2951 956 2999 Sequitur
970 2951 1068 2987 enim
1087 2951 1181 2986 sicut
1197 2951 1333 2987 dictum

277 3011 332 3041 est
357 3011 444 3050 etc.‚
474 3005 611 3053 probat
638 3003 742 3052 quod
772 3003 922 3040 dixerat.
962 3003 1010 3039 Et
1043 3002 1166 3050 primo
1199 3003 1336 3051 probat

279 3056 383 3105 quod
402 3067 503 3093 nunc
531 3064 587 3093 est
605 3056 707 3092 idem
737 3055 918 3102 subiecto,
939 3055 1006 3092 sed
1034 3056 1191 3091 alterurn
1221 3063 1257 3092 et
1285 3056 1334 3091 al-

231 3148 233 3150 ,
278 3117 400 3145 terum
427 3109 587 3155 ratione3
609 3107 776 3145 secundo
796 3108 927 3157 quod
919 3120 1044 3156 ipsum
1064 3119 1165 3144 nunc
1184 3120 1335 3144 mensu—

245 3188 250 3194 .
279 3169 335 3198 ret
352 3161 373 3182 3
391 3168 567 3220 tempus,
583 3161 649 3198 ibi:
657 3161 716 3198 Et
732 3166 859 3198 notum
875 3165 999 3197 autem
1019 3160 1186 3196 maxime
1207 3161 1249 3181 ²³⁵*
1266 3167 1333 3197 etc.

245 3241 250 3246 -
279 3213 377 3251 Dicit
401 3225 490 3261 ergo
513 3213 637 3263 primo
663 3213 767 3262 quod
796 3212 889 3249 sicut
917 3225 1062 3263 supra
1050 3213 1070 3234 ¹¹⁵
1091 3212 1231 3249 dictum
1261 3219 1334 3260 est,

279 3273 405 3302 motus
425 3273 609 3324 quantum
637 3265 686 3302 ad
714 3264 996 3301 continuitatem
1026 3259 1062 3300 et
1086 3264 1190 3313 prius
1215 3271 1251 3300 et
1267 3276 1336 3313 po-

280 3318 431 3364 sterius,
462 3317 629 3366 sequitur
655 3316 975 3364 magnitudinem,
1011 3323 1045 3352 et
1076 3324 1226 3364 tempus
1254 3328 1337 3352 mo-

280 3379 361 3408 tum
381 3371 413 3407 ⁸.
444 3369 698 3417 Imaginemur
725 3368 833 3416 igitur
861 3368 1071 3404 seeundum
1099 3375 1334 3414 geometras,

2315 302 2317 305 ’
2361 294 2434 329 205

1381 366 1410 394 id
1432 368 1510 403 quod
1531 368 1626 403 fertur,
1643 369 1682 396 ita
1702 378 1838 397 numerus
1860 376 1955 398 motus
1972 369 2078 404 localis,
2093 369 2198 398 scilicet
2211 376 2334 406 tempus,
2350 371 2435 399 simul

1381 412 1422 433 est
1441 415 1507 434 curn
1529 417 1612 441 nunc,
1633 409 1712 444 quod
1733 415 1914 444 comparatur
1933 409 1971 437 ad
1991 409 2020 436 id
2042 392 2120 445 qtiod
2141 409 2228 438 fertur
2248 410 2320 437 sicut
2342 411 2436 438 unitas

1383 446 1504 473 numeri.
1527 463 1545 467 -
1566 448 1731 474 Notandum
1753 449 1832 484 quod
1860 455 1972 484 tempus
1994 457 2106 485 semper
2134 455 2317 485 comparatur
2340 449 2434 485 primo

1383 484 1475 511 motui
1495 485 1587 513 locali
1603 503 1621 506 —
1641 496 1667 521 9.
1690 486 1767 514 Sicut
1789 487 1893 515 mobile
1915 487 2061 515 continuat
2082 494 2193 515 motum
2215 487 2290 515 idem
2313 497 2436 516 manens

1382 522 1412 550 in
1435 529 1497 551 toto
1525 531 1620 556 motu.
1649 525 1747 553 dividit
1767 533 1863 553 autem
1885 533 2025 562 quatenus
2046 533 2142 555 motus
2162 527 2306 563 praecedit
2326 528 2369 555 vel
2389 537 2434 555 se-

1382 562 1479 598 quitur
1499 557 1625 607 aliquam
1644 564 1756 591 mobilis
1772 565 2004 601 dispositionem,
2026 565 2065 594 ita
2079 575 2162 600 nunc,
2178 567 2257 603 quod
2276 566 2375 595 mobili
2390 576 2434 595 re-

1381 602 1513 637 spondet,
1536 603 1683 630 continuat
1703 610 1731 631 et
1751 603 1895 641 distinguit
1916 611 2037 640 tempus,
2058 606 2137 642 quod
2151 612 2192 633 est
2213 615 2349 634 numerus
2370 615 2435 634 mo-

1381 647 1435 667 tus.
1451 656 1470 661 -
1489 650 1531 668 10.
1554 642 1631 669 Idem
1646 642 1805 670 ostenditur
1822 653 1854 670 ex
1869 650 1948 680 parte
1969 644 2059 671 lineae
2081 651 2108 672 et
2129 644 2241 680 puncti:
2264 644 2335 673 sicut
2357 645 2434 672 enim

1382 686 1520 715 punctum
1541 681 1690 709 continuat
1710 688 1737 709 et
1758 681 1857 710 dividit
1878 683 1991 718 lineam,
2014 683 2052 711 ita
2073 690 2100 711 et
2115 693 2189 711 nunc
2202 690 2324 728 tempus
2346 684 2437 712 Diffe-

1382 725 1476 746 renter
1489 726 1587 747 tamen
1601 729 1630 747 se
1652 721 1771 748 habent:
1795 722 1896 749 eodem
1919 722 1995 750 enim
2016 729 2123 759 puncto
2145 723 2207 759 quis
2228 723 2269 751 uti
2291 729 2384 760 potest
2404 730 2437 751 ut

1382 757 1439 785 fine
1459 758 1543 786 unius
1565 759 1651 795 partis
1673 766 1699 787 et
1720 766 1751 787 ut
1764 760 1904 797 principio
1925 761 2054 796 alterius,
2077 762 2143 798 quia
2156 769 2294 798 punctum
2313 769 2340 790 et
2361 763 2436 791 linea

1382 804 1471 825 stant·
1501 807 1575 825 nunc
1603 805 1699 826 tamen
1727 808 1787 826 non
1808 807 1877 834 stat3
1899 801 2053 836 respondet
2080 801 2156 828 enim
2185 801 2298 829 mobili.
2322 808 2349 829 et
2369 802 2435 830 ideo

1382 837 1441 864 duo
1463 846 1537 864 nunc
1565 844 1680 873 oportet
1708 838 1835 874 accipere
1855 841 2036 867 numerando
2065 846 2184 867 motum.
2206 856 2225 860 —
2249 842 2312 868 Hoc
2339 847 2436 868 tamen

1382 885 1443 903 non
1463 876 1677 912 intelligendum
1699 884 1741 905 est
1762 878 1843 914 quasi
1865 888 1938 906 nunc
1965 888 2025 906 non
2047 879 2082 906 sit
2102 878 2273 923 principium
2301 880 2387 907 futuri
2409 886 2438 908 et

1383 914 1447 942 finis
1469 916 1619 951 praeteriti.
1634 932 1653 936 —
1674 926 1716 944 11.
1740 916 1818 944 Sicut
1838 917 1988 954 dispositio
2010 918 2121 954 signata
2141 918 2171 945 in
2198 918 2297 946 mobili
2318 928 2380 946 non
2395 926 2439 947 est

1382 963 1448 998 pars
1470 960 1583 989 motus,
1610 964 1662 983 nec
1682 962 1820 991 punctum
1848 957 1955 991 lineae,
1978 957 2017 984 ita
2038 966 2112 984 nunc
2133 966 2193 985 non
2215 964 2256 985 est
2278 967 2342 993 pars
2363 964 2437 985 tem-

1383 993 1469 1037 poris.
1488 1008 1508 1014 —
1529 994 1614 1022 Nunc
1634 1001 1665 1022 ut
1685 995 1838 1030 terminus,
1860 1005 1919 1024 non
1941 1003 1983 1023 est
2003 1005 2068 1032 pars
2096 996 2233 1032 temporis
2263 997 2313 1024 sed
2335 997 2438 1025 accidit

1383 1031 1452 1068 ipsi:
1474 1034 1632 1060 secundum
1653 1043 1721 1062 vero
1743 1036 1822 1070 quod
1844 1041 1957 1071 tempus
1977 1036 2021 1063 vel
2043 1045 2117 1063 nunc
2131 1042 2277 1071 numerat,
2299 1045 2373 1064 nunc
2395 1042 2438 1064 est

1383 1080 1520 1098 numerus
1541 1071 1627 1099 etiam
1642 1072 1772 1108 aliorum,
1788 1073 1892 1102 scilicet
1914 1074 2078 1110 mobilium;
2100 1084 2236 1103 numerus
2253 1058 2329 1103 0111111
2344 1075 2435 1103 diver-

1383 1119 1482 1138 sorum
1503 1119 1564 1138 esse
1586 1117 1687 1146 potest.

1384 1219 1487 1267 quod
1506 1227 1667 1268 punctus
1687 1228 1813 1256 motus
1833 1221 1942 1258 faciat
1960 1221 2118 1258 lineam:
2139 1222 2303 1258 similiter
2327 1235 2438 1271 opor-

1383 1271 1475 1308 tebit
1503 1284 1583 1308 esse
1613 1273 1753 1330 aliquid
1781 1273 1883 1309 idem
1911 1274 1949 1309 in
1976 1282 2158 1322 tempore,
2180 1275 2274 1310 510111
2303 1283 2356 1311 051
2375 1275 2438 1311 ali-

1385 1324 1475 1372 quid
1503 1324 1649 1362 idern<²
1629 1326 1649 1342 “
1669 1325 1706 1361 111
1734 1333 1851 1361 motu.
1875 1326 1914 1361 Si
1943 1333 2069 1362 autem
2098 1334 2279 1375 punctum
2308 1327 2348 1347 *3
2369 1340 2436 1363 5110

1385 1384 1492 1413 motu
1520 1377 1630 1413 faciat
1656 1377 1807 1424 lineam,
1830 1377 1954 1426 ipsum
1981 1386 2164 1426 punctum
2193 1379 2212 1399 ‘³‘
2242 1380 2345 1438 quod
2370 1380 2438 1415 fer-

1385 1436 1468 1476 tur,
1499 1436 1552 1466 est
1590 1442 1666 1489 quo
1706 1430 1968 1478 cognoscimus
1997 1439 2170 1478 motum,
2201 1439 2236 1467 et
2264 1431 2365 1490 prius
2404 1439 2439 1467 et

1384 1482 1568 1542 posterius
1606 1483 1644 1519 in
1680 1483 1774 1531 ipso.
1811 1483 1902 1520 Non
1940 1483 2039 1519 enirn
2078 1492 2202 1520 11101115
2239 1484 2440 1532 percipitur

1385 1532 1454 1571 nisi
1478 1547 1523 1570 ex
1550 1535 1636 1583 hoc,
1657 1535 1761 1584 quod
1785 1535 1926 1572 mobile
1946 1535 2049 1572 aliter
2069 1544 2104 1572 et
2124 1537 2226 1572 aliter
2249 1549 2290 1572 se
2309 1537 2437 1572 habet:

1386 1594 1422 1623 et
1449 1588 1659 1625 secundum
1692 1588 1728 1625 id
1755 1587 1858 1635 quod
1885 1588 2044 1636 pertinet
2071 1588 2120 1624 ad
2147 1589 2438 1638 praecedentem

1386 1639 1671 1688 dispositionem
1699 1640 1861 1687 mobilis,
1883 1640 2092 1677 iudicamus
2111 1641 2213 1689 prius
2241 1641 2279 1677 in
2308 1648 2437 1677 motu:

1386 1693 1595 1729 secundum
1624 1700 1749 1729 autem
1779 1692 1815 1729 id
1844 1693 1947 1742 quod
1973 1693 2133 1742 pertinet
2151 1694 2199 1730 ad
2218 1701 2438 1742 sequentem

1387 1744 1670 1793 dispositionem
1715 1745 1890 1792 mobilis,
1929 1746 2138 1782 iudicamus
2179 1746 2364 1794 posterius
2402 1745 2438 1781 in

1387 1805 1505 1833 motu.
1546 1798 1631 1833 Hoc
1669 1809 1755 1845 ergo
1794 1799 1897 1846 quod
1935 1806 2129 1844 movetur,
2170 1811 2245 1846 quo
2290 1805 2437 1834 motum

1387 1850 1667 1897 cognoscimus,
1694 1857 1729 1886 et
1749 1849 1994 1886 discernimus
2022 1851 2124 1899 prius
2145 1859 2180 1886 et
2198 1851 2382 1899 posterius
2402 1850 2439 1886 in

1385 1902 1479 1950 ipso,
1510 1902 1590 1939 sive
1619 1903 1663 1939 sit
1680 1910 1876 1951 punctum,
1907 1903 1985 1940 sive
2015 1903 2059 1939 sit
2078 1903 2181 1951 lapis,
2213 1903 2290 1939 sive
2321 1903 2439 1951 quod-

1386 1967 1549 2004 cumque
1569 1955 1682 2002 aliud,
1711 1967 1754 1991 ex
1775 1968 1819 1991 ea
1838 1963 1942 2003 parte
1963 1967 2038 2004 qua
2068 1963 2122 1992 est
2146 1955 2339 2004 quoddam
2361 1968 2438 2001 0115,

1386 2009 1657 2056 quodcumque
1687 2007 1746 2055 sit,
1778 2015 1831 2044 est
1850 2008 1964 2055 idem,
1986 2008 2123 2044 50111001
2155 2008 2341 2054 subiecto,
2372 2008 2439 2044 sed

1385 2060 1526 2097 ratione
1552 2068 1607 2096 est
1625 2061 1794 2096 alterum.
1817 2061 1865 2097 Et
1892 2061 1966 2097 hoc
1985 2060 2102 2097 modo
2123 2060 2311 2109 sophistae
2331 2068 2440 2096 utun-

1384 2120 1443 2148 tur
1469 2113 1598 2158 altero,
1621 2125 1708 2149 curn
1729 2113 1856 2149 dicunt
1885 2113 2083 2149 Coriscum
2108 2113 2264 2149 alterum
2295 2125 2375 2149 esse
2404 2113 2440 2149 in

1383 2166 1527 2201 theatro
1558 2172 1593 2201 et
1620 2165 1658 2201 111
1687 2165 1790 2212 foro,
1826 2165 1878 2201 510
1907 2173 2103 2213 arguentes
2137 2165 2347 2202 secundum
2381 2178 2440 2202 so-

1383 2217 1533 2265 phisma
1571 2217 1786 2254 accidentis:
1822 2230 1902 2253 esse
1930 2218 1968 2254 in
1996 2218 2078 2254 foro
2108 2226 2162 2254 est
2189 2218 2289 2254 aliud
2317 2218 2364 2254 ab
2395 2230 2439 2254 eo

1385 2269 1488 2318 quod
1508 2276 1564 2305 est
1579 2281 1659 2305 esse

1384 2322 1422 2358 in
1450 2322 1544 2368 foro,
1574 2333 1675 2358 nunc
1702 2322 1741 2358 in
1768 2323 1929 2367 theatro;
1960 2335 2048 2369 ergo
2070 2330 2123 2359 est
2142 2323 2235 2359 alius
2255 2335 2276 2358 a
2297 2335 2347 2359 se.
2379 2322 2440 2359 Sic

1383 2374 1492 2422 igitur
1519 2381 1620 2422 patet
1653 2374 1757 2422 quod
1786 2374 1823 2410 id
1852 2374 1958 2423 quod
1984 2382 2161 2411 movetur
2196 2383 2250 2411 est
2282 2375 2439 2411 alterurn

1385 2426 1595 2463 secundum
1620 2426 1816 2472 rationem,
1842 2426 1879 2462 in
1909 2438 1954 2462 eo
1975 2427 2078 2475 quod
2100 2434 2154 2463 est
2173 2427 2259 2463 alibi
2279 2434 2314 2464 et
2334 2427 2438 2475 alibi,

1384 2479 1468 2515 licet
1496 2478 1541 2515 sit
1569 2478 1671 2515 idern
1700 2479 1879 2515 subiecto.

1439 2531 1516 2568 Sed
1535 2531 1628 2567 sieut
1642 2539 1790 2579 tempus
1811 2530 1978 2579 sequitur
1996 2530 2044 2566 ad
2063 2538 2224 2578 motum,
2245 2530 2293 2567 ita
2315 2531 2438 2578 ipsum

1387 2595 1486 2620 nunc
1507 2584 1673 2631 sequitur
1700 2583 1748 2620 ad
1768 2583 1805 2620 id
1833 2583 1937 2630 quod
1966 2583 2089 2619 fertur.
2119 2583 2167 2619 Et
2185 2584 2259 2620 hoc
2282 2584 2437 2632 probat,

1387 2636 1475 2685 quia
1501 2648 1570 2684 per
1597 2635 1737 2672 mobile
1767 2635 2028 2683 cognoscimus
2056 2635 2158 2684 prius
2192 2642 2228 2671 01
2254 2635 2439 2684 posterius

1387 2688 1424 2724 in
1445 2695 1562 2724 motu.
1594 2689 1692 2724 Cum
1714 2688 1814 2724 enim
1842 2688 2056 2725 invenimus
2085 2687 2226 2724 mobile
2251 2687 2288 2723 in
2315 2687 2438 2736 aliqua

1386 2748 1491 2789 parte
1529 2740 1793 2789 magnitudinis
1829 2753 1897 2788 per
1926 2752 2040 2788 quam
2077 2748 2271 2786 movetur,
2301 2740 2439 2777 iudica-

1388 2805 1473 2829 mus
1494 2793 1596 2841 quod
1630 2801 1755 2829 motus
1785 2793 1847 2841 qui
1867 2793 1933 2829 fuit
1959 2805 2028 2841 per
2054 2805 2169 2829 unam
2194 2799 2340 2841 partem
2360 2799 2439 2828 ma-

1388 2845 1602 2892 gnitudinis,
1621 2845 1725 2894 prius
1750 2845 1957 2894 praeteriit,
1993 2853 2028 2881 et
2061 2858 2127 2893 per
2156 2840 2283 2881 aliam'
2293 2853 2439 2894 partem

1389 2897 1654 2957 magnitudinis
1681 2906 1767 2946 post
1795 2905 1971 2946 sequetur
1999 2898 2029 2933 ²²².
2051 2898 2099 2933 Et
2126 2897 2291 2934 similiter
2316 2897 2354 2934 in
2373 2909 2440 2934 nu-

1389 2950 1596 2986 meratione
1625 2957 1762 2997 motus,
1793 2962 1889 2999 quae
1918 2951 1960 2986 fit
1987 2962 2055 2998 per
2082 2956 2242 3008 tempus,
2272 2949 2309 2987 id
2338 2950 2441 2998 quod

1390 3003 1580 3050 distinguit
1606 3003 1710 3051 prius
1739 3009 1774 3039 et
1802 3003 1986 3061 posterius
2014 3003 2205 3062 temporis,
2237 3010 2290 3038 est
2317 3002 2440 3050 ipsum

1389 3067 1500 3101 nunc,
1530 3055 1635 3114 quod
1665 3062 1718 3091 est
1736 3055 1918 3091 terminus
1945 3055 2131 3103 praeteriti
2161 3062 2195 3091 et
2214 3054 2439 3103 principium

1390 3097 1512 3144 futuri.
1544 3108 1605 3143 Sic
1624 3107 1732 3155 igitur
1760 3119 1799 3143 se
1827 3108 1941 3143 habet
1963 3119 2062 3144 nunc
2091 3107 2139 3143 ad
2163 3115 2322 3155 tempus,
2348 3106 2441 3142 sicut

1389 3160 1530 3196 mobile
1551 3159 1599 3196 ad
1618 3167 1787 3196 motum:
1818 3170 1905 3207 ergo
1935 3159 2144 3196 secundum
2169 3165 2438 3195 commutatam

1388 3212 1695 3260 proportionem,
1735 3212 1828 3248 sicut
1860 3218 2007 3259 tempus
2042 3211 2089 3247 ad
2121 3218 2288 3256 motum,
2327 3209 2375 3245 ita
2404 3216 2440 3244 et

1389 3277 1490 3300 nunc
1518 3265 1566 3301 ad
1594 3263 1745 3300 mobile.
1784 3263 1894 3300 Unde
1927 3262 1955 3299 si
1989 3262 2126 3298 mobile
2159 3261 2197 3297 in
2225 3269 2302 3297 toto
2331 3268 2438 3297 motu

1392 3320 1446 3353 est
1474 3316 1575 3353 idern
1604 3316 1783 3362 subiecto,
1805 3315 1871 3351 sed
1895 3314 2016 3351 differt
2038 3315 2057 3335 3
2078 3314 2230 3359 ratione,
2252 3313 2443 3362 oportebit

1390 3369 1440 3404 ita
1468 3381 1550 3404 esse
1580 3375 1615 3404 et
1642 3368 1679 3404 in
1707 3379 1825 3413 nunc,
1856 3367 1958 3414 quod
1993 3365 2038 3402 sit
2070 3365 2170 3402 idem
2206 3365 2372 3401 subiecto
2403 3373 2438 3402 et

335 3527 361 3559 α)
382 3530 411 3551 ut
429 3525 456 3550 in
475 3524 528 3550 azio
542 3528 568 3550 et
586 3524 679 3549 alio.—
694 3527 724 3548 ut
735 3523 789 3548 alio
808 3526 834 3548 et
845 3523 898 3547 alio
917 3523 964 3555 pli,
979 3526 1008 3547 ut
1021 3522 1095 3546 aliud
1109 3526 1134 3546 et
1152 3522 1239 3546 aliud
1247 3522 1308 3546 Pab.
1317 3535 1335 3541 -·
1387 3526 1427 3547 est
1445 3523 1522 3552 idem,
1536 3527 1623 3548 contra
1641 3530 1658 3547 a
1672 3528 1696 3546 et
1715 3522 1785 3546 codi
1774 3529 1829 3551 es;
1849 3521 1894 3545 sed
1914 3520 1974 3545 haec
1993 3521 2086 3545 additio
2100 3527 2147 3544 nec
2165 3520 2230 3544 bene
2243 3520 2362 3545 cohaeret
2377 3529 2435 3546 cum

281 3563 331 3587 Pro
345 3562 456 3586 alterum
469 3563 496 3585 et
510 3567 560 3584 non
576 3559 653 3590 idem
666 3559 779 3583 alterum
798 3561 824 3582 et
841 3559 910 3582 alten
911 3565 955 3582 um
974 3557 1032 3581 edd.
1046 3557 1061 3581 b
1075 3562 1100 3581 et
1119 3556 1335 3588 νει-1001545.-

1387 3556 1426 3581 his
1445 3565 1512 3589 quae
1530 3558 1674 3582 immediate
1693 3562 1836 3588 sequuntur
1850 3556 1883 3580 Et
1897 3556 1944 3580 hoc
1959 3561 2013 3584 etc..
2029 3562 2075 3580 nec
2094 3555 2192 3580 videtur
2205 3555 2362 3587 necessaria;
2377 3557 2436 3588 quia

283 3597 345 3621 Post
364 3603 414 3621 non
435 3596 502 3620 idem
523 3595 557 3619 Pb
577 3595 647 3619 add-2
667 3594 713 3619 sed
737 3593 878 3618 secundum
903 3593 972 3624 quod
996 3592 1180 3617 consideratur
1206 3592 1231 3616 in
1250 3598 1277 3616 se
1296 3591 1333 3616 sic
1386 3592 1410 3616 in
1430 3591 1480 3616 fine
1499 3593 1598 3616 numeri
1618 3593 1654 3616 di
1648 3592 1705 3615 itur
1724 3591 1854 3623 quomodo
1873 3598 1941 3614 nunc
1959 3590 1991 3614 sit
2008 3573 2087 3614 idern.

1680 2271 1699 2291 3
1719 2269 1756 2306 111
1776 2270 1937 2316 theatro,
1968 2271 2034 2306 sed
2059 2270 2235 2306 Coriscus
2262 2278 2316 2306 est
2340 2282 2441 2306 nunc
2466 2284 2476 2294 ·

2465 1331 2549 1368 :idem
2564 1337 2610 1351 om.
2626 1331 2660 1352 rb.

2477 1357 2579 1377 ‘molum
2587 1357 2639 1378 add.
2648 1364 2675 1378 m:

2466 1389 2524 1403 ,uim
2539 1387 2560 1403 et
2575 1383 2618 1403 ab.

2465 1409 2567 1429 'motum
2578 1409 2630 1430 add.
2640 1416 2659 1430 n.

2491 2289 2542 2329 ZSSL’
2552 2289 2598 2303 om.
2613 2289 2640 2303 1⁵0

2468 2315 2482 2330 Π
2506 2325 2511 2329 .

2469 2905 2615 2931 'posterius
2641 2910 2678 2924 st·-

2468 2931 2547 2958 quitur
2562 2931 2611 2951 rab.

2466 3324 2474 3333 ²
2489 3323 2585 3352 differat
2600 3324 2634 3345 rb.
