2840 4004
320 264 358 288 VI

322 346 399 372 ceu
433 337 532 372 sunt
565 331 790 372 historicae
824 337 865 371 et
898 330 1131 385 dialogices
1165 329 1475 378 meditationes,
1506 334 1547 369 et
1574 329 1742 383 penitus
1777 342 1826 369 ea
1860 342 1971 382 quae
2000 336 2191 371 exactam
2225 339 2266 374 et
2290 348 2502 376 summam

322 393 584 448 diligentiam
622 405 709 432 non
742 392 980 446 postulant;
1016 398 1057 431 et
1090 392 1131 432 in
1165 405 1215 432 ea
1248 404 1358 444 quae
1394 390 1706 431 auscultatoria
1740 391 1992 444 appellabat,
2027 391 2135 431 inter
2157 405 2267 446 quae
2299 409 2502 449 praesens

320 455 513 495 tractatio
549 459 795 494 numeratur
832 472 844 488 ›
888 453 1182 507 (Simplicii
1215 452 1535 505 Commentaria
1567 452 1609 492 in
1644 452 1742 492 octo
1782 452 1914 492 libros
1953 452 2197 493 Aristotelis
2231 454 2284 495 de
2317 457 2501 510 Physico

320 515 498 555 Auditu.
533 515 725 555 Venetiis
761 514 875 568 apud
909 514 1224 568 Hieronymum
1258 514 1438 555 Scotum
1480 512 1631 567 1558).
2535 505 2545 511 ⁴

443 576 575 616 Liber
607 576 685 616 iste
718 575 770 616 de
792 576 977 630 physica
1023 575 1333 616 auscultatione
1364 575 1407 615 in
1440 588 1600 630 magno
1634 575 1770 629 pretio
1812 574 1926 629 apud
1960 575 2173 630 sapientes
2219 589 2389 631 semper
2426 578 2500 619 ha·-

319 637 432 678 bitus
465 637 551 685 fuit,
587 651 664 678 nec
696 637 815 677 facile
849 637 1041 678 invenies
1074 637 1146 691 qui
1180 649 1278 677 eum
1311 642 1470 677 attenta
1503 642 1643 676 mente
1683 642 1724 677 et
1756 636 1899 677 animo
1933 637 2200 691 praeiudiciis
2233 651 2371 678 vacuo
2405 651 2501 692 per-

320 698 487 753 legerit,
523 711 663 752 neque
697 699 870 738 miratus
903 699 957 739 sit
994 704 1153 752 quanta
1195 698 1387 738 doctrina
1428 697 1723 751 philosophica
1764 698 1818 738 sit
1849 698 2138 752 undequaque
2181 699 2367 740 refertus.
2409 717 2424 735 «
2454 701 2502 747 In

321 759 508 814 physicis
554 759 719 814 (inquit
760 760 984 814 Diogenes
1022 759 1216 799 Laertius
1257 759 1298 799 in
1335 759 1436 798 Vita
1478 758 1745 812 Aristotelis)
1789 759 2056 800 acutissimus
2104 761 2296 802 omnium
2342 759 2383 801 in
2427 776 2500 803 ex-

321 820 539 875 quirendis
573 834 713 861 rerum
748 821 885 861 causis
918 821 1014 869 suit,
1046 826 1095 860 ut
1129 820 1506 860 minutissimarum
1540 833 1714 874 quoque
1754 833 1893 861 rerum
1930 834 2079 861 causas
2112 821 2319 864 redderet.
2353 824 2502 877 Itaque

319 882 596 936 physicorum
630 882 1034 922 commentariorum
1067 881 1199 922 libros
1239 882 1405 935 scripsit
1443 895 1530 922 non
1572 895 1721 935 parum
1755 882 1924 923 multos.
1958 900 1972 919 »
2013 883 2077 923 Re
2111 883 2286 937 quidem
2324 898 2427 926 vera
2459 885 2501 926 in

319 944 403 984 hoc
437 956 566 997 opere
600 943 744 984 omnia
777 943 884 983 miro
927 943 1121 983 acumine
1161 957 1210 983 ac
1252 943 1391 983 solida
1432 943 1800 997 argumentatione
1843 949 2094 998 pertractata
2135 945 2348 994 invenies,
2389 954 2500 1001 qu'ae

320 1005 363 1045 in
402 1004 675 1059 philosophia
717 1005 866 1059 agitari
900 1005 1040 1045 solent
1082 1005 1191 1045 circa
1239 1018 1306 1045 res
1339 1005 1551 1045 naturales
1593 1004 1635 1044 in
1673 1005 1889 1045 communi
1934 1005 2235 1047 consideratas.
2281 1007 2502 1049 Scrutatur

322 1066 434 1107 enim
468 1071 616 1106 auctor
657 1066 792 1120 prima
824 1066 1042 1120 principia,
1079 1066 1235 1120 quibus
1278 1079 1344 1106 res
1385 1066 1596 1106 naturales
1629 1072 1905 1120 generantur,
1940 1067 2009 1107 vel
2044 1068 2377 1117 constituuntur;
2412 1070 2502 1125 agit

322 1127 375 1168 de
409 1133 558 1168 natura
593 1132 634 1167 et
667 1127 817 1175 causis,
854 1127 907 1168 de
941 1133 1073 1176 motu,
1099 1127 1152 1168 de
1185 1127 1362 1175 infinito,
1387 1127 1441 1167 de
1474 1127 1584 1176 loco,
1615 1127 1669 1167 de
1701 1141 1853 1176 vacuo,
1878 1127 1932 1168 de
1965 1134 2170 1182 tempore,
2196 1129 2249 1170 de
2273 1130 2499 1180 continuo;

320 1189 441 1243 plura
474 1189 687 1243 praeclare
722 1189 902 1243 explicat
939 1189 991 1229 de
1025 1189 1153 1236 variis
1187 1189 1412 1243 speciebus
1446 1188 1741 1237 mutationum,
1767 1189 1820 1229 de
1844 1195 2038 1230 motuum
2067 1190 2226 1231 unitate
2261 1197 2302 1231 et
2331 1198 2499 1232 contra-

321 1250 478 1298 rietate,
515 1250 569 1290 de
603 1250 923 1304 comparatione
957 1256 1164 1298 motuum,
1188 1264 1237 1290 ac
1271 1250 1325 1291 de
1359 1250 1677 1290 conditionibus
1710 1250 1765 1290 ad
1799 1257 1965 1291 motum
1989 1252 2219 1306 requisitis;
2253 1266 2302 1293 ac
2325 1253 2500 1294 demum

321 1311 506 1366 assurgit
544 1311 600 1351 ad
633 1311 901 1365 probandam
946 1311 1212 1352 existentiam
1247 1317 1287 1352 et
1320 1318 1512 1352 naturam
1558 1311 1719 1365 primae
1763 1325 1916 1352 causae
1959 1313 2152 1353 omnium
2194 1314 2499 1364 mutationum,

321 1386 475 1427 nempe
509 1373 564 1413 ad
599 1372 978 1413 demonstrandam
1014 1373 1282 1413 existentiam
1316 1373 1440 1413 unius
1473 1372 1595 1426 primi
1630 1372 1845 1412 moventis
1879 1372 2124 1413 immobilis.
2167 1374 2339 1414 Praeter
2370 1376 2503 1416 multa

321 1447 426 1490 ergo
462 1447 573 1488 quae
607 1434 734 1475 etiam
767 1434 822 1474 ad
855 1434 1190 1488 metaphysicam
1223 1434 1444 1487 pertinent,
1480 1433 1668 1472 continet
1690 1432 1756 1472 hic
1789 1432 1897 1472 liber
1918 1438 2053 1473 totam
2076 1433 2189 1474 illam
2211 1439 2375 1488 partem
2406 1435 2500 1490 phi-

321 1496 556 1550 losophiae,
593 1509 703 1549 quae
738 1509 849 1536 nunc
882 1495 1084 1549 appellari
1117 1495 1228 1535 solet
1260 1494 1302 1534 in
1335 1494 1492 1535 scholis
1531 1493 1806 1547 Cosmologia,
1844 1500 1886 1535 et
1918 1507 2028 1548 quae
2062 1495 2178 1549 prius
2211 1495 2503 1550 appellabatur

319 1558 506 1610 Physica
534 1556 766 1610 generalis.
1983 1581 1986 1584 .

447 1619 563 1659 Suos
587 1617 932 1658 Commentarios
966 1618 1008 1658 in
1042 1617 1196 1669 librum
1229 1616 1512 1670 Physicorum
1546 1616 1818 1656 elucubrasse
1851 1617 1907 1656 D.
1931 1616 2146 1657 Thomam
2180 1617 2222 1658 in
2255 1618 2374 1659 Italia
2402 1625 2502 1673 post

321 1693 480 1721 annum
521 1682 658 1728 1261,
703 1678 827 1720 refert
863 1673 1141 1719 Ptolomaeus
1180 1678 1388 1718 Lucensis
1431 1677 1473 1717 in
1516 1691 1594 1718 sua
1629 1678 1827 1718 Isistoria
1859 1677 2183 1726 Ecclesiastica,
2225 1679 2320 1720 Lib.
2355 1681 2498 1730 XXII,

322 1756 411 1796 cap.
428 1753 552 1782 XXIV:
587 1741 646 1781 ait
679 1741 791 1781 enim
825 1740 944 1794 quod
977 1746 1172 1794 tempore
1206 1739 1370 1781 Urbani
1403 1740 1486 1788 IV,
1529 1739 1724 1787 Thomas,
1760 1741 1906 1779 tenens
1934 1739 2125 1780 studium
2157 1741 2339 1789 Romae,
2375 1742 2506 1795 quasi

321 1807 454 1844 totam
478 1802 820 1857 philosophiam,
855 1803 944 1842 sive
975 1802 1183 1843 moralem
1214 1801 1304 1842 sive
1334 1800 1595 1848 naturalem,
1631 1801 1841 1855 exposuit,
1877 1803 1921 1841 et
1948 1801 1992 1841 in
2027 1802 2235 1855 scriptum
2267 1816 2343 1843 seu
2386 1816 2499 1844 com-

321 1867 510 1906 mentum
533 1864 706 1917 redegit.
741 1865 839 1904 Hoc
873 1869 1176 1911 commentum,
1213 1863 1266 1904 de
1300 1876 1388 1916 quo
1422 1875 1653 1916 nunquam,
1679 1862 1798 1916 quod
1830 1862 1975 1911 sciam,
2000 1862 2239 1904 dubitatum
2274 1870 2339 1905 est
2360 1877 2414 1904 an
2447 1865 2502 1906 sit

322 1926 535 1982 genuinus
569 1926 816 1966 s.Thomae
848 1925 999 1974 foetus,
1024 1931 1246 1966 recensent
1275 1937 1426 1965 omnes
1459 1924 1527 1964 alii
1561 1923 1723 1977 antiqui
1756 1924 2098 1965 nomenclatores
2133 1938 2311 1979 operum
2345 1925 2499 1979 ipsius:

325 1988 577 2029 Guillelmus
601 1987 654 2028 de
678 1988 850 2035 Tocco:
883 1988 1058 2041 scripsit
1081 1987 1210 2027 etiam
1230 1988 1363 2041 super
1375 1985 1698 2040 philosophiam
1727 1985 1972 2026 naturalem
2001 1989 2045 2026 et
2063 1986 2270 2027 moralem
2301 1990 2345 2028 et
2371 1990 2504 2041 super

324 2049 688 2103 metaphysicam‚·
720 2049 937 2089 Trivetus:
973 2049 1172 2103 exposuit
1200 2048 1330 2088 libros
1353 2047 1655 2101 philosophiae
1677 2047 1906 2101 plurimos,
1932 2049 2046 2100 puta
2065 2048 2338 2101 physicorum
2371 2049 2501 2090 libros

325 2114 414 2152 octo
436 2110 659 2165 complete,·
691 2110 957 2165 Logotheta:
990 2112 1123 2164 super
1141 2109 1298 2150 librum
1313 2109 1612 2163 physicorum:
1645 2110 1794 2149 Petrus
1817 2108 2053 2162 Rogerius:
2086 2111 2219 2163 super
2243 2109 2374 2150 libros
2385 2111 2500 2164 phy-

321 2173 535 2220 sicorum,·
569 2172 683 2212 idem
720 2172 963 2212 Bernardus
1004 2171 1216 2212 Guidonis
1251 2177 1292 2211 et
1324 2184 1356 2211 s,
1381 2170 1645 2218 Antoninus;
1679 2170 1920 2224 Pignonus:
1954 2170 2161 2223 scriptum
2201 2173 2334 2224 super
2372 2171 2502 2212 libros

312 2234 618 2289 physicorum,·
650 2234 993 2274 Valleoletanus:
1027 2234 1127 2274 item
1158 2235 1291 2287 super
1320 2235 1408 2272 octo
1441 2231 1571 2271 libros
1600 2231 1892 2284 physicorum.
1927 2230 2005 2284 (Cf.
2031 2231 2128 2272 Vol.
2153 2232 2186 2279 Ι,
2221 2232 2291 2272 De
2323 2231 2500 2280 Rubeis,

320 2296 658 2336 Dissertationes
691 2301 789 2343 etc.,
825 2295 1004 2335 Dissert.
1029 2295 1086 2343 II,
1122 2308 1155 2335 c.
1178 2295 1225 2348 1.)
1251 2317 1269 2324 -
1301 2292 1430 2334 Adde
1463 2292 1527 2332 his
1561 2292 1900 2346 quamplurimos
1940 2292 2111 2332 codices
2151 2305 2280 2332 manu
2318 2292 2500 2345 scriptos

322 2359 377 2398 D.
401 2358 598 2398 Thomae
631 2357 756 2396 aetati
791 2357 991 2410 aequales
1021 2357 1090 2396 vel
1123 2368 1347 2410 suppares,
1383 2354 1456 2408 qui
1490 2353 1616 2394 etiam
1650 2366 1761 2393 nunc
1800 2357 1944 2393 extant
1975 2353 2018 2392 in
2051 2352 2336 2401 bibliothecis,
2372 2359 2414 2393 et
2446 2352 2501 2394 de

323 2419 480 2473 quibus
515 2419 620 2458 infra
653 2418 729 2458 erit
761 2431 916 2458 sermo.

447 2480 717 2535 Augustinus
751 2480 918 2533 Niphus
953 2479 993 2519 in
1027 2478 1287 2533 praefatione
1334 2476 1389 2516 ad
1429 2489 1551 2516 suam
1593 2475 1982 2529 interpretationem
2023 2480 2065 2514 et
2106 2474 2418 2528 expositionem
2455 2475 2497 2516 in

323 2542 456 2583 libros
491 2547 589 2582 octo
625 2541 677 2581 de
710 2541 894 2594 Physico
929 2540 1094 2581 Auditu
1129 2539 1296 2593 (Venet.
1319 2537 1434 2591 apud
1459 2537 1743 2578 Octavianum
1767 2536 1946 2577 Scotum
1976 2535 2118 2593 1543),
2142 2542 2242 2590 post
2266 2537 2498 2578 recensitos

322 2616 503 2659 graecos
539 2608 896 2643 commentatores
930 2601 1287 2654 Theophrastum,
1323 2598 1617 2647 Themistium‚
1653 2597 1914 2646 Eudemum,
1949 2597 2251 2638 Alexandrum.
2276 2594 2495 2652 Aphrodi-

323 2666 451 2713 sium,
487 2664 785 2711 Ammonium‚
821 2662 1108 2716 Simplicium,
1154 2661 1463 2714 Philoponum,
1514 2659 1890 2713 Olympiadorum‚
1940 2664 1981 2698 et
2022 2658 2172 2699 arabes
2206 2659 2495 2708 Alfarabium‚

324 2728 584 2780 Avempace‚
621 2725 896 2771 Albumasar,
932 2723 1200 2763 Avicennam
1225 2727 1352 2775 atque
1386 2721 1649 2769 Averroem,
1685 2721 1737 2762 de
1771 2720 1909 2760 latinis
1943 2720 2260 2774 expositoribus
2302 2721 2497 2774 loquenS,

324 2788 431 2828 inter
469 2788 570 2834 hos,
605 2786 751 2839 inquit,
793 2802 807 2821 «
837 2785 1052 2825 Thomam
1085 2783 1347 2837 Aquinatem
1381 2788 1573 2823 nostrum
1607 2782 1819 2830 adinveni,
1844 2781 1910 2822 cui
1943 2781 2094 2822 merito
2127 2782 2218 2823 iura
2251 2781 2495 2836 exponendi

324 2861 530 2889 concessa
551 2853 660 2888 sunt.
685 2848 812 2887 Hunc
835 2846 1043 2886 habemus
1066 2859 1154 2885 non
1178 2844 1310 2885 modo
1345 2844 1386 2884 in
1409 2844 1473 2884 his
1503 2844 1688 2897 physicis
1723 2842 2166 2891 commentationibus,
2190 2842 2269 2883 sed
2292 2843 2334 2882 in
2357 2842 2496 2882 omni-

324 2911 406 2950 bus
439 2909 530 2949 aliis
564 2908 698 2948 fidum
733 2907 896 2955 ducem,
922 2907 988 2947 cui
1022 2907 1148 2947 etiam
1180 2919 1268 2946 non
1302 2906 1356 2946 ab
1390 2918 1434 2945 re
1468 2918 1625 2945 nomen
1648 2904 1900 2959 expositoris
1927 2903 2130 2944 tributum
2154 2909 2228 2945 est.
2261 2904 2349 2944 Isto
2384 2902 2497 2944 enim

324 2971 449 3026 (pace
482 2982 734 3025 graecorum
764 2969 1057 3023 expositorum
1081 2966 1283 3021 dixerim)
1307 2966 1523 3014 curiosior,
1548 2972 1620 3006 aut
1652 2966 1834 3013 uberior,
1859 2968 1932 3005 aut
1954 2964 2097 3018 (quod
2119 2978 2214 3005 raro
2238 2965 2321 3018 est)
2346 2964 2497 3005 clarior

325 3032 523 3072 inventus
547 3037 611 3072 est
642 3044 792 3071 nemo:
827 3030 941 3070 unde
977 3035 1125 3070 nostro
1159 3028 1316 3068 iudicio
1340 3027 1479 3068 omnis
1503 3027 1626 3075 Latii,
1651 3027 1877 3080 omnisque
1910 3026 2206 3080 philosophiae
2230 3025 2360 3066 decus
2381 3038 2496 3066 sem-

325 3106 401 3148 per
433 3092 656 3133 habendus
690 3098 764 3133 est.
789 3110 803 3128 »
843 3092 949 3131 Item
983 3091 1203 3144 Sylvester
1235 3091 1410 3130 Maurus
1444 3089 1498 3129 de
1533 3088 1846 3129 commentariis
1880 3088 1935 3128 D.
1959 3087 2153 3127 Thomae
2177 3087 2219 3127 in
2241 3087 2373 3127 libros
2397 3086 2496 3127 Ari-

325 3154 489 3195 stotelis
522 3167 708 3207 sequens
743 3152 986 3193 encomium
1018 3152 1210 3206 protulit:
1253 3168 1267 3187 <z
1289 3151 1477 3204 optimos
1511 3163 1686 3204 quoque
1720 3163 1773 3190 ex
1806 3148 2103 3202 interpretibus
2137 3148 2270 3189 secuti
2303 3148 2495 3202 (sumus),

327 3222 368 3256 et
400 3215 646 3270 praesertim
680 3220 873 3255 sanctum
907 3214 1133 3261 Thomam,
1169 3212 1241 3266 qui
1275 3212 1376 3266 quia
1408 3211 1580 3266 ingenio
1614 3211 1690 3252 fuit
1721 3210 1942 3251 Aristoteli
1971 3209 2220 3258 simillimus,
2247 3210 2303 3250 ita
2326 3210 2496 3251 Aristo-

325 3277 453 3317 telem
488 3277 686 3331 explicat,
721 3282 767 3316 ut
800 3289 887 3316 non
921 3275 1027 3315 alius
1061 3274 1361 3322 Aristotelem,
1395 3272 1473 3313 sed
1506 3273 1760 3313 Aristoteles
1793 3271 1981 3325 seipsum
2017 3271 2225 3325 explicare
2259 3271 2490 3312 videatur»

328 3338 471 3390 (Arist.
498 3351 638 3391 opera.
663 3339 788 3378 Tom.
813 3338 847 3386 I,
878 3349 1069 3392 prooem.
1105 3336 1236 3376 totius
1270 3335 1425 3389 operis,
1461 3348 1500 3374 n.
1531 3346 1595 3374 10.
1614 3357 1632 3364 -
1651 3335 1777 3374 Rom.
1810 3333 1955 3386 1668).

453 3459 633 3513 Egimus
667 3473 743 3512 pro
777 3460 883 3500 virili
917 3465 1035 3513 parte
1067 3464 1114 3499 ut
1149 3458 1274 3498 huius
1309 3457 1613 3498 Commentarii
1656 3457 1760 3497 haec
1782 3469 1914 3497 *nova
1953 3455 2083 3496 editio
2118 3467 2214 3495 cum
2244 3454 2387 3494 Piana
2418 3463 2493 3491 no-

329 3520 489 3560 bilitate
521 3523 564 3560 et
584 3522 858 3573 praestantia
891 3520 1140 3575 comparari
1159 3522 1313 3574 posset,
1338 3519 1381 3559 in
1404 3518 1648 3559 id.assidue
1682 3518 1869 3559 animum
1902 3516 2181 3563 intendentes,
2216 3519 2261 3554 ut
2292 3511 2495 3553 adhibitis

326 3581 457 3622 etiam
503 3581 691 3621 codicum
733 3594 865 3621 manu
905 3583 1160 3636 scriptorum
1202 3579 1420 3628 subsidiis,
1465 3582 1665 3620 accurate
1705 3577 1929 3619 emendata
1959 3577 2158 3631 prodiret
2186 3573 2294 3627 (vid.
2323 3573 2420 3613 Vol.
2453 3573 2471 3613 I
2483 3604 2492 3620 ,
