2898 3996
245 1018 254 1027 ·
271 1018 296 1037 et
312 1016 427 1038 moventia

244 1042 297 1064 add.
311 1048 335 1064 n.
362 1057 367 1062 .

246 1122 255 1131 ·
270 1120 341 1142 etiam
354 1119 422 1142 codd.
432 1123 454 1142 et

482 306 556 343 328

480 383 646 433 sequitur
683 394 727 418 ex
763 380 833 417 isto
871 375 1098 426 contingenti
1133 375 1345 424 supposito,
1379 374 1446 412 sed
1485 386 1530 411 ex

481 435 565 483 alio,
586 434 690 484 quod
717 439 865 481 oportet
901 443 983 468 esse
1010 427 1262 478 impossibile,
1293 438 1381 463 cum
1409 438 1455 463 ex
1483 438 1529 462 eo

479 485 712 536 impossibile
748 491 935 533 sequatur.
965 483 1014 519 Et
1041 482 1094 518 sic
1125 487 1227 529 patet
1259 478 1364 527 quod
1401 479 1439 515 in
1468 478 1532 537 de-

480 537 812 576 monstrationibus
840 536 887 573 ad
915 533 1145 583 impossibile
1174 531 1416 579 ducentibus,
1443 530 1533 567 mhxl

481 592 590 628 refert
603 596 614 611 ⁸
631 597 756 627 utrum
776 587 977 636 accipiatur
995 586 1130 623 falsum
1159 583 1378 631 contingens
1402 582 1533 620 adiun-

482 650 583 680 ctum
602 641 834 691 impossibili,
853 640 914 677 vel
932 650 1078 676 verum.
1100 636 1319 674 Ostenditur
1343 635 1444 672 enim
1463 635 1533 671 im-

479 694 658 744 possibile
678 706 758 731 esse
781 692 883 738 illud,
901 703 945 728 ex
963 703 1052 739 quo,
1074 702 1160 726 cum
1182 688 1423 747 adiunctione
1443 699 1532 724 eon-

480 746 652 795 tingentis
674 745 767 793 falsi,
788 743 953 793 sequitur
976 741 1219 791 impossibile,
1242 747 1337 777 Sicut
1355 752 1386 777 st
1411 752 1457 776 ex
1486 752 1532 777 eo

480 798 711 848 impossibile
743 803 971 845 sequeretur,
997 794 1172 832 adiuncto
1210 793 1380 841 quodam
1416 804 1532 830 vero:

481 851 568 900 quia
591 851 685 888 sicut
712 862 757 887 ex
784 861 876 887 vero
905 860 983 884 non
1009 854 1133 896 potest
1151 845 1260 894 sequi
1287 845 1532 894 impossibile,

479 904 530 941 ita
556 915 627 941 nec
645 915 691 940 ex
710 900 946 949 contingenti.

533 957 569 993 6.
599 955 675 993 Sed
698 961 821 1004 potest
843 951 976 1000 aliquis
995 951 1128 997 dicere,
1150 951 1255 999 quod
1273 962 1352 987 non
1371 957 1427 987 est
1446 962 1535 987 con-

480 1008 625 1056 tingens
658 1006 786 1044 omnia
817 1004 972 1042 mobilia
992 1006 1011 1023 '⁹
1033 1003 1263 1050 continuari;
1297 1003 1365 1040 sed
1392 1002 1534 1052 impos-

480 1060 585 1098 sibile
622 1067 677 1096 est
713 1057 921 1095 continuari
959 1057 1145 1093 elementa
1185 1056 1235 1093 ad
1270 1055 1460 1103 invicem,
1500 1062 1536 1092 et

481 1125 568 1149 curn
592 1113 611 1134 ²⁸
635 1111 853 1148 caelestibus
882 1108 1114 1158 corporibus.
1141 1108 1218 1146 Sed
1246 1107 1452 1146 dicendum
1480 1115 1536 1145 est

479 1164 582 1213 quod
610 1162 690 1200 alio*
702 1163 819 1200 modo
848 1161 1026 1210 accipitur
1050 1161 1270 1209 contingens
1299 1168 1336 1197 et
1362 1160 1535 1210 impossi-

479 1217 563 1263 bile,
585 1228 672 1253 cum
692 1216 972 1253 demonstratur
990 1213 1130 1262 aliquid
1155 1213 1202 1251 de
1221 1225 1372 1262 genere,
1393 1221 1429 1250 et
1448 1225 1535 1250 cum

480 1270 756 1306 demonstratur
773 1267 914 1316 aliquid
941 1266 987 1304 de
1007 1266 1143 1315 specie.
1174 1266 1274 1314 Quia
1303 1277 1390 1303 cum
1419 1265 1538 1315 agitur

531 1424 554 1460 ε)
574 1425 640 1450 ηιἹιίΙ
657 1426 748 1458 refert.
765 1438 784 1443 -
802 1424 839 1449 m'l
858 1423 939 1457 refert
953 1423 1014 1453 Pab,
1029 1423 1095 1448 nihil
1113 1422 1204 1458 differt
1220 1423 1343 1456 EGpKR.
1355 1422 1422 1448 -Ibi
1437 1423 1533 1456 impos-

1091 297 1435 336 PHYSICORUM
1460 296 1808 334 ARISTOTELIS
1837 296 1931 333 LIB.
1960 297 2030 334 VII

1587 373 1633 411 de
1661 373 1807 422 specie,
1833 381 1982 423 oportet
2009 374 2130 424 accipi
2156 382 2198 412 ut
2226 374 2460 425 impossibile
2491 389 2573 415 esse
2602 373 2644 415 il-'

1585 425 1651 462 lud
1670 425 1694 472 ζ,
1717 425 1777 462 cui
1795 433 1978 475 repugnat
2003 427 2066 464 vel
2094 439 2212 475 genus
2239 429 2302 465 vel
2329 429 2538 467 differentia
2561 443 2646 480 spe-

1587 477 1666 524 ciei,
1684 490 1729 515 ex
1744 478 1881 526 quibus
1900 478 1993 515 ratio
2014 480 2152 528 speciei
2172 480 2416 519 constituitur.
2436 482 2538 520 Cum
2550 494 2646 520 vero

1586 530 1707 578 agitur
1734 531 1782 568 de
1810 543 1967 579 genere,
1997 531 2177 581 accipitur
2202 539 2245 570 ut
2277 533 2497 582 contingens
2530 546 2647 573 omne

1586 582 1678 620 illud
1698 583 1757 620 cui
1775 595 1854 621 non
1873 591 2056 633 repugnat
2084 584 2177 622 ratio
2197 585 2354 634 generis,
2380 586 2466 623 licet
2484 586 2518 623 ei
2537 598 2648 636 repu-

1587 642 1675 683 gnet
1702 635 1911 673 differentia
1939 637 2168 675 constituens
2199 638 2385 687 speciem:
2414 638 2509 676 sicut
2535 638 2567 676 si
2593 639 2649 676 lo-

1588 699 1725 737 querer
1743 688 1791 725 de
1810 689 1973 736 animali,
1989 701 2144 739 possem
2164 690 2334 740 accipere
2353 698 2395 728 ut
2414 690 2647 740 contingens,

1589 740 1692 789 quod
1720 753 1837 778 omne
1864 741 2003 779 animal
2032 750 2129 780 esset
2146 743 2304 790 alatum3
2338 743 2407 781 sed
2434 743 2465 780 si
2492 743 2649 782 descen-

1589 793 1720 830 derem
1748 793 1796 831 ad
1832 793 2173 833 considerationem
2199 795 2385 843 hominis,
2414 795 2653 845 impossibile.

1589 852 1688 882 esset
1714 846 1790 883 hoc
1808 846 1948 884 animal
1976 859 2058 884 esse
2078 849 2229 886 alatum.
2256 849 2357 896 Quia
2379 848 2489 897 igitur
2505 848 2648 886 Aristo-

1588 898 1681 934 teles
1708 897 1770 935 hic
1792 898 1957 947 loquitur
1984 899 2032 937 de
2050 900 2255 938 mobilibus
2283 908 2320 938 et
2346 901 2592 939 moventibus
2609 901 2650 939 in

1590 950 1811 998 communi,
1845 951 2018 989 nondum
2055 953 2282 1002 applicando
2318 954 2368 992 ad
2402 953 2650 992 determinata

1589 1003 1764 1050 mobilia3
1795 1015 1877 1040 esse
1913 1011 2040 1042 autern
2069 1005 2289 1054 contiguum
2325 1007 2388 1044 vel
2425 1006 2649 1044 continuum

1589 1055 1848 1093 indifferenter
1883 1068 1924 1093 se
1951 1057 2067 1094 habet
2103 1058 2152 1095 ad
2179 1058 2366 1095 rationem
2394 1059 2584 1097 moventis
2611 1066 2650 1096 et

1590 1108 1758 1155 mobilis3
1780 1108 1867 1146 ideo
1887 1109 2032 1158 accepit
2046 1109 2067 1131 ¹⁸
2081 1117 2123 1146 ut
2141 1110 2373 1159 contingens,
2395 1111 2501 1160 quod
2519 1110 2651 1149 omnia
2675 1119 2686 1130 ⁹
2722 1160 2730 1168 .

1590 1161 1747 1198 mobilia
1774 1161 1847 1198 sint
1874 1161 2051 1199 continua
2087 1162 2136 1199 ad
2168 1163 2353 1201 invicem:
2387 1163 2492 1213 quod
2519 1171 2650 1202 tamen

1591 1221 1647 1250 est
1673 1213 1924 1262 impossibile,
1955 1214 1985 1251 si
2013 1214 2170 1252 mobilia
2206 1215 2491 1254 considerentur
2518 1226 2653 1254 secun-

1591 1266 1683 1303 dum
1711 1278 1799 1303 suas
1827 1274 1979 1304 naturas
2008 1267 2286 1306 determinatas.

1589 1423 1660 1456 quod
1678 1430 1733 1449 esse
1755 1424 1885 1456 corruptio
1905 1424 1938 1449 eit
1955 1431 2003 1456 pro
2021 1431 2098 1450 mnne
2117 1422 2206 1459 (quod
2224 1423 2320 1451 habent
2332 1424 2390 1460 alii)
2407 1429 2485 1458 prout

478 1460 551 1486 sibile
569 1467 623 1486 esse
642 1460 715 1490 illud,
735 1459 892 1492 impossibile
911 1459 976 1483 illud
994 1458 1308 1489 PACIKMNQTVXYab.
1325 1471 1344 1477 ·-
1362 1458 1413 1483 Pro
1430 1458 1499 1484 sicut
1511 1458 1535 1484 si
1589 1458 1690 1490 accidit3
1710 1459 1742 1484 cf.
1756 1458 1826 1484 enim
1844 1459 1910 1484 infra
1927 1459 2058 1492 accipitur
2076 1462 2106 1484 ut
2123 1459 2279 1494 contingens
2293 1467 2370 1486 omne
2388 1460 2462 1486 illud.
2479 1473 2500 1481 -
2516 1461 2553 1486 Ibi
2573 1460 2649 1496 diffo-

479 1502 517 1520 ex
534 1502 572 1524 eo,
591 1495 659 1520 sicut
677 1502 714 1519 ex
731 1502 761 1520 eo
779 1494 833 1519 Pab
852 1499 877 1519 et
895 1494 970 1518 codd.
989 1501 1041 1518 exc.
1060 1493 1271 1519 BDFHORZsG.

532 1530 558 1563 ζ)
576 1537 630 1556 esse
649 1530 722 1555 illud.
734 1529 801 1554 -lta
819 1530 907 1562 legunt
925 1529 979 1554 Pab
998 1533 1024 1554 et
1037 1529 1147 1554 maxima
1164 1536 1224 1562 pars
1239 1529 1328 1561 codd-5
1344 1529 1391 1554 sed
1405 1529 1534 1555 credimus

1589 1494 1676 1519 rentia
1696 1494 1858 1520 constituens
1875 1494 1996 1527 speciem,
2015 1494 2072 1520 Aah
2085 1499 2111 1520 et
2123 1494 2215 1520 Vener.
2237 1494 2311 1528 1504,
2335 1494 2399 1527 1545
2414 1503 2468 1521 om.
2482 1495 2650 1530 differentia,-

1586 1529 1679 1555 Venet.
1692 1534 1779 1554 autem
1797 1529 1860 1554 1551
1878 1534 1904 1555 et
1922 1533 2063 1563 sequentes
2082 1530 2140 1556 edd.
2154 1530 2272 1556 lamnam
2290 1530 2399 1564 implent
2416 1531 2537 1564 ponendo
2550 1531 2630 1558 ratio.
