2898 3996
1152 305 1262 341 CAP.
1293 304 1360 350 III,
1390 303 1540 339 LECT.
1569 303 1620 338 VI

2400 299 2472 335 383

1082 517 1378 574 LECTIO
1417 515 1699 571 SEXTA

494 673 783 707 REPROBATUR
808 670 1005 702 TERTIUM
1028 667 1246 700 MEMBRUM
1269 665 1493 697 DIVISIONIS
1516 665 1697 696 POSITAE
1721 665 1763 695 IN
1787 665 2009 696 SUPERIORI
2034 664 2252 695 LECTIONE
2270 682 2288 687 -

603 727 950 762 REASSUMUNTUR
973 724 1108 755 DICTA
1131 723 1174 753 ΙΝ
1198 723 1287 754 HAC
1311 723 1369 753 ET
1392 721 1542 752 PRAEC.
1567 721 1803 759 LECTIONE,
1828 722 1885 751 ET
1909 721 2186 752 OSTENDITUR

1100 780 1205 817 QUID
1229 779 1438 810 REMANET
1461 778 1688 809 DICENDUM

302 911 411 945 Ἀλλά.
433 909 499 954 μήν
526 903 603 939 οὐδὲ
627 905 676 944 τοὶ
702 904 761 947 μὲν
793 903 844 935 ἀεὶ
877 897 1054 946 ἐνδέχεται
1086 897 1231 945 ἠρεμεῖν,
1259 898 1307 932 τοὶ
1329 893 1359 929 δ’

378 955 427 987 ἀεὶ
458 949 638 990 κινεῖσθαι,
664 947 751 980 ποτὲ
775 942 805 978 δ’
833 946 964 990 ἠρεμεῖν
994 947 1052 976 καὶ
1084 945 1169 978 ποτε
1200 942 1362 975 κινεῖσθαι

374 992 489 1041 μηδέν.
523 992 670 1026 Λεκτέον
700 987 728 1022 δ’
758 989 811 1023 ὅτι
845 986 1034 1029 ἀδύνατον,
1065 988 1174 1032 ὥσπερ
1209 989 1262 1019 ἐπὶ
1296 987 1361 1018 τῶν

374 1038 551 1084 εἰρημένων
580 1036 765 1079 πρότερον,
794 1036 852 1067 καὶ
885 1031 939 1066 ἐπὶ
972 1032 1117 1065 τούτων·
1152 1033 1273 1076 ὁρῶμεν
1298 1030 1361 1076 γοὶρ

375 1086 429 1117 ἐπὶ
447 1084 512 1117 τῶν
534 1082 645 1114 αὐτῶν
663 1078 861 1135 γιγνομένας
881 1078 944 1115 τοὶς
961 1076 1134 1120 εἰρημένας
1151 1074 1361 1120 μεταβολάς·

308 1130 366 1162 καὶ
391 1127 471 1171 πρὸς
497 1125 632 1162 τούτοις
659 1125 712 1156 ὅτι
734 1122 887 1168 μάχεται
906 1126 975 1159 τοῖς
993 1124 1143 1165 φανεροῖς
1165 1121 1180 1151 ὁ
1200 1119 1364 1163 ἀμφισβη-

376 1174 455 1205 τῶν·
483 1171 562 1202 οὔτε
586 1169 650 1215 γοὶρ
676 1169 696 1204 ἠ
723 1167 859 1208 αὔξησις
887 1165 952 1198 οὔθ’
982 1167 1003 1202 ἠ
1029 1165 1134 1204 βίαιος
1154 1164 1252 1197 ἔσται
1274 1165 1364 1199 κίνη-

375 1228 436 1257 σις,
456 1216 484 1246 εἰ
508 1214 554 1259 μή
577 1212 755 1249 κινήσεται
781 1211 875 1255 παραὶ
898 1209 992 1252 φύσιν
1018 1205 1160 1253 ἠρεμοῦν
1187 1207 1360 1250 πρότερον.

375 1260 503 1292 Γένεσιν
529 1257 584 1289 οὖν
612 1255 740 1300 ἀναιρεῖ
762 1257 820 1286 καὶ
837 1253 958 1298 φθοράν
983 1253 1079 1290 οὖτος
1106 1253 1122 1284 ὁ
1144 1251 1256 1298 λόγος.
1284 1253 1366 1295 Σχε-

375 1299 443 1340 δὸν,
458 1298 496 1335 δὲ
519 1304 578 1333 καὶ
604 1301 644 1334 τὰ
668 1298 829 1331 κινεῖσθαι
859 1297 1009 1343 γίνεσθαί
1035 1309 1068 1330 τι
1091 1298 1149 1327 καὶ
1177 1296 1363 1339 φθείρεσθαι

377 1343 470 1379 δοκεῖ
504 1346 619 1377 πᾶσιν·
654 1345 699 1382 εἰς
730 1343 746 1375 ὃ
777 1342 836 1386 μὲν
867 1342 931 1388 γοὶρ
965 1340 1195 1386 μεταβάλλει,
1231 1342 1364 1385 γίνεται

378 1392 484 1423 τοῦτο
510 1388 530 1426 ἦ
557 1388 590 1421 ὲν
615 1387 742 1428 τούτῳ,
769 1386 803 1427 ἐξ
830 1386 866 1418 οὗ
891 1381 928 1417 δέ
952 1384 1175 1429 μεταβάλλει,
1196 1382 1363 1428 φθείρεται

378 1435 484 1468 τοῦτο
509 1432 530 1470 ἧ
556 1431 720 1464 ἐντεῦθεν.
740 1429 842 1463 ’Ὦστε
867 1425 969 1466 δῆλον
997 1428 1049 1462 ὅτι
1066 1428 1114 1461 τοὶ
1129 1428 1187 1473 μὲν
1209 1431 1363 1468 κινεῖται,

378 1478 426 1511 τοὶ
447 1473 476 1510 δ’
504 1477 619 1522 ἠρεμεῖ
642 1474 762 1507 ἐνίοτε.

312 1522 357 1555 Τὸ
381 1517 419 1554 δὲ
444 1522 561 1554 πάντα
588 1519 701 1560 ἀξιοῦν
727 1517 786 1550 ὁτὲ
809 1517 867 1561 μὲν
893 1517 1023 1560 ἠρεμεῖν
1051 1516 1111 1548 ὁτὲ
1127 1511 1172 1547 δὲ’
1188 1514 1363 1556 κινεῖσθαι,

380 1566 473 1599 τοῦτ’
502 1560 566 1602 ἠδη
593 1562 782 1596 συναπτὲον
808 1561 990 1606 πρὸς·τοΰς
1017 1560 1126 1592 πάλαι
1148 1559 1282 1605 λόγους.

305 1610 432 1655 Ἀρχὴν
457 1604 495 1641 δὲ
519 1608 620 1640 πάλιν
654 1605 814 1644 ποιητέον
849 1606 916 1637 ἀπὸ
943 1606 1009 1636 τῶν
1034 1605 1089 1635 νῦν
1118 1600 1363 1647 διορισθέντων,

378 1653 441 1690 τήν
467 1650 577 1688 αὐτὴν
610 1651 711 1694 ἥνπερ
745 1648 919 1693 ἠρξάμεθα
948 1648 1122 1692 πρότερον.
1152 1647 1198 1679 ’Ὴ
1222 1645 1286 1693 γάρ
1312 1658 1365 1679 τοι

378 1697 496 1729 πάντα
521 1694 647 1739 ἠρεμεῖ,
675 1694 695 1731 ἦ
722 1693 840 1726 πάντα
864 1697 1022 1733 κινεῖται,
1049 1690 1070 1728 ἦ
1096 1692 1143 1724 τοὶ
1166 1691 1225 1735 μέν
1253 1691 1369 1735 ἠρεμεῖ

378 1741 426 1774 τοὶ
450 1737 486 1772 δὲ
509 1743 654 1771 κινεῖται
679 1739 745 1771 τῶν
774 1736 890 1769 ὄντων.
917 1738 984 1768 Καὶ
1001 1736 1028 1766 εἰ
1045 1735 1092 1767 τοὶ
1109 1736 1167 1790 μὲν
1186 1735 1301 1779 ἠρεμεῖ
1321 1735 1368 1767 τοὶ

377 1782 415 1817 δὲ
438 1788 601 1824 κινεῖται,
639 1782 769 1828 ἀνάγκη
803 1781 881 1817 ἦτοι
914 1779 1031 1813 πάντα
1063 1780 1120 1811 ὅτε
1150 1780 1209 1823 μέν
1235 1779 1366 1821 ἠρεμεῖν

380 1829 439 1861 ὁτὲ
463 1824 500 1859 δὲ
530 1826 712 1865 κινεῖσθαι,
739 1824 760 1862 ἦ
785 1825 833 1857 τοὶ
855 1824 913 1868 μὲν
942 1822 990 1856 ἀεὶ
1023 1820 1154 1867 ἠρεμεῖν
1179 1823 1227 1855 τοὶ
1250 1820 1287 1855 δὲ
1314 1822 1365 1855 ἀεὶ

377 1871 537 1904 κινεῖσθαι
563 1871 676 1903 αὐτῶν
694 1871 707 1883 ⁴*
731 1869 778 1902 τοὶ
800 1865 828 1900 δ’
851 1868 909 1900 ὁτὲ
933 1868 992 1911 μὲν
1018 1867 1151 1910 ἠρεμεῖν
1179 1868 1236 1900 ὁτὲ
1260 1863 1298 1899 δὲ
1318 1878 1366 1898 κι-

378 1914 516 1947 νεῖσθαι.

301 1990 380 2024 ’Ότι
405 1989 462 2034 μὲν
488 1990 598 2021 τοίνυν
623 1987 686 2032 οὐχ
711 1985 820 2019 οἷόντε
846 1986 964 2018 ποίντα
989 1986 1134 2030 ἠρεμεῖν,
1153 1987 1285 2029 εἴρηται
1307 1985 1365 2029 μὲν

375 2035 435 2066 καὶ
460 2031 636 2076 πρότερον,
654 2034 797 2074 εἴπωμεν
824 2025 861 2062 δὲ
884 2032 943 2062 καὶ
967 2032 1035 2062 νῦν.
1062 2030 1101 2061 Εἰ
1120 2029 1184 2075 γαρ
1201 2032 1258 2061 καὶ
1283 2030 1362 2062 κατ’

379 2075 542 2114 ἀλήθειαν
567 2075 674 2113 οὕτως
699 2075 787 2119 ἕχει,
813 2073 966 2118 καθάπερ
998 2076 1077 2118 φασί
1104 2085 1190 2111 τινες
1215 2071 1299 2105 εἶναι
1324 2074 1366 2106 τὸ

379 2121 413 2153 ὃν
433 2117 568 2164 ἄπειρον
584 2121 642 2151 καὶ
662 2120 834 2158 ἀκίνητον,
855 2115 926 2150 ἀλλ’
949 2118 1023 2150 οὔτι
1042 2120 1199 2160 φαίνεταί
1217 2130 1255 2163 γε
1272 2118 1368 2150 κατοὶ

380 2164 442 2201 τήν
469 2163 633 2204 αἴσθησιν,
657 2162 746 2196 ἀλλὰ
769 2165 914 2194 κινεῖται
940 2161 1053 2194 πολλοὶ
1076 2162 1142 2193 τῶν
1170 2161 1290 2193 ὄντων.
1315 2163 1370 2192 Εἴ-

380 2221 439 2252 περ
466 2206 521 2240 οὗν
548 2208 619 2239 ἐστὶ
645 2203 730 2246 δόξα
755 2200 875 2248 ψευδής
901 2204 922 2242 ἦ
949 2204 1030 2242 ὅλως
1047 2200 1144 2246 δόξα,
1161 2207 1218 2236 καὶ
1242 2207 1366 2242 κίνησίς

379 2250 466 2293 ἐστι,
491 2250 553 2283 κᾶν
579 2252 606 2282 εἰ
631 2252 819 2294 φαντασία,
837 2249 899 2281 κᾶν
925 2250 953 2280 εἱ
978 2249 1036 2282 ὀτέ
1061 2249 1119 2292 μὲν
1146 2248 1251 2285 οὕτως
1277 2246 1370 2280 δοκεῖ·

379 2293 464 2328 εἶναι
490 2296 548 2328 ὁτὲ
572 2290 600 2326 δ’
630 2293 763 2335 ἑτέρως·
794 2295 814 2330 ἠ
843 2294 907 2339 γαρ
939 2295 1112 2337 φαντασία
1139 2295 1196 2324 καὶ
1230 2293 1250 2329 ἠ
1282 2289 1368 2333 δόξα

379 2339 524 2377 κινήσεις
558 2339 646 2376 τινὲς
678 2336 761 2370 εἶναι
792 2333 958 2369 δοκοῦσιν.
993 2337 1102 2368 Ἀλλοί
1131 2337 1171 2369 τό
1203 2337 1262 2381 μὲν
1295 2339 1367 2379 περὶ

381 2383 506 2416 τούτου
530 2387 679 2423 σκοπεῖν,
698 2383 756 2414 καὶ
779 2382 891 2423 ζητεῖν
915 2380 1015 2427 λόγον
1033 2380 1075 2412 ὦν
1094 2380 1227 2421 βέλτιον
1250 2380 1367 2425 ἔχομεν

381 2426 401 2463 ἦ
426 2427 527 2473 λόγου
552 2422 695 2467 δεῖσθαι,
713 2427 821 2463 κακῶς
845 2428 962 2470 κρίνειν
989 2425 1060 2458 ἐστὶ
1085 2425 1127 2457 τὸ
1152 2425 1285 2465 βέλτιον
1310 2427 1368 2456 καὶ

380 2471 421 2504 τὸ
470 2475 573 2515 εῖρον,
603 2472 661 2502 καὶ
687 2470 727 2502 τὸ
753 2470 873 2502 πιστὸν
905 2471 961 2500 καὶ
991 2469 1031 2501 τὸ
1060 2468 1106 2512 μή
1137 2468 1277 2508 πιστόν,
1309 2470 1367 2500 καὶ

382 2516 487 2559 ἀρχην
511 2516 570 2555 καὶ
594 2515 641 2558 μή
668 2513 786 2559 ἀρχήν.

307 2560 447 2603 Ὁμοίως
468 2554 506 2590 δὲ
529 2558 700 2591 ἀδύνατον
724 2559 782 2589 καὶ
807 2557 848 2589 τὸ
873 2555 991 2589 ποίντα
1014 2555 1188 2597 κινεῖσθαι,
1208 2554 1228 2592 ἦ
1246 2557 1293 2588 τοὶ
1309 2556 1367 2600 μὲν

381 2604 433 2636 ἀεὶ
456 2602 618 2634 κινεῖσθαι
649 2602 697 2634 τοὶ
719 2599 750 2633 δ’
779 2601 828 2633 ἀεὶ
854 2601 999 2644 ἠρεμεῖν·
1026 2602 1106 2645 πρὸς
1139 2600 1280 2633 ἅπαντα
1304 2601 1368 2646 γάρ

381 2647 499 2680 ταῦτα
524 2646 623 2683 ἱκανή
648 2648 710 2689 μία
734 2647 860 2682 πίστις·
889 2646 1010 2688 ὁρῶμεν
1035 2645 1099 2690 γοὶρ
1126 2644 1196 2676 ἐ’νια
1222 2644 1280 2676 ὁτὲ
1309 2645 1367 2687 μὲν

378 2689 558 2734 κινούμενα
584 2689 643 2722 ὁτὲ
667 2685 697 2721 δ’
718 2689 921 2733 ἠρεμοῦντα.
941 2688 1043 2721 ’Ὥστε
1061 2689 1199 2732 φανερὸν
1219 2687 1272 2721 ὅτι
1291 2685 1371 2721 ἀδύ-

381 2745 484 2766 νατον
511 2735 629 2778 ὁμοίως
654 2733 695 2765 τὸ
720 2732 838 2765 πάντα
870 2731 1000 2776 ἠρεμεῖν
1025 2734 1082 2764 καὶ
1107 2733 1149 2765 τό
1175 2732 1292 2764 πάντα
1321 2745 1369 2764 κι-

380 2777 507 2810 νεῖσθαι
531 2777 689 2821 συνεχῶς,
709 2777 758 2818 τῷ
778 2777 826 2809 τοὶ
842 2777 909 2820 μὲν,
924 2777 974 2808 ἀεὶ
994 2775 1153 2808 κινεῖσθαι
1178 2777 1225 2809 τοὶ
1248 2772 1276 2807 δ’
1297 2777 1369 2821 ἠρε-

382 2826 453 2866 μεῖν
480 2820 544 2853 ἀεί.

316 2908 442 2942 Λοιπὸν
471 2907 524 2940 οὖν
551 2907 715 2950 θεωρῆσαι
745 2906 887 2951 πότερον
913 2906 1030 2939 πάντα
1063 2908 1213 2939 τοιαῦτα
1239 2908 1294 2939 οἱα
1322 2919 1371 2939 κι-

382 2952 509 2985 νεῖσθαι
532 2953 590 2983 καὶ
615 2949 760 2995 ἠρεμεῖν,
790 2950 811 2987 ἠ
837 2952 907 2983 ἔνια
933 2950 990 2994 μὲν
1018 2949 1136 2991 οὕτως,
1164 2951 1235 2982 ἔνια
1259 2946 1287 2982 δ’
1319 2952 1370 2984 ἀεὶ

383 2997 516 3039 ἠρεμεῖ,
555 2996 626 3028 ἐ’νια
658 2991 687 3026 δ’
718 2992 767 3027 ἀεὶ
799 2999 955 3027 κινεῖται·
986 2995 1091 3026 τοῦτο
1123 2995 1186 3041 γάρ
1218 2991 1368 3028 δεικτέον

383 3041 473 3083 ἠμΐν.

371 3135 517 3163 SYNOPSIS.
535 3150 569 3155 —
589 3144 612 3163 1.
628 3135 807 3170 Reprobatur
827 3134 941 3162 tertium
962 3135 1123 3162 membrum
1145 3134 1290 3163 divisionis
1315 3144 1369 3171 po-

318 3174 388 3202 sitae
403 3174 482 3209 (lect.
497 3183 590 3210 praec.
613 3183 641 3202 n.
658 3175 701 3209 2):
717 3183 820 3210 nempe
835 3174 915 3210 quod
929 3173 1005 3202 entia
1019 3174 1182 3202 dividuntur
1196 3174 1226 3202 in
1240 3175 1310 3202 duas
1325 3174 1367 3202 di-

319 3212 490 3250 spositiones
504 3219 624 3248 tantum,
633 3213 672 3241 ita
684 3214 763 3250 quod
777 3214 918 3249 quaedam
933 3222 1045 3249 semper
1059 3213 1215 3250 quiescant,
1227 3214 1368 3250 quaedam

316 3261 431 3288 semper
451 3258 628 3280 moveantur.
650 3253 686 3280 Et
702 3253 799 3289 primo
814 3261 847 3280 ex
869 3261 904 3280 eo
919 3253 998 3288 quod
1014 3253 1084 3280 haec
1103 3252 1208 3288 positio
1229 3259 1369 3289 repugnat

320 3290 425 3320 sensui.
441 3290 578 3318 Videmus
599 3291 676 3319 enim
690 3292 727 3319 ad
741 3300 856 3319 sensum
871 3291 931 3318 fieri
945 3291 975 3318 in
988 3300 1048 3319 uno
1063 3297 1091 3318 et
1111 3292 1214 3319 eodem
1235 3291 1368 3319 mutatio-

318 3339 379 3365 nes,
395 3339 446 3358 seu
459 3330 630 3358 variationes
644 3331 679 3358 de
693 3336 773 3358 motu
788 3330 817 3357 in
832 3330 965 3366 quietem,
976 3336 1003 3357 et
1017 3331 1052 3357 de
1067 3329 1160 3366 quiete
1175 3330 1204 3357 in
1218 3336 1340 3358 motum.
1350 3347 1368 3351 -

320 3377 347 3397 2.
370 3369 501 3397 Secundo
522 3369 589 3404 quia
615 3375 754 3405 repugnat
777 3369 810 3396 iis
832 3377 904 3405 quae
933 3374 998 3396 sunt
1025 3368 1174 3396 manifesta
1200 3369 1230 3396 in
1251 3375 1367 3397 natura:

319 3417 386 3436 nam
410 3408 456 3436 illa
481 3408 585 3443 positio
606 3407 679 3435 tollit
700 3414 811 3435 motum
839 3407 999 3444 augmenti,
1028 3414 1140 3435 motum
1166 3408 1286 3435 localem
1308 3408 1368 3436 vio-

319 3448 443 3482 lentum,
466 3453 578 3474 motum
598 3446 788 3483 generationis
809 3452 836 3474 et
857 3446 1057 3482 corruptionis,
1073 3452 1099 3474 et
1119 3455 1170 3482 per
1190 3455 1368 3483 consequens

320 3495 437 3514 omnem
459 3492 579 3514 motum.
595 3502 612 3507 -
629 3486 654 3513 3.
670 3486 776 3513 Textus
797 3485 908 3513 divisio.
923 3502 942 3506 -
956 3485 1055 3513 Dicere
1070 3486 1149 3521 quod
1166 3485 1264 3513 omnia
1277 3495 1368 3522 quan-

320 3527 417 3562 doque
438 3525 589 3562 quiescunt
610 3531 636 3552 et
653 3525 827 3561 quandoque
842 3531 1001 3559 moventur,
1017 3524 1127 3552 videtur
1140 3524 1291 3560 praecipue
1306 3534 1368 3560 per-

319 3565 409 3592 tinere
430 3565 467 3592 ad
494 3564 661 3600 opinionem
687 3563 869 3600 Empedoclis
891 3564 941 3598 (cf.
964 3564 1026 3591 lect.
1041 3565 1099 3598 111).
1117 3580 1135 3584 -
1155 3573 1183 3598 4.
1206 3563 1367 3591 Subdivisio

318 3609 419 3632 textus.
435 3620 454 3625 —
474 3604 520 3631 Ad
541 3603 681 3631 maiorem
703 3602 960 3631 manifestationem
981 3611 1081 3630 eorum
1107 3611 1180 3639 quae
1201 3609 1367 3639 sequuntur,

1417 897 1435 915 '²‘
1451 900 1493 928 At
1515 908 1589 928 vero
1613 907 1716 938 neque
1739 898 1798 928 alia
1821 898 1951 938 quidem
1974 908 2097 938 semper
2121 897 2272 937 contingit
2294 897 2472 938 quiescere,

1485 942 1543 972 alia
1565 951 1643 973 vero
1672 951 1795 981 semper
1823 942 1960 980 moveri,
1984 942 2154 981 aliquando
2184 947 2290 971 autem
2316 941 2474 980 quiescere

1485 992 1514 1015 et
1528 985 1696 1025 aliquando
1716 985 1836 1015 moveri
1851 986 1985 1015 nullum.
2011 986 2189 1015 Dicendum
2205 991 2251 1015 est
2266 991 2373 1014 autem
2387 984 2475 1024 quod

1483 1028 1677 1067 impossibile
1697 1028 1745 1066 sit,
1770 1029 1850 1059 sicut
1873 1036 1903 1059 et
1924 1029 1957 1058 in
1980 1028 2068 1059 dictis
2092 1028 2178 1068 prius
2202 1035 2232 1058 et
2254 1028 2287 1057 in
2302 1027 2366 1058 his:
2391 1027 2474 1057 vide-

1484 1081 1556 1101 mus
1580 1071 1664 1101 enim
1687 1072 1720 1101 in
1743 1072 1861 1102 eisdem
1883 1071 1949 1102 fieri
1973 1072 2068 1102 dictas
2088 1071 2288 1102 mutationes.

1418 1115 1459 1145 Et
1481 1115 1583 1144 adhuc
1607 1115 1682 1154 quia
1704 1122 1868 1154 oppugnat
1890 1115 2061 1146 manifestis
2085 1116 2239 1145 dubitans.
2263 1115 2375 1155 Neque
2391 1114 2476 1144 enim

1484 1164 1707 1197 augmentum;
1724 1168 1827 1198 neque
1842 1158 1998 1189 violentus
2018 1159 2074 1189 erit
2092 1166 2210 1197 motus,
2223 1158 2282 1188 nisi
2298 1158 2476 1188 movebitur

1485 1208 1568 1232 extra
1586 1208 1731 1232 naturam
1750 1202 1912 1241 quiescens
1936 1202 2032 1242 prius.
2058 1202 2299 1233 Generationem
2322 1202 2415 1241 igitur
2430 1211 2475 1231 re-

1484 1251 1592 1275 movet
1615 1251 1645 1275 et
1660 1245 1896 1285 corruptionem
1919 1245 1995 1275 haec
2018 1246 2107 1276 ratio.
2130 1246 2207 1276 Fere
2231 1253 2336 1276 autem
2360 1252 2389 1275 et
2407 1255 2476 1275 mo-

1485 1288 1549 1319 veri
1578 1288 1643 1318 fieri
1668 1289 1831 1329 quoddam
1859 1296 1889 1319 et
1912 1289 2072 1328 corrumpi
2102 1289 2224 1319 videtur
2254 1289 2419 1319 omnibus:
2443 1289 2476 1318 in

1485 1332 1574 1373 quod
1589 1332 1719 1372 quidem
1735 1332 1820 1362 enim
1833 1339 1983 1370 mutatur,
2000 1332 2034 1363 fit
2050 1333 2111 1362 hoc
2127 1339 2180 1362 aut
2198 1333 2230 1362 in
2249 1333 2329 1370 hoc;
2353 1342 2389 1362 ex
2411 1342 2476 1372 quo

1485 1382 1592 1406 autern
1614 1382 1764 1414 mutatur,
1789 1376 1999 1416 corrumpitur
2022 1376 2083 1406 hoc
2107 1383 2160 1406 aut
2183 1377 2220 1406 ab
2237 1376 2319 1406 hinc.
2339 1376 2356 1394 *
2373 1376 2477 1412 Quare

1485 1419 1689 1450 manifestum
1712 1426 1758 1450 est
1780 1420 1869 1460 quod
1891 1420 1950 1450 alia
1973 1419 2103 1460 quidem
2126 1426 2304 1458 moventur,
2329 1419 2388 1449 alia
2402 1429 2477 1449 vero

1487 1463 1653 1505 quiescunt
1678 1463 1858 1504 aliquando.

1420 1507 1539 1538 Omnia
1561 1513 1667 1537 autem
1690 1507 1769 1537 velle
1789 1507 1959 1547 aliquando
1976 1507 2106 1547 quidem
2121 1507 2290 1547 quiescere,
2307 1507 2477 1547 aliquando

1487 1557 1593 1581 autem
1605 1550 1735 1589 moveri,
1746 1550 1808 1580 hoc
1821 1550 1885 1580 iam
1896 1551 2112 1590 copulandum
2124 1551 2163 1581 ad
2175 1550 2318 1591 antiquas
2331 1550 2477 1580 rationes.

1420 1594 1615 1634 Principium
1638 1601 1744 1624 autern
1766 1594 1882 1624 iterum
1906 1594 2085 1625 faciendum
2107 1604 2125 1624 a
2148 1604 2232 1624 nunc
2256 1594 2478 1632 determinatis,

1487 1648 1506 1668 a
1521 1647 1586 1678 quo
1602 1638 1732 1678 quidem
1747 1638 1922 1678 incepimus
1938 1638 2035 1678 prius.
2052 1638 2069 1656 *
2084 1641 2149 1668 Aut
2168 1638 2252 1668 enim
2269 1638 2376 1668 omnia
2391 1637 2479 1678 quie-

1488 1688 1594 1720 scunt;
1611 1688 1665 1712 aut
1681 1682 1788 1711 omnia
1803 1689 1986 1720 moventur;
2002 1688 2057 1712 aut
2070 1682 2146 1712 haec
2158 1682 2287 1722 quidem
2302 1682 2478 1722 quiescunt,

1487 1726 1563 1755 haec
1579 1732 1686 1755 autem
1704 1732 1872 1756 moventur
1896 1735 2007 1756 eorum
2030 1736 2111 1766 quae
2135 1732 2217 1756 sunt.
2241 1726 2282 1756 Et
2297 1726 2322 1755 si
2338 1726 2396 1756 alia
2411 1725 2479 1765 qui—

1489 1769 1561 1798 dem
1584 1769 1763 1809 quiescunt,
1788 1769 1847 1799 alia
1870 1779 1944 1799 vero
1967 1776 2136 1799 moventur
2158 1779 2270 1799 eorum
2291 1780 2372 1810 quae
2395 1775 2479 1807 sunt,

1488 1821 1613 1842 necesse
1643 1819 1689 1842 est
1720 1819 1774 1842 aut
1805 1813 1913 1842 omnia
1943 1813 2112 1853 aliquando
2143 1813 2272 1854 quidem
2302 1814 2479 1854 quiescere,

1488 1855 1658 1896 aliquando
1675 1866 1750 1886 vero
1766 1856 1886 1886 moveri
1893 1864 1902 1894 ;
1927 1865 1981 1887 aut
1996 1857 2152 1897 quaedam
2169 1867 2291 1897 semper
2310 1858 2478 1898 quiescere,

1488 1899 1547 1929 alia
1571 1909 1645 1929 vero
1669 1900 1789 1929 moveri
1812 1900 1973 1940 ipsorum,
2005 1907 2059 1931 aut
2086 1901 2146 1930 alia
2176 1907 2282 1931 autem
2310 1902 2480 1942 aliquando

1488 1943 1619 1983 quidem
1642 1943 1813 1983 quiescere,
1837 1944 1897 1974 alia
1919 1954 1993 1974 vero
2018 1945 2187 1985 aliquando
2211 1945 2341 1975 moveri.

1422 1987 1520 2024 Quod
1543 1987 1673 2027 quidem
1695 1987 1790 2026 igitur
1812 1997 1877 2017 non
1894 1988 2042 2028 possibile
2065 1988 2104 2018 sit
2118 1988 2226 2018 omnia
2241 1988 2409 2029 quiescere,
2433 1989 2480 2019 di-

1489 2037 1576 2061 ctum
1592 2037 1637 2061 est
1652 2031 1754 2070 prius:
1775 2031 1915 2062 dicamus
1935 2039 2042 2062 autem
2058 2039 2087 2063 et
2105 2042 2199 2063 nunc.
2218 2033 2250 2062 Si
2269 2033 2353 2063 enim
2370 2043 2480 2063 secun-

1490 2075 1568 2105 dum
1589 2075 1751 2105 veritatem
1774 2075 1818 2105 sic
1841 2085 1873 2105 se
1891 2076 1995 2114 habet,
2019 2076 2098 2106 sicut
2121 2076 2251 2116 quidam
2271 2077 2390 2115 dicunt,
2416 2087 2481 2106 esse

1488 2118 1521 2148 id
1544 2119 1632 2159 quod
1656 2126 1701 2149 est
1730 2118 1891 2150 infinitum
1915 2126 1944 2150 et
1971 2120 2153 2150 immobile:
2183 2120 2237 2150 sed
2266 2130 2332 2150 non
2359 2121 2482 2151 videtur

1490 2162 1609 2202 aliquid
1625 2163 1801 2193 secundum
1824 2173 1963 2202 sensum,
1987 2165 2042 2194 sed
2060 2171 2228 2194 moventur
2246 2165 2346 2195 multa
2370 2175 2481 2195 eorum

1489 2215 1570 2246 quae
1589 2213 1671 2236 sunt.
1689 2206 1722 2236 Si
1737 2206 1831 2247 igitur
1847 2207 1957 2247 opinio
1975 2215 2020 2238 est
2039 2208 2126 2246 falsa,
2142 2215 2197 2238 aut
2211 2209 2343 2238 omnino
2359 2209 2480 2248 opinio,

1489 2256 1520 2279 et
1535 2255 1642 2279 motus
1658 2257 1721 2288 est;
1745 2257 1775 2280 et
1796 2251 1906 2291 utique
1929 2251 1955 2281 si
1970 2252 2132 2291 phantasia
2148 2252 2200 2290 sit3
2218 2259 2249 2282 et
2267 2252 2291 2282 si
2311 2253 2480 2293 aliquando

1489 2293 1616 2333 quidem
1638 2293 1680 2323 sic
1695 2293 1838 2324 videatur
1853 2304 1930 2333 esse,
1954 2295 2124 2336 aliquando
2140 2302 2246 2326 autem
2266 2297 2361 2327 aliter.
2382 2297 2482 2327 Phan-

1489 2336 1566 2367 tasia
1589 2337 1719 2377 quidem
1734 2337 1819 2367 e‘nim
1838 2344 1868 2368 et
1884 2339 1994 2378 opinio
2013 2346 2120 2370 motus
2139 2340 2269 2380 quidam
2293 2350 2359 2371 esse
2374 2340 2480 2370 viden—

1489 2387 1550 2411 tur.
1574 2381 1635 2410 Sed
1651 2381 1689 2410 de
1705 2381 1766 2411 hoc
1789 2382 1919 2421 quidem
1934 2383 2104 2422 intendere,
2121 2390 2150 2413 et
2165 2394 2312 2424 quaerere
2327 2385 2481 2415 rationem

1490 2434 1629 2465 quorum
1652 2424 1777 2464 dignius
1792 2425 1945 2456 habemus
1972 2437 2068 2467 quam
2089 2427 2208 2458 ratione
2227 2427 2375 2468 indigere,
2400 2429 2480 2458 male

1490 2468 1626 2498 iudicare
1643 2475 1688 2499 est
1710 2469 1742 2498 id
1761 2470 1849 2509 quod
1872 2470 1984 2500 melius
2001 2477 2031 2501 et
2046 2471 2146 2510 peius,
2164 2478 2194 2502 et
2208 2472 2352 2502 credibile
2369 2479 2399 2503 et
2414 2482 2479 2502 non

1489 2512 1644 2551 credibile,
1669 2519 1698 2543 et
1721 2513 1911 2553 principium
1935 2521 1965 2544 et
1987 2525 2053 2544 non
2076 2515 2276 2555 principium.

1423 2556 1571 2587 Similiter
1594 2563 1700 2586 autem
1723 2563 1753 2587 et
1782 2557 1975 2597 impossibile
2004 2565 2049 2589 est
2072 2565 2102 2589 et
2129 2559 2237 2589 omnia
2263 2559 2402 2597 moveri;
2426 2565 2481 2589 aut

1490 2600 1548 2629 alia
1565 2600 1694 2640 quidem
1713 2611 1836 2641 semper
1851 2602 1981 2640 moveri,
2002 2602 2061 2632 alia
2076 2613 2149 2632 vero
2170 2613 2293 2643 semper
2311 2603 2479 2643 quiescere.

1490 2644 1541 2673 Ad
1564 2644 1671 2674 omnia
1695 2644 1780 2674 enim
1802 2645 1878 2675 haec
1894 2645 2049 2676 sufficiens
2071 2653 2116 2676 est
2139 2657 2202 2676 una
2220 2647 2311 2680 fides:
2335 2647 2480 2677 videmus

1490 2687 1575 2717 enim
1599 2688 1754 2728 quaedam
1784 2689 1953 2729 aliquando
1984 2690 2113 2730 quidem
2141 2691 2278 2729 moveri,
2309 2690 2478 2731 aliquando

1490 2731 1620 2772 quidem
1643 2732 1810 2772 quiescere.
1836 2734 1941 2771 Quare
1964 2734 2166 2764 manifestum
2185 2742 2231 2765 est
2253 2735 2341 2775 quod
2363 2735 2481 2774 impos-

1490 2775 1578 2805 sibile
1608 2775 1646 2806 sit
1674 2776 1815 2806 similiter
1842 2777 1950 2807 omnia
1978 2778 2135 2817 quiescere
2164 2785 2193 2808 et
2222 2778 2329 2808 omnia
2359 2778 2479 2808 moveri

1491 2819 1650 2857 continue,
1676 2830 1713 2850 eo
1738 2821 1825 2860 quod
1849 2821 1907 2851 alia
1925 2822 2054 2862 quidem
2077 2831 2200 2861 semper
2218 2829 2395 2860 moventur,
2420 2822 2479 2852 alia

1489 2873 1564 2892 vero
1588 2871 1754 2903 quiescunt
1777 2874 1909 2904 semper.

1423 2906 1440 2925 '³‘
1450 2906 1622 2947 Reliquum
1634 2917 1708 2947 ergo
1721 2908 1983 2939 considerandum
1994 2916 2049 2947 est,
2063 2916 2170 2940 utrum
2184 2909 2291 2939 omnia
2303 2909 2364 2940 sint
2374 2909 2480 2939 huius-

1490 2951 1579 2980 modi
1602 2952 1760 2991 possibilia
1784 2953 1904 2983 moveri
1928 2960 1957 2983 et
1980 2953 2154 2993 quiescere;
2171 2960 2226 2983 aut
2241 2954 2397 2994 quaedam
2413 2953 2479 2993 qui-

1491 2995 1564 3024 dem
1583 2995 1636 3033 sic,
1649 2995 1753 3036 aliqua
1768 3006 1842 3026 vero
1860 3007 1982 3036 semper
2005 2997 2176 3037 quiescant,
2193 2997 2297 3038 aliqua
2308 3007 2381 3027 vero
2397 3007 2478 3027 sem-

1490 3048 1546 3078 per
1568 3046 1764 3070 moveantur.
1788 3041 1859 3071 Hoc
1883 3041 1968 3071 enim
1984 3041 2265 3071 demonstrandum
2280 3048 2326 3071 est
2342 3051 2360 3071 a
2375 3041 2477 3071 nobis.

1422 3135 1577 3163 resumitur
1597 3136 1699 3164 divisio
1720 3146 1806 3172 supra
1834 3137 1928 3172 posita
1949 3137 2028 3172 (lect.
2051 3146 2144 3172 praec.
2167 3146 2246 3164 num.
2269 3138 2315 3171 2),
2337 3137 2373 3164 de
2394 3135 2477 3163 variis

1422 3174 1527 3202 scilicet
1545 3175 1783 3211 dispositionibus
1805 3176 1913 3204 entium
1935 3176 1963 3203 in
1979 3176 2079 3204 ordine
2095 3176 2131 3203 ad
2145 3182 2257 3203 motum
2272 3182 2299 3202 et
2313 3175 2446 3211 quietem.
2458 3190 2477 3195 -

1424 3214 1449 3241 5.
1481 3215 1659 3250 Reprobatur
1687 3215 1805 3242 ulterius
1830 3215 1956 3251 primum
1984 3216 2145 3242 membrum
2174 3214 2334 3250 praedictae
2362 3213 2476 3241 divisio-

1422 3252 1481 3287 nis,
1509 3253 1645 3281 nimirum
1676 3255 1755 3290 quod
1785 3254 1884 3282 omnia
1912 3263 2025 3289 semper
2052 3253 2208 3289 quiescunt.
2237 3254 2265 3287 a)
2292 3254 2413 3280 Necesse
2435 3258 2477 3280 est

1421 3301 1529 3327 ponere
1550 3293 1674 3329 aliquem
1697 3299 1808 3321 motum
1830 3294 1929 3321 saltem
1950 3293 1980 3320 in
2001 3292 2105 3320 anima.
2128 3292 2159 3319 Si
2180 3292 2256 3319 enim
2278 3291 2380 3328 aliquis
2401 3291 2477 3320 dicat

1422 3332 1503 3367 quod
1523 3332 1622 3367 opinio
1638 3342 1695 3368 qua
1708 3332 1843 3368 ponimus
1865 3332 1960 3368 aliqua
1974 3331 2092 3365 moveri,
2108 3338 2149 3358 est
2163 3331 2240 3365 falsa,
2256 3330 2383 3367 sequitur
2397 3331 2476 3367 quod

1422 3377 1518 3398 motus
1539 3371 1582 3398 sit.
1605 3372 1677 3398 Nam
1699 3371 1722 3398 si
1744 3371 1843 3406 opinio
1864 3371 1934 3398 falsa
1955 3370 2054 3404 existit,
2070 3376 2165 3397 motus
2187 3369 2292 3397 existit:
2316 3376 2344 3397 et
2363 3370 2476 3398 univer-

1422 3409 1516 3436 saliter
1537 3410 1560 3437 si
1581 3410 1691 3446 opinio,
1712 3411 1756 3437 vel
1778 3409 1927 3445 phantasia
1948 3415 2001 3443 est,
2024 3415 2120 3436 motus
2142 3415 2191 3436 est.
2213 3410 2249 3436 Et
2269 3409 2363 3436 adhuc
2384 3409 2475 3437 mani-

1421 3448 1518 3476 festius
1539 3449 1666 3485 sequitur
1687 3450 1766 3485 quod
1792 3455 1888 3476 motus
1911 3448 1947 3475 sit
1967 3448 1996 3475 in
2025 3448 2162 3484 opinione
2189 3448 2232 3476 vel
2259 3448 2423 3484 phantasia,
2452 3449 2475 3476 si

1421 3487 1577 3523 aliquando
1598 3488 1727 3515 videatur
1748 3487 1831 3515 nobis
1852 3487 1959 3523 aliquid
1980 3487 2020 3515 sic
2041 3496 2111 3521 esse,
2126 3487 2281 3523 aliquando
2302 3487 2383 3515 aliter
2404 3497 2474 3516 esse.

1422 3526 1449 3561 b)
1472 3527 1615 3560 Quaerere
1636 3526 1777 3554 rationem
1799 3527 1835 3553 ad
1856 3526 2029 3562 praedictam
2058 3526 2225 3562 opinionem
2253 3527 2473 3562 destruendam,

1422 3564 1497 3592 idem
1519 3571 1560 3593 est
1581 3575 1614 3593 ac
1635 3574 1771 3602 quaerere
1792 3565 1915 3593 rationes
1937 3566 1973 3593 ad
1987 3566 2171 3601 probandum
2193 3574 2226 3593 ea
2247 3575 2321 3602 quae
2343 3572 2408 3594 sunt
2425 3575 2475 3602 per

1422 3613 1452 3631 se
1474 3604 1631 3639 manifesta,
1646 3605 1725 3641 quod
1746 3604 1821 3632 idem
1844 3611 1885 3632 est
1905 3613 1938 3632 ac
1959 3614 2019 3632 non
2037 3614 2122 3641 posse
2137 3605 2295 3633 discernere
2310 3605 2383 3633 inter
2396 3605 2474 3642 prin-

2501 910 2510 919 *
2526 908 2580 935 Seq.
2595 913 2690 935 cap.1n.

2501 938 2523 956 et
2537 937 2591 956 text.
2607 941 2643 961 24.

2504 1383 2514 1392 ·
2528 1382 2595 1403 Text.
2611 1387 2642 1409 25.

2506 1649 2515 1658 '¹
2530 1647 2596 1669 Text.
2611 1647 2646 1669 26.

2505 2917 2514 2926 ·
2529 2916 2595 2938 Text.
2609 2922 2643 2944 27.
