2898 3996
193 585 205 596 ⁴*
219 584 289 605 Num.
304 589 352 611 seq.

197 636 208 647 ⁸
222 635 282 658 Ibid.

195 742 204 750 '
219 740 282 762 Lect.
295 746 351 768 xxu,
367 746 406 762 nn.

193 773 217 794 47
232 773 252 794 5·

195 847 204 855 ·
214 845 335 872 Lem-xvii,
344 851 366 866 n.
374 851 407 866 ιο.

193 897 203 908 ⁸
221 897 322 918 Tertium
336 897 406 918 codd.

195 927 216 945 et
231 929 247 944 a
258 923 278 944 h.

195 1319 278 1346 ‘pergo
293 1324 342 1340 om.
358 1318 391 1339 pb.

196 1481 205 1490 ·
223 1480 319 1507 impedit
336 1486 408 1502 ticum

196 1512 299 1528 orvxra.

198 1901 207 1909 ‘
222 1899 330 1927 impediri
347 1906 408 1921 Ακκο

199 1932 326 1954 rxrpcrqv.

200 2479 218 2526 ξι
227 2481 293 2500 sexto
303 2478 356 2500 add.
369 2484 412 2506 sep

202 2742 212 2751 ⁸
228 2742 298 2762 etiam
317 2747 365 2763 om.
385 2748 413 2762 m:

203 2773 286 2791 ranno.
303 2768 344 2788 lac.
360 2774 390 2788 κκ

204 2795 224 2805 ““
234 2794 368 2821 Lecr.1x‚n.8
377 2785 412 2822 sq.

205 2846 213 2854 ·
228 2847 251 2867 et
264 2852 311 2868 om.
329 2847 413 2868 pnoab.

434 289 508 336 276

432 367 470 403 in
487 366 695 413 divisibilia,
713 374 776 402 aut
795 365 907 402 etiam
931 377 975 401 ex
990 363 1278 402 indivisibilibus
1300 364 1490 413 componi.

432 420 481 456 Et
500 419 597 456 circa
616 419 690 455 hoc
709 419 777 455 tria
805 418 911 454 facit:
940 417 1063 466 primo
1083 416 1285 465 praemittit
1304 417 1493 465 quaedam

433 484 529 520 quae
550 478 635 508 sunt
654 471 863 507 necessaria
891 469 939 506 ad
968 477 1190 517 sequentem
1208 469 1492 518 probationem;

433 524 601 561 secundo
630 523 736 572 ponit
754 522 1004 572 propositum,
1034 522 1104 558 ibi:
1133 523 1245 559 Haec
1263 528 1388 559 autem
1407 535 1493 560 cum

432 577 507 613 sint
523 579 541 596 ᾗ
559 583 640 621 etc.;
661 576 768 613 tertio
788 576 935 624 probat,
956 574 1024 612 ibi:
1051 575 1237 616 Quoniam
1257 575 1355 612 enim
1375 581 1493 612 osten-

433 641 516 665 sum
544 634 597 665 est
616 630 635 650 '³²
656 636 725 665 etc.

487 681 692 718 Praemittit
720 692 809 728 ergo
832 679 969 729 primo,
1000 680 1105 728 quod
1133 679 1256 716 omnis
1284 687 1410 717 motus
1439 687 1495 717 est

434 733 472 770 in
490 741 678 782 tempore;
700 741 736 770 et
754 734 828 770 hoc
846 733 1050 781 probatum
1070 740 1124 769 est
1142 732 1180 769 in
1199 740 1334 780 quarto
1352 734 1388 769 *ε
1404 733 1494 770 item

435 786 538 835 quod
558 786 596 823 in
616 786 719 823 omni
738 793 909 834 tempore
928 785 1107 834 possibile
1127 785 1173 822 sit
1199 785 1369 832 moveri;
1389 785 1495 834 quod

436 851 480 875 ex
500 838 917 887 definitionetemporis
942 845 1117 886 apparet,
1141 850 1239 886 quae
1259 837 1297 874 in
1317 845 1453 886 quarto
1474 838 1494 859 *

435 891 521 929 data
549 899 615 929 est.
646 891 865 928 Secundum
883 892 903 912 ³¹²
923 899 987 938 est,
1009 890 1114 940 quod
1143 902 1255 928 omne
1285 891 1391 938 quod
1414 902 1496 927 mo-

433 951 558 992 vetur,
585 944 763 992 contingit
789 943 936 980 moveri
963 943 1132 980 velocius
1152 951 1188 980 et
1206 943 1368 989 tardius3
1397 943 1495 980 idest

435 997 539 1045 quod
558 997 597 1034 in
625 997 792 1046 quolibet
809 996 940 1033 mobili
959 1003 1015 1032 est
1033 995 1204 1033 invenire
1232 996 1371 1045 aliquid
1391 996 1497 1044 quod

433 1050 602 1086 velocius
629 1057 816 1096 movetur,
843 1057 878 1086 et
902 1048 1042 1097 aliquid
1070 1049 1175 1098 quod
1202 1049 1354 1086 tardius.
1374 1069 1398 1076 -
1420 1049 1497 1086 Sed

433 1102 528 1138 haec
560 1102 768 1151 propositio
798 1101 948 1139 videtur
985 1114 1065 1139 esse
1094 1102 1196 1139 falsa.
1217 1102 1496 1139 Determinatae

435 1155 534 1191 enim
554 1162 640 1192 sunt
658 1155 875 1192 velocitates
893 1162 1068 1191 motuum
1086 1155 1124 1192 in
1149 1162 1302 1192 naturat
1324 1162 1379 1192 est
1397 1155 1498 1192 enim

434 1207 565 1256 aliquis
592 1216 718 1244 motus
746 1207 796 1244 ita
822 1209 947 1255 velox,
978 1208 1082 1256 quod
1110 1209 1234 1244 nullus
1261 1215 1387 1256 potest
1415 1220 1497 1245 esse

435 1272 481 1296 eo
505 1261 685 1308 velocior,
715 1260 853 1297 scilicet
872 1268 998 1297 motus
1022 1260 1133 1309 primi
1159 1260 1320 1298 mobilis.
1341 1260 1404 1297 Ad
1423 1261 1498 1297 hoc

435 1324 523 1360 ergo
558 1315 578 1335 *-
607 1313 836 1360 dicendum,
872 1313 977 1362 quod
1010 1313 1056 1350 de
1093 1320 1225 1350 natura
1254 1313 1408 1349 alicuius
1445 1313 1498 1349 rei

434 1378 638 1414 possumus
672 1366 776 1414 loqui
809 1365 1020 1414 dupliciter:
1049 1367 1111 1403 vel
1149 1366 1360 1402 secundum
1388 1365 1498 1402 ratio-

435 1431 523 1455 nem
561 1431 823 1466 communem,
851 1419 914 1456 vel
950 1418 1161 1455 secundum
1194 1419 1299 1467 quod
1335 1418 1385 1455 ad
1411 1430 1498 1467 pro-

434 1471 555 1520 priam
586 1472 782 1509 materiam
819 1471 1037 1520 applicatur.
1076 1472 1125 1508 Et
1157 1471 1247 1508 nihil
1274 1470 1450 1520 prohibet
1478 1473 1498 1491 ᾖ·

435 1523 586 1572 aliquid,
607 1525 710 1573 quod
730 1537 808 1561 non
835 1524 1036 1572 impeditur
1064 1536 1109 1560 ex
1138 1524 1280 1560 ratione
1306 1524 1499 1561 communi

435 1577 509 1624 rei,
547 1577 719 1626 impediri
753 1589 798 1613 ex
826 1576 1075 1625 applicatione
1105 1576 1154 1612 ad
1187 1576 1354 1625 aliquam
1379 1585 1496 1614 mate-

435 1629 529 1665 riam
566 1630 872 1675 determinatam;
902 1629 996 1667 sicut
1023 1642 1101 1666 non
1138 1629 1341 1677 impeditur
1369 1641 1414 1666 ex
1443 1642 1499 1667 ra-

434 1681 535 1719 tione
563 1683 706 1719 formae
735 1682 822 1719 solis
852 1695 932 1719 esse
960 1683 1087 1732 plures
1115 1683 1230 1728 soles,
1259 1682 1328 1719 sed
1357 1694 1401 1719 ex
1426 1683 1500 1720 hoc

434 1736 539 1782 quod
557 1742 635 1772 tota
653 1735 809 1771 materia
829 1735 967 1784 speciei
986 1736 1056 1772 sub
1076 1747 1154 1772 uno
1175 1736 1253 1772 sole
1274 1735 1496 1773 continetur.

435 1788 484 1824 Et
503 1788 668 1824 similiter
689 1800 733 1824 ex
753 1788 946 1825 communi
974 1796 1107 1825 natura
1130 1795 1256 1825 motus
1276 1801 1354 1826 non
1372 1789 1500 1837 prohi-

435 1841 546 1877 betur
587 1840 678 1888 quin
715 1841 880 1890 qualibet
906 1841 1106 1878 velocitate
1135 1842 1241 1887 data,
1277 1841 1395 1889 possit
1428 1842 1500 1878 alia

435 1893 557 1929 maior
573 1893 754 1930 velocitas
769 1893 928 1930 inveniri
949 1895 984 1930 *z
1006 1893 1073 1930 sed
1092 1893 1294 1942 impeditur
1314 1905 1359 1931 ex
1379 1894 1498 1931 deter-

436 1945 585 1982 minatis
612 1945 812 1983 virtutibus
845 1947 1043 1983 mobilium
1077 1954 1112 1983 et
1139 1946 1387 1983 moventium.
1427 1947 1499 1984 Hic

438 2006 565 2035 autem
588 1999 807 2035 Aristoteles
836 1999 1057 2036 determinat
1086 1999 1134 2036 de
1152 2007 1260 2035 motu
1288 2000 1499 2037 secundum

439 2063 682 2088 communem
701 2051 887 2088 rationem
913 2059 1051 2099 motus,
1081 2053 1253 2090 nondum
1273 2053 1497 2101 applicando

438 2111 585 2140 motum
613 2104 661 2141 ad
689 2104 935 2141 determinata
961 2105 1156 2142 moventia
1189 2113 1224 2142 et
1250 2106 1426 2142 mobilia:
1463 2114 1499 2142 et

439 2156 526 2193 ideo
554 2157 768 2205 frequenter
800 2158 934 2194 talibus
966 2158 1288 2206 propositionibus
1321 2158 1434 2195 utitur
1461 2159 1499 2195 in

439 2209 513 2246 hoc
533 2217 637 2246 sexto
658 2210 764 2257 libro,
793 2222 892 2258 quae
921 2218 1007 2247 sunt
1033 2223 1146 2247 verae
1175 2211 1386 2248 secundum
1410 2224 1499 2248 con-

441 2262 707 2299 siderationem
736 2275 979 2300 communem
1006 2271 1151 2310 motus,
1182 2273 1260 2300 non
1288 2271 1415 2300 autem
1443 2277 1499 2301 se-

441 2315 608 2352 cundum
642 2316 932 2364 applicationem
970 2316 1018 2353 ad
1054 2316 1299 2353 determinata
1330 2317 1498 2354 mobilia.

441 2368 489 2404 Et
508 2368 673 2405 similiter
692 2381 770 2405 non
789 2376 844 2405 est
864 2376 992 2405 contra
1016 2369 1198 2405 rationem
1221 2369 1499 2417 magnitudinis,

441 2421 546 2468 quod
570 2421 757 2469 quaelibet
783 2422 1003 2469 magnitudo
1033 2422 1221 2458 dividatur
1247 2422 1285 2459 in
1313 2423 1500 2460 minores:

441 2481 477 2509 et
506 2473 591 2510 ideo
619 2474 733 2511 utitur
761 2474 798 2510 in
825 2475 900 2511 hoc
919 2475 938 2495 '³‘
960 2475 1066 2521 libro,
1087 2482 1128 2511 ut
1153 2474 1310 2523 accipiat
1337 2476 1503 2524 qualibet

439 2526 696 2574 magnitudine
735 2527 820 2564 data
861 2528 971 2564 aliam
1008 2528 1218 2574 minorem3
1259 2528 1343 2565 licet
1385 2529 1501 2578 appli-

441 2579 562 2616 cando
591 2579 886 2627 magnitudinem
914 2581 963 2617 ad
992 2580 1278 2618 determinatam
1307 2589 1500 2630 naturam,

441 2632 486 2668 sit
505 2633 627 2681 aliqua
654 2633 810 2670 minima
837 2634 1079 2681 magnitudo;
1109 2633 1198 2682 quia
1226 2634 1415 2683 quaelibet
1436 2647 1500 2671 na-

440 2691 522 2721 tura
550 2685 702 2734 requirit
731 2686 1016 2723 determinatam
1045 2687 1343 2734 magnitudinem
1364 2695 1400 2724 et
1417 2700 1502 2736 par—

439 2737 605 2786 vitatem,
634 2746 675 2775 ut
700 2739 810 2775 etiam
837 2741 856 2760 Ψ
876 2740 913 2776 in
939 2740 1061 2789 primo
1085 2741 1125 2761 *ᾖ
1146 2740 1286 2778 dictum
1314 2748 1380 2777 est.
1401 2761 1425 2768 -
1446 2742 1503 2777 Ex

441 2790 590 2828 duobus
620 2799 746 2828 autem
772 2793 987 2841 praemissis
1017 2793 1207 2831 concludit
1234 2794 1404 2840 tertium,
1435 2794 1503 2830 sci-

441 2843 523 2880 licet
543 2845 648 2893 quod
671 2845 708 2881 in
729 2846 832 2882 omni
852 2853 1023 2895 tempore
1045 2847 1132 2883 dato
1154 2846 1332 2894 contingit
1353 2854 1388 2883 et
1404 2848 1423 2868 '¹‘
1437 2859 1503 2884 ve-

441 2897 558 2933 locius
580 2904 615 2934 et
642 2898 783 2934 tardius
801 2899 960 2947 moveri,
983 2912 1099 2949 quam
1123 2899 1169 2936 sit
1187 2908 1313 2937 motus
1333 2900 1442 2937 datus
1466 2900 1504 2938 in

442 2950 503 2986 tali
522 2958 703 2998 tempore.

503 3014 557 3039 to.
574 3003 721 3040 Deinde
738 3016 823 3040 cum
844 3004 946 3042 dicit:
970 3006 1082 3042 Haec
1096 3012 1220 3043 autem
1235 3018 1320 3043 cum
1335 3006 1409 3043 sint
1422 3014 1503 3053 etc.,

445 3067 489 3091 ex
508 3055 721 3103 praemissis
741 3058 929 3094 concludit
947 3059 1196 3107 propositum.
1222 3061 1271 3096 Et
1295 3059 1383 3096 dicit
1401 3059 1505 3108 quod

446 3119 532 3144 cum
550 3108 755 3156 praemissa
775 3110 846 3146 sint
863 3123 967 3158 vera,
984 3124 1138 3149 necesse
1159 3119 1214 3149 est
1233 3113 1336 3162 quod
1355 3120 1504 3161 tempus

445 3160 490 3197 sit
517 3162 752 3207 continuum,
787 3162 882 3200 idest
917 3164 1098 3201 divisibile
1132 3165 1170 3202 in
1199 3177 1351 3214 semper
1379 3165 1504 3203 divisi-

445 3213 542 3250 bilia.
574 3215 777 3263 Supposito
799 3216 898 3253 enirn
923 3218 1025 3265 quod
1045 3218 1139 3254 haec
1159 3218 1204 3255 sit
1227 3218 1395 3255 definitio
1417 3231 1505 3255 con-

445 3266 547 3313 tinui,
577 3279 730 3305 necesse
760 3276 815 3306 est
836 3270 940 3318 quod
959 3277 1107 3319 tempus
1136 3271 1181 3308 sit
1210 3271 1442 3319 continuum,
1473 3271 1503 3308 si

499 3399 520 3430 ε)
540 3406 606 3431 quae
624 3403 662 3424 ext
685 3400 743 3430 CD,
764 3401 787 3425 B
806 3401 876 3433 quod
895 3405 933 3427 est
952 3402 1064 3427 tardius.
1082 3416 1099 3421 -
1120 3410 1187 3435 quae
1205 3405 1244 3428 est
1265 3403 1355 3433 CKD,
1375 3404 1446 3436 quod
1464 3407 1503 3429 est

447 3433 550 3458 tardius
570 3434 646 3459 Plana
665 3443 722 3460 cum
743 3436 783 3461 ed.
797 3437 887 3461 Venet.
906 3436 980 3462 1551.

500 3468 525 3502 ζ)
539 3469 731 3495 universaliter.
745 3484 763 3491 -
775 3471 897 3497 similiter
915 3472 982 3497 ΒΕΘ
997 3472 1078 3504 (forte
1094 3478 1212 3506 corrupte
1226 3480 1273 3505 pro
1286 3473 1456 3505 simplicium
1472 3473 1503 3498 cf.

1058 285 1403 323 PHYSICORUM
1431 286 1780 323 ARISTOTELIS
1809 287 1903 323 LIB.
1933 286 1983 323 VI

1547 364 1767 412 magnitudo
1790 372 1844 401 est
1863 364 2056 410 continua;
2086 364 2175 413 quia
2203 364 2252 402 ad
2281 364 2506 403 divisionem
2529 377 2610 403 ma-

1547 417 1749 465 gnitudinis
1769 417 1936 465 sequitur
1955 417 2089 454 divisio
2109 417 2301 466 temporis,
2323 425 2359 454 et
2374 431 2394 455 e
2410 414 2608 456 converso.

1601 470 1750 507 Deinde
1788 482 1875 517 cum
1908 469 2019 506 dicit:
2062 470 2249 512 Quoniam
2287 470 2387 507 enim
2424 477 2610 508 ostensum

1548 529 1603 559 est
1629 530 1711 570 etc„
1742 522 1905 559 ostendit
1930 522 2181 571 propositum,
2211 522 2350 560 scilicet
2377 523 2483 571 quod
2510 523 2610 561 simi-

1548 575 1630 612 liter
1658 575 1846 613 dividatur
1873 582 2024 623 tempus
2054 582 2090 612 et
2115 575 2348 623 magnitudo.
2379 575 2481 622 Quia
2510 576 2611 614 enim

1550 636 1744 665 ostensum
1769 636 1824 665 est
1852 629 1872 649 *
1897 628 2000 677 quod
2029 627 2198 665 velocius
2225 627 2426 676 pertransit
2452 629 2611 677 aequale
2639 643 2649 654 ·

1550 681 1712 729 spatium
1739 681 1778 718 in
1803 680 1940 718 minori
1967 689 2151 729 tempore,
2180 688 2344 729 ponatur
2371 681 2478 730 quod
2504 682 2539 718 A
2566 681 2613 718 sit

1548 734 1719 770 velocius
1749 741 1786 770 et
1813 735 1843 771 B
1863 734 1909 771 sit
1926 734 1946 755 *
1960 733 2113 781 tardius,
2135 741 2171 770 et
2189 741 2392 771 moveatur
2411 734 2442 770 B
2470 733 2612 771 tardius

1549 798 1618 834 per
1643 786 1941 834 magnitudinem
1964 799 2062 835 quae
2089 793 2144 823 est
2172 786 2252 833 CD,
2281 786 2320 823 in
2348 793 2522 835 tempore
2549 787 2610 824 ΖΙ.

1551 838 1794 875 Manifestum
1821 846 1878 876 est
1905 851 1993 887 ergo
2023 839 2128 888 quod
2155 840 2190 875 A
2218 838 2322 888 quod
2351 846 2407 876 est
2423 838 2612 886 velocius,

1549 899 1726 928 movetur
1761 903 1831 940 per
1872 892 2034 928 eandem
2070 891 2371 939 magnitudinem
2404 891 2443 929 in
2475 891 2614 929 minori

1550 951 1741 993 tempore;
1771 951 1807 980 et
1834 943 1881 981 sit
1907 951 2059 994 tempus
2086 945 2177 982 illud
2203 945 2284 982 ZT.
2316 946 2456 981 Iterum
2485 951 2613 982 autem

1552 996 1640 1046 quia
1669 999 1688 1016 ⁴*
1725 999 1759 1034 A
1793 997 1899 1046 quod
1945 1004 2000 1034 est
2034 997 2225 1044 velocius,
2263 997 2302 1034 in
2337 1005 2511 1046 tempore
2544 998 2613 1035 ZT

1550 1049 1790 1099 pertransivit
1816 1057 1936 1087 totam
1964 1049 2264 1098 magnitudinem
2285 1062 2384 1098 quae
2403 1057 2460 1087 est
2479 1050 2560 1098 CD,
2581 1051 2612 1087 Β

1553 1102 1657 1151 quod
1687 1110 1741 1139 est
1767 1103 1909 1140 tardius
1927 1108 1950 1150 ⁸,
1980 1102 2018 1139 in
2048 1102 2186 1139 eodem
2214 1109 2388 1150 tempore
2414 1102 2615 1150 pertransit

1552 1156 1743 1192 minorem
1767 1155 2079 1203 magnitudinem,
2100 1167 2198 1202 quae
2224 1154 2270 1191 sit
2294 1155 2374 1192 CK.
2395 1155 2445 1191 Et
2467 1155 2556 1204 quia
2582 1156 2613 1192 B

1553 1208 1658 1257 quod
1682 1215 1737 1245 est
1754 1207 1907 1254 tardius,
1928 1207 2127 1256 pertransit
2145 1206 2444 1255 magnitudinem
2461 1208 2561 1244 CK*
2574 1207 2614 1245 in

1552 1268 1726 1309 ternpore
1754 1261 1843 1307 ZT,
1872 1261 1907 1296 A
1935 1259 2040 1308 quod
2068 1266 2124 1296 est
2154 1259 2344 1307 velocius,
2376 1259 2617 1309 pertransibit

1538 1313 1717 1350 'eandem
1737 1312 2038 1360 magnitudinem
2057 1312 2183 1349 adhuc
2209 1312 2248 1349 in
2267 1312 2405 1350 minori
2424 1319 2614 1361 tempore;

1554 1373 1590 1402 et
1617 1365 1670 1402 sic
1697 1373 1848 1414 tempus
1867 1366 1936 1402 ZT
1955 1365 2092 1402 iterum
2120 1364 2320 1402 dividetur.
2341 1366 2391 1402 Et
2409 1377 2456 1402 eo
2477 1365 2612 1413 diviso,

1553 1419 1765 1455 secundum
1786 1417 1949 1455 eandem
1973 1417 2159 1455 rationem
2187 1417 2374 1455 dividetur
2394 1417 2616 1466 magnitudo
2653 1433 2656 1436 ·

1554 1471 1639 1518 CK;
1669 1470 1758 1519 quia
1777 1471 1917 1508 tardius
1937 1470 1975 1507 in
1995 1477 2100 1519 parte
2119 1470 2216 1507 illius
2235 1470 2417 1519 temporis
2441 1478 2619 1508 movetur

1552 1536 1621 1572 per
1641 1524 1830 1560 minorem
1858 1523 2170 1571 magnitudinem.
2200 1524 2250 1561 Et
2276 1523 2307 1560 si
2335 1523 2514 1561 dividitur
2535 1536 2618 1561 ma-

1554 1577 1724 1625 gnitudo,
1753 1577 1890 1613 iterum
1919 1576 2108 1614 dividetur
2135 1583 2172 1613 et
2197 1584 2368 1626 tempus3
2397 1576 2486 1626 quia
2512 1577 2617 1614 illam

1553 1637 1701 1679 partem
1729 1628 1996 1677 magnitudinis
2022 1629 2192 1666 velocius
2214 1629 2385 1667 transibit
2411 1629 2451 1666 in
2478 1629 2618 1667 minori

1554 1691 1739 1732 tempore.
1769 1683 1819 1719 Et
1850 1682 1902 1719 sic
1930 1694 2083 1731 semper
2109 1683 2356 1731 procedetur,
2394 1682 2616 1732 accipiendo

1553 1743 1641 1785 post
1667 1742 1816 1772 motum
1844 1734 2046 1772 velocioris
2072 1735 2227 1784 aliquod
2245 1736 2265 1757 ‘⁸
2285 1734 2428 1772 mobile
2455 1735 2616 1784 tardius,

1556 1796 1592 1825 et
1604 1795 1692 1838 post
1708 1787 1850 1825 tardius
1869 1788 2006 1825 iterum
2025 1788 2210 1835 velocius;
2231 1796 2268 1826 et
2282 1789 2425 1826 utendo
2447 1800 2493 1826 eo
2513 1788 2619 1838 quod

1556 1841 1857 1878 demonstratum
1873 1848 1940 1888 est,
1961 1841 2100 1878 scilicet
2118 1841 2223 1889 quod
2242 1841 2412 1878 velocius
2429 1849 2618 1890 pertrans-

1554 1901 1614 1931 eat
1632 1895 1790 1943 aequale
1808 1893 1847 1930 in
1875 1893 2013 1930 minori
2039 1901 2226 1942 tempore,
2257 1901 2294 1931 et
2326 1894 2469 1931 tardius
2487 1894 2528 1931 in
2556 1906 2618 1931 ae-

1554 1947 1654 1996 quali
1669 1954 1841 1995 tempore
1857 1946 2047 1983 minorem
2068 1947 2367 1994 magnitudinem
2386 1947 2419 1984 *.
2437 1946 2500 1984 Sic
2515 1946 2617 1984 enim
2644 1957 2654 1968 '

1553 1999 1775 2048 accipiendo
1795 1999 1833 2036 id
1853 1999 1957 2048 quod
1978 2007 2034 2036 est
2047 2000 2067 2020 '⁵
2085 1999 2267 2047 velocius,
2289 1999 2504 2037 dividemus
2523 2007 2617 2036 tem·
2644 2009 2656 2021 ⁴

1553 2065 1642 2102 pus3
1664 2061 1700 2089 et
1718 2052 1939 2101 accipiendo
1958 2052 1997 2089 id
2017 2053 2122 2101 quod
2142 2060 2197 2090 est
2223 2052 2377 2100 tardius,
2398 2052 2616 2090 dividemus

1553 2105 1865 2154 magnitudinem.
1883 2105 1923 2142 Si
1947 2117 2036 2153 ergo
2056 2106 2131 2142 hoc
2148 2118 2285 2143 verum
2310 2113 2376 2153 est,
2397 2105 2502 2154 quod
2520 2117 2619 2143 sem·

1552 2171 1621 2207 per
1639 2158 1759 2207 possit
1776 2158 1857 2194 talis
1878 2158 2078 2195 conversio
2097 2158 2192 2205 fieri,
2212 2158 2456 2207 procedendo
2473 2171 2495 2195 a
2512 2159 2620 2195 velo—

1555 2212 1645 2248 ciori
1665 2211 1703 2247 in
1722 2210 1864 2247 tardius
1890 2218 1926 2247 et
1945 2223 1967 2247 a
1985 2210 2140 2248 tardiori
2169 2211 2207 2248 in
2225 2210 2412 2258 velocius;
2434 2218 2470 2248 et
2488 2211 2509 2232 *¹
2524 2211 2622 2249 facta
2646 2213 2658 2225 ‘

1553 2264 1616 2301 tali
1645 2263 1895 2300 conversione
1927 2275 2080 2313 semper
2111 2264 2154 2301 fit
2181 2264 2317 2301 divisio
2352 2263 2621 2313 magnitudinis

1556 2325 1591 2354 et
1618 2316 1816 2365 temporis3
1841 2317 2084 2354 manifestum
2105 2317 2173 2354 erit
2196 2317 2301 2366 quod
2329 2329 2445 2354 omne
2468 2325 2621 2367 tempus

1556 2378 1611 2407 est
1639 2370 1880 2417 continuum,
1910 2369 2007 2407 idest
2035 2369 2218 2407 divisibile
2246 2370 2285 2407 in
2313 2382 2466 2419 semper
2492 2369 2620 2408 divisi-

1555 2423 1654 2471 bilia,
1686 2430 1721 2459 et
1740 2422 1908 2459 similiter
1927 2422 2052 2459 omnis
2072 2423 2311 2470 magnitudo;
2340 2423 2430 2472 quia
2451 2435 2521 2472 per
2541 2435 2620 2462 eas-

1556 2477 1645 2514 dem
1670 2483 1706 2512 et
1723 2476 1742 2496 2‘·
1762 2476 1939 2524 aequales
1967 2475 2172 2512 divisiones
2201 2475 2379 2513 dividitur
2405 2483 2557 2525 tempus
2585 2484 2622 2515 et

1556 2529 1789 2577 magnitudo,
1817 2535 1859 2564 ut
1886 2536 2080 2565 ostensum
2110 2536 2175 2566 est.

1618 2594 1674 2619 11.
1704 2581 1852 2618 Deinde
1882 2594 1969 2618 cum
1998 2581 2105 2618 dicit:
2143 2581 2315 2630 Amplius
2342 2586 2468 2618 autem
2502 2587 2539 2619 et
2572 2594 2622 2620 ex

1557 2634 1738 2672 consuetis
1767 2641 1849 2682 etc.,
1878 2634 1985 2683 ponit
2012 2634 2160 2671 tertiam
2180 2635 2365 2672 rationem
2386 2635 2406 2656 *²
2425 2634 2474 2672 ad
2494 2642 2619 2673 osten-

1558 2687 1726 2725 dendum
1755 2687 1859 2736 quod
1887 2687 2107 2735 magnitudo
2137 2695 2172 2724 et
2190 2695 2342 2737 tempus
2370 2687 2539 2726 similiter
2566 2687 2620 2726 di-

1555 2741 1746 2787 viduntur,
1769 2753 1814 2776 ex
1834 2740 2136 2778 consideratione
2148 2740 2265 2778 -unius
2294 2748 2330 2778 et
2349 2741 2518 2778 eiusdem
2537 2753 2621 2778 mo-

1557 2793 1651 2831 bilis.
1691 2794 1740 2830 Et
1774 2793 1862 2830 dicit
1899 2793 2002 2842 quod
2037 2793 2279 2831 manifestum
2317 2801 2372 2831 est
2409 2793 2523 2831 etiam
2553 2805 2623 2844 per

1558 2847 1720 2884 rationes
1749 2858 1847 2895 quae
1876 2854 2155 2884 consueverunt
2183 2846 2267 2895 dici,
2297 2846 2402 2896 quod
2420 2847 2451 2884 si
2471 2854 2622 2897 tempus

1559 2908 1614 2937 est
1643 2899 1881 2947 continuum,
1911 2899 2006 2937 idest
2035 2899 2219 2937 divisibile
2247 2899 2286 2937 in
2313 2911 2468 2948 semper
2495 2899 2621 2938 divisi-

1558 2953 1657 3001 bilia,
1683 2952 1787 3001 quod
1816 2960 1852 2989 et
1879 2952 2099 3000 magnitudo
2129 2953 2268 2990 eodem
2296 2952 2415 2990 modo
2444 2952 2622 2990 continua

1560 3013 1633 3043 est:
1663 3005 1751 3055 quia
1778 3017 1898 3043 unum
1927 3013 1964 3042 et
1990 3005 2094 3043 idem
2123 3006 2264 3043 mobile
2293 3005 2510 3053 regulariter
2536 3017 2620 3044 mo-

1559 3066 1651 3106 tum,
1681 3058 1775 3095 sicut
1802 3058 1841 3095 in
1869 3066 1948 3095 toto
1969 3065 2142 3107 ternpore
2170 3058 2369 3108 pertransit
2394 3065 2515 3096 totam
2539 3070 2621 3096 ma-

1558 3111 1810 3160 gnitudinem,
1840 3111 1890 3148 ita
1918 3111 1956 3148 in
1984 3111 2112 3148 medio
2140 3119 2313 3161 tempore
2342 3111 2512 3149 medium
2540 3123 2621 3149 ma-

1559 3164 1780 3213 gnitudinis,
1817 3171 1852 3201 et
1878 3164 2139 3202 universaliter
2166 3164 2181 3191 t·
2207 3165 2245 3202 in
2282 3164 2419 3202 minori
2447 3173 2620 3214 tempore

1560 3218 1749 3255 minorem
1778 3217 2090 3266 magnitudinem.
2129 3218 2178 3254 Et
2204 3218 2279 3254 hoc
2306 3217 2392 3255 ideo
2422 3217 2619 3266 contingit,

1561 3271 1648 3321 quia
1667 3270 1834 3308 similiter
1853 3270 2029 3308 dividitur
2047 3278 2198 3320 tempus
2218 3270 2312 3308 sicut
2331 3278 2367 3307 et
2386 3270 2618 3319 magnitudo.

1557 3411 1611 3428 om.
1622 3403 1652 3434 R,
1663 3403 1796 3428 concludit
1807 3403 1830 3427 G
1847 3408 1872 3428 et
1887 3403 2012 3428 editiones
2030 3410 2135 3434 omnes3
2146 3402 2222 3428 ceteri
2235 3403 2314 3435 vulgo
2329 3402 2425 3428 habent
2437 3406 2476 3438 98,
2491 3402 2560 3436 quod
2574 3409 2621 3435 po-

1558 3443 1608 3463 test
1627 3444 1652 3463 et
1670 3438 1801 3471 contingit
1816 3443 1840 3463 et
1854 3438 1987 3464 concludit
2005 3439 2130 3471 explicari,
2146 3438 2191 3463 sed
2211 3445 2241 3463 ex
2260 3445 2339 3463 sensu
2358 3443 2428 3471 patet
2442 3437 2575 3471 quomodo
2587 3437 2621 3462 sit

1558 3473 1608 3498 hoc
1626 3475 1683 3499 loco
1702 3474 1891 3506 accipiendum:
1911 3481 1979 3506 quae
1998 3479 2142 3506 sequuntur
2165 3474 2233 3498 enim
2258 3473 2414 3498 inducuntur
2433 3481 2478 3506 per
2495 3472 2620 3498 Aristote-

448 3505 527 3535 πη),
538 3505 607 3535 quod
619 3513 669 3529 non
683 3505 747 3530 bene
758 3507 873 3538 exprimit
883 3508 1029 3538 generalem
1044 3509 1237 3533 conclusionem
1249 3515 1315 3541 quae
1326 3508 1366 3533 hic
1377 3509 1505 3540 ponitur.—-
1558 3509 1608 3534 lem
1624 3515 1651 3534 ut
1664 3514 1844 3542 argumentum
1859 3509 2074 3541 praecedentium,
2090 3506 2116 3533 αἱ
2135 3507 2183 3543 γὰρ
2204 3505 2279 3534 αὑταὶ
2299 3507 2430 3542 διαιρέσεις
2449 3513 2506 3539 etc„
2520 3513 2546 3533 et
2559 3507 2619 3532 talia

450 3537 498 3561 lbi:
521 3539 553 3563 Et
572 3539 618 3564 hoc
638 3540 694 3565 idco
713 3541 858 3574 contingit,
879 3542 937 3567 ideo
961 3544 1081 3568 omittunt
1100 3543 1178 3576 EpG;
1203 3551 1251 3576 pro
1269 3544 1414 3577 contingit,
1434 3544 1504 3576 quod
1559 3545 1584 3568 S.
1599 3543 1715 3569 Thomas
1734 3545 1826 3569 solitus
1841 3549 1880 3569 est
1898 3544 2005 3569 reddere
2024 3551 2070 3576 per
2090 3544 2125 3569 Et
2143 3544 2191 3569 hoc
2210 3544 2268 3569 ideo
2287 3543 2419 3577 contingit
2436 3543 2477 3568 vel
2496 3541 2589 3567 simile.

1481 3602 1587 3631 »a«

2662 643 2734 666 Num.
2748 649 2771 671 7.

2638 748 2651 760 ⁴⁵
2664 748 2697 770 tlt
2709 754 2757 770 om.
2770 747 2841 771 nab!

2640 1003 2788 1052 2322?
2795 1008 2852 1033 ‘¹¹⁰'

2641 1218 2653 1229 ⁸
2668 1217 2710 1240 CK
2722 1217 2834 1240 ummah.
2890 1219 2891 1222 ’

2643 1743 2656 1755 ’
2670 1743 2739 1766 allud
2750 1743 2802 1766 rab.

2647 2486 2660 2498 ⁶
2673 2488 2758 2509 nom.
2770 2491 2817 2509 tex.
2863 2484 2869 2490 ’

2647 2645 2659 2657 “
2673 2645 2711 2668 cf.
2724 2651 2789 2668 num.
2802 2651 2823 2668 2.
