2898 3996
199 2276 208 2284 '
243 2273 394 2300 Philosophus

199 2306 246 2322 om.
262 2306 277 2321 a
292 2304 313 2321 et
326 2299 394 2321 codd.

199 2333 248 2348 exc.
263 2333 311 2348 Βιε,

195 2424 205 2434 “
225 2424 377 2449 componatur
395 2428 408 2443 r

195 2455 295 2470 arnono.

194 2528 288 2554 *parte
307 2527 360 2548 add.
379 2533 406 2548 zo

196 2559 310 2574 unnvxrz.

197 2740 205 2747 ·
219 2737 280 2759 Lect.
296 2744 345 2765 seq.

194 2839 205 2847 ⁸
220 2838 289 2859 Num.
306 2845 352 2866 seq.

197 3209 206 3219 ⁸
223 3209 291 3230 Num.
307 3215 354 3236 seq.

199 3315 208 3325 ⁸
224 3314 293 3336 Num.
310 3322 334 3336 ιι,

450 327 526 364 274

517 403 575 423 ται
602 392 617 422 ὁ
642 392 691 421 ΖΘ
714 391 842 436 χρόνος.
870 389 999 422 Τούτου
1020 384 1057 420 δέ
1075 384 1306 433 διαιρουμένου
1322 392 1378 422 καὶ
1398 390 1439 423 τὸ
1457 392 1508 421 ΓΚ

515 434 652 481 μέγεθος
679 431 931 477 διαιρεθήσεται
956 433 1052 465 κατὰ
1074 433 1132 465 τὸν
1152 431 1256 466 αὐτὸν
1274 433 1388 480 λόγον.
1415 435 1453 466 Εἰ
1470 430 1508 467 δὲ

515 479 556 512 τὸ
580 477 736 524 μέγεθος,
758 480 816 510 καὶ
842 479 857 509 ὁ
882 476 1010 522 χρόνος.
1039 478 1102 508 Καὶ
1131 475 1180 508 ἀεὶ
1206 476 1302 510 τοῦτ’
1330 478 1427 510 ἔσται
1453 490 1508 522 με·

514 522 791 566 ταλαμβοίνουσιν
827 522 894 554 ἀπὸ
925 523 987 553 τοῦ
1021 520 1188 558 θᾶττονος
1224 522 1264 555 vo*
1299 519 1506 567 βραδύτερον

512 570 569 599 καὶ
590 567 657 599 ἀπό
675 567 736 598 τοῦ
763 561 968 610 βραδυτέρου
994 565 1034 597 τὸ
1059 563 1200 606 θᾶττον,
1226 567 1284 597 καὶ
1310 568 1358 608 τῷ
1385 562 1510 599 ἀποδε-

514 608 672 656 δειγμένῳ
703 609 897 655 χρωμένοις·
923 605 1089 653 διαιρήσει
1122 609 1186 654 γσὶρ
1219 610 1259 642 τὸ
1291 610 1350 654 μέν
1377 610 1506 643 θᾶττον

513 655 572 686 τὸν
597 654 729 698 χρόνον,
757 654 798 685 τὸ
822 649 859 685 δὲ
885 648 1089 695 βραδύτερον
1116 653 1156 684 τὸ
1181 655 1298 696 μῆκος.
1326 655 1364 686 Εἰ
1382 653 1436 686 οὖν
1457 656 1507 687 ἀεὶ

512 699 570 742 μέν
606 697 834 741 ἀντιστρέφειν
869 695 1007 737 ἀληθές,
1048 696 1352 741 ἀντιστρεφομένου
1383 694 1421 731 δέ
1456 700 1506 731 ἀεὶ

511 745 644 788 γίνεται
677 738 855 785 διαίρεσις,
893 741 1032 785 φανερὸν
1069 739 1122 772 ὅτι
1155 742 1220 779 πᾶς
1257 741 1373 786 χρόνος
1408 743 1506 776 ἔσται

511 785 665 830 συνεχής.
688 785 779 829 ’Ἅμα
804 782 841 816 δὲ
866 780 969 821 δῆλον
994 786 1052 816 καὶ
1080 783 1134 816 ὅτι
1158 784 1298 831 μέγεθος
1322 785 1412 818 ἅπαν
1432 788 1505 820 ἐστὶ

511 829 657 875 συνεχές·
685 829 748 867 τοίς
775 829 883 866 αὐτάς
909 829 972 874 γάρ
1004 830 1062 860 καὶ
1093 828 1155 866 τὰς
1185 831 1261 867 ἴσας
1285 825 1462 874 διαιρέσεις
1489 832 1504 862 ὀ

510 873 626 918 χρόνος
651 869 834 917 διαιρεῖται
858 875 916 904 καὶ
941 873 984 905 τό
1010 870 1161 917 μέγεθος.

436 962 512 995 Ἔτι
538 958 574 994 δὲ
597 963 656 993 καὶ
682 962 717 993 ἐκ
751 962 816 992 τῶν
842 959 1008 992 εἰωθότων
1038 959 1147 1004 λόγων
1177 959 1338 1006 λέγεσθαι
1362 961 1503 1004 φανερὸν

509 1007 551 1043 ὠς
577 1008 667 1046 εἴπερ
694 1007 710 1036 ὁ
735 1005 850 1049 χρόνος
876 1006 949 1036 ἐστὶ
966 1007 1122 1048 συνεχής,
1143 1002 1196 1036 ὅτι
1212 1006 1270 1036 καὶ
1288 1005 1329 1037 τὸ
1350 1004 1501 1051 μέγεθος,

509 1051 600 1093 εἴπερ
619 1051 651 1082 έν
670 1049 716 1089 τῷ
735 1050 846 1092 ’ἡμίσει
861 1048 966 1093 χρόνῳ
985 1047 1085 1092 ἥμισυ
1105 1043 1293 1093 διέρχεται,
1312 1051 1369 1080 καὶ
1390 1051 1504 1087 ἁπλῶς

510 1095 541 1125 ἐν
567 1095 614 1133 τῷ
647 1093 807 1125 ἐλάττονι
839 1092 1001 1125 ἔλαττον·
1034 1095 1068 1124 αἱ
1093 1092 1157 1138 γὰρ
1191 1092 1297 1126 αὐταὶ
1325 1088 1502 1138 διαιρέσεις

509 1138 645 1169 ἔσονται
670 1138 731 1169 τοῦ
755 1136 874 1182 χρόνου
899 1138 957 1168 καὶ
982 1137 1044 1168 τοῦ
1069 1135 1240 1182 μεγέθους.

493 1228 641 1255 ΒΥΝοΡεῐε.
655 1242 689 1247 -
706 1235 729 1254 ι.
744 1227 954 1262 Argumentum
971 1232 999 1254 et
1012 1225 1115 1254 divisio
1129 1232 1231 1254 textus.
1246 1227 1376 1263 Tempus
1390 1235 1426 1255 eo
1439 1236 1505 1254 mo-

441 1267 479 1294 do
493 1273 535 1294 est
549 1266 686 1294 divisibile
697 1272 725 1293 et
735 1265 927 1302 componitur,
943 1275 1002 1302 quo
1014 1265 1182 1302 magnitudo
1197 1272 1225 1294 et
1239 1272 1345 1294 motus.
1356 1282 1376 1288 -
1387 1273 1414 1294 2.
1429 1267 1503 1294 Sub-

440 1306 541 1334 divisio
562 1312 663 1334 textus.
685 1306 827 1333 Probatur
847 1305 1030 1342 propositum
1052 1307 1080 1340 a)
1104 1314 1155 1341 per
1175 1314 1266 1342 aeque
1287 1305 1404 1334 velocia.
1427 1306 1503 1333 Dato

440 1345 516 1373 enim
538 1345 630 1381 spatio
653 1344 749 1381 aliquo
771 1344 903 1372 divisibili
925 1353 976 1381 per
997 1345 1077 1381 quod
1098 1351 1178 1373 tanto
1200 1351 1331 1381 tempore
1352 1345 1503 1380 transitur,

439 1385 469 1412 in
483 1384 588 1412 minori
603 1391 732 1420 tempore
754 1393 844 1421 aeque
858 1385 940 1412 velox
954 1384 1028 1412 illius
1043 1391 1154 1420 partem
1169 1383 1317 1412 conficiet:
1340 1383 1392 1412 erit
1406 1384 1503 1421 itaque

438 1431 551 1461 tempus
573 1423 722 1452 divisibile.
747 1425 783 1451 Et
803 1423 865 1460 pari
886 1423 1006 1459 ratione,
1031 1423 1127 1460 posito
1148 1430 1279 1460 tempore
1302 1423 1436 1460 partibili,
1459 1433 1503 1452 se-

439 1470 542 1501 quetur
567 1463 795 1500 magnitudinem
823 1462 992 1491 divisibilem
1018 1472 1088 1491 esse.
1110 1479 1129 1484 —
1153 1463 1178 1491 3.
1201 1463 1229 1499 b)
1258 1463 1336 1491 Idem
1364 1463 1503 1500 probatur

438 1512 490 1540 per
517 1503 642 1531 velocius
670 1510 698 1531 et
722 1502 840 1530 tardius.
871 1502 1034 1530 Subdivisio
1062 1509 1163 1530 textus.
1188 1518 1207 1533 :—
1230 1512 1258 1538 4.
1289 1503 1501 1531 Praenotamen

434 1543 574 1580 primum.
598 1543 672 1570 Cum
694 1542 789 1570 omnis
811 1542 979 1578 magnitudo
1001 1542 1037 1570 sit
1059 1542 1206 1570 divisibilis
1232 1542 1262 1570 in
1283 1542 1443 1578 infinitum,
1470 1549 1502 1570 ut

438 1591 472 1610 ex
497 1588 582 1610 antea
609 1581 691 1610 dictis
719 1588 812 1618 patet,
841 1581 970 1618 sequitur
997 1581 1104 1610 mobile
1132 1581 1257 1610 velocius
1281 1591 1339 1620 per
1360 1582 1500 1610 maiorem

439 1621 667 1660 magnitudinem
690 1621 798 1649 moveri
821 1621 848 1648 in
871 1626 1000 1658 tempore
1021 1621 1137 1658 aequali
1143 1631 1153 1655 ;
1174 1621 1265 1649 immo
1287 1621 1373 1650 etiam
1396 1621 1425 1649 in
1447 1622 1500 1649 mi-

438 1661 511 1689 nori.
529 1678 546 1682 -
562 1661 587 1688 5.
604 1661 691 1696 Quod
706 1660 866 1688 ostenditur
880 1661 977 1697 quoad
991 1660 1115 1697 primam
1130 1667 1250 1697 partem.
1272 1660 1417 1696 Velocius,
1433 1660 1502 1698 quia

437 1700 467 1728 in
488 1700 601 1736 aequali
622 1707 752 1736 tempore
773 1701 836 1736 plus
858 1707 998 1735 movetur,
1014 1701 1051 1728 ad
1072 1700 1277 1737 magnitudinis
1298 1701 1382 1729 datae
1403 1700 1500 1728 termi-

436 1749 507 1768 num
524 1739 650 1776 attinget,
666 1739 783 1767 tardiori
805 1740 898 1767 adhuc
919 1741 955 1767 ab
971 1748 1006 1767 eo
1021 1739 1158 1768 distante:
1181 1740 1244 1776 plus
1265 1749 1334 1776 ergo
1356 1740 1392 1768 de
1406 1740 1500 1776 spatio

436 1779 465 1807 in
487 1779 599 1815 aequali
627 1785 757 1815 tempore
778 1778 905 1807 velocius
932 1779 1095 1815 pertransit.
1118 1796 1137 1800 -
1159 1780 1185 1807 6.
1209 1779 1315 1813 Quoad
1343 1779 1500 1807 secundam

435 1825 556 1855 partem.
580 1818 610 1846 Si
631 1818 719 1846 totius
741 1817 946 1855 magnitudinis
970 1819 1054 1846 datae
1075 1817 1232 1854 accipiatur
1252 1827 1334 1854 pars,
1357 1827 1431 1855 quae
1452 1827 1500 1845 ex-

435 1858 520 1886 cedat
540 1864 650 1894 partem
672 1867 759 1894 quam
781 1857 933 1894 pertransit
960 1857 1068 1885 tardius
1090 1857 1119 1885 in
1142 1866 1200 1894 quo
1223 1863 1353 1893 tempore
1373 1857 1500 1885 velocius

435 1904 526 1925 totam
542 1897 768 1934 magnitudinem
783 1896 906 1932 conficit,
918 1896 1044 1924 velocius
1054 1905 1106 1932 per
1115 1896 1256 1924 maiorem
1271 1895 1498 1933 magnitudinem

436 1943 581 1973 acceptam
604 1937 708 1964 feretur
728 1936 757 1963 in
772 1935 877 1964 minori
892 1943 1022 1972 tempore
1044 1945 1132 1972 quam
1146 1935 1256 1964 tardius
1270 1945 1321 1972 per
1338 1936 1498 1964 minorem:

435 1985 503 2004 nam
525 1975 650 2003 velocius
677 1975 819 2003 minorem
848 1975 1075 2012 magnitudinem
1097 1975 1126 2002 in
1148 1975 1252 2003 minori
1280 1981 1410 2011 tempore
1435 1984 1499 2011 per-

436 2014 551 2050 transit;
566 2022 657 2043 totam
672 2021 767 2043 autem
783 2014 1009 2051 magnitudinem
1024 2014 1177 2051 pertransit
1191 2014 1220 2042 in
1235 2015 1339 2042 eodem
1359 2021 1498 2050 tempore,

436 2055 465 2082 in
487 2064 545 2091 quo
567 2054 674 2082 tardius
696 2053 811 2082 conficit
831 2060 941 2090 partem
971 2062 1044 2090 quae
1070 2061 1112 2082 est
1133 2053 1228 2082 minor
1253 2060 1332 2090 parte
1359 2055 1394 2082 de
1420 2063 1499 2082 novo

437 2101 559 2130 sumpta.
570 2111 588 2115 -
597 2103 623 2130 7.
634 2094 844 2121 Praenotamen
859 2094 993 2121 alterum.
1009 2094 1050 2121 Ex
1065 2093 1228 2130 praemissis
1243 2093 1426 2122 maniFestum
1438 2102 1500 2121 esse

438 2139 533 2169 potest
552 2132 678 2161 velocius
698 2132 869 2169 pertransire
890 2133 1010 2169 aequale
1032 2132 1157 2169 spatium
1179 2133 1209 2160 in
1229 2132 1336 2169 minori
1359 2140 1497 2169 tempore.

436 2173 579 2200 Probatur
599 2179 748 2200 assertum.
771 2172 997 2200 Praemittuntur
1021 2172 1090 2200 duo.
1113 2172 1200 2200 Ratio
1223 2172 1332 2210 prima.
1356 2172 1431 2207 Quia
1451 2181 1498 2200 ve-

569 2268 670 2295 ..........

656 2263 872 2306 'fostquam
900 2254 1155 2303 Philosophus
1177 2255 1196 2275 ’δ
1221 2254 1383 2290 ostendit
1402 2254 1497 2290 eius-

556 2296 626 2357 22ng
654 2309 685 2341 ἒν
697 2308 785 2344 dem
814 2307 967 2344 rationis
1001 2319 1103 2354 esse,
1138 2307 1242 2355 quod
1274 2306 1495 2354 magnitudo

676 2368 732 2396 et
756 2368 883 2397 motus
901 2372 970 2408 per
999 2372 1083 2396 eam
1111 2359 1294 2395 transiens
1325 2372 1369 2395 ex
1402 2359 1496 2396 indi-

589 2451 592 2458 ,
655 2413 902 2449 visibilibus
941 2420 1220 2460 componantur
1253 2413 1293 2459 *,
1332 2412 1497 2449 ostendit

436 2465 548 2502 etiam
576 2465 677 2502 idern
707 2466 752 2502 de
777 2473 948 2514 tempore
971 2473 1006 2501 et
1024 2464 1293 2512 magnitudine.
1324 2465 1373 2501 Et
1402 2464 1494 2502 divi-

435 2519 533 2555 ditur
560 2518 598 2554 in
626 2526 750 2566 partes
784 2517 892 2555 duas:
927 2517 964 2553 in
993 2517 1118 2566 prima
1146 2518 1165 2538 '¹‘
1195 2517 1358 2554 ostendit
1390 2518 1493 2566 quod

434 2571 481 2608 ad
511 2570 736 2607 divisionem
757 2569 1023 2618 magnitudinis
1053 2570 1220 2619 sequitur
1244 2569 1379 2607 divisio
1400 2578 1493 2607 tem-

432 2624 550 2672 poris,
582 2631 617 2660 et
646 2635 665 2659 e
686 2636 894 2670 converso;
924 2623 962 2659 in
991 2623 1159 2660 secunda
1191 2623 1355 2660 ostendit
1389 2623 1492 2671 quod

434 2689 478 2713 ex
507 2676 687 2713 infinitate
715 2676 826 2712 unius
847 2676 1015 2724 sequitur
1034 2675 1198 2712 infinitas
1227 2675 1389 2723 alterius,
1418 2676 1491 2713 ibi:

431 2731 482 2766 Et
506 2730 540 2765 si
561 2729 818 2777 quodcumque
846 2729 1030 2776 infinitum
1060 2734 1114 2765 est
1136 2730 1155 2748 ⁴⁹
1181 2736 1249 2766 etc.
1281 2728 1391 2765 Circa
1418 2729 1491 2777 pri-

433 2794 540 2818 mum
560 2782 636 2819 duo
657 2781 759 2818 facit:
780 2781 903 2830 primo
922 2781 1030 2830 ponit
1046 2781 1302 2830 propositum;
1323 2782 1491 2819 secundo

433 2835 681 2881 demonstrat,
711 2834 777 2871 ibi:
808 2835 849 2870 Si
871 2835 969 2871 enim
994 2835 1114 2871 omnis
1133 2835 1152 2855 ³³³
1178 2842 1245 2871 etc.
1276 2833 1375 2871 Dicit
1404 2847 1491 2882 ergo

431 2887 555 2935 primo
585 2887 690 2935 quod
724 2887 836 2923 etiam
864 2895 1014 2935 tempus
1048 2899 1203 2924 necesse
1239 2895 1293 2923 est
1325 2887 1493 2924 similiter

434 2952 514 2976 esse
545 2939 727 2976 divisibile
749 2947 786 2976 et
804 2940 1041 2986 indivisibile,
1064 2948 1100 2976 et
1120 2939 1299 2989 componi
1325 2952 1370 2976 ex
1398 2940 1491 2977 indi—

432 2992 652 3038 visibilibus,
674 2993 767 3028 sicut
787 2992 979 3040 longitudo
1011 3000 1046 3029 et
1073 3000 1211 3029 motus.

488 3057 521 3081 2.
544 3044 689 3082 Deinde
711 3057 797 3081 cum
818 3045 919 3082 dicit:
941 3046 982 3082 Si
999 3046 1097 3083 enim
1117 3046 1238 3082 omnis
1255 3052 1336 3092 etc.,
1356 3046 1494 3094 probat

432 3097 669 3146 propositum
697 3097 814 3134 tribus
843 3098 1068 3135 rationibus:
1096 3111 1261 3147 quarum
1289 3097 1412 3147 prima
1432 3111 1492 3135 su-

434 3150 548 3187 mitur
569 3163 638 3198 per
657 3163 776 3199 aeque
796 3151 960 3197 velocia;
990 3152 1156 3188 secunda
1177 3164 1245 3199 per
1267 3151 1437 3188 velocius
1457 3159 1493 3188 et
1510 3189 1515 3193 ,

434 3203 585 3248 tardius,
607 3202 677 3239 ibi:
712 3204 897 3244 Quoniam
926 3209 1050 3240 autem
1079 3205 1199 3241 omnis
1217 3205 1237 3225 '¹‘
1266 3212 1353 3250 ete.;
1383 3204 1489 3241 tertia

434 3269 501 3304 per
524 3255 625 3292 idem
651 3255 807 3302 mobile,
839 3256 907 3293 ibi:
936 3257 1107 3305 Amplius
1134 3262 1258 3293 autem
1278 3262 1314 3293 et
1330 3269 1379 3293 ex
1406 3268 1492 3294 con-

433 3309 542 3345 suetis
570 3309 589 3329 *²
619 3316 686 3345 etc.
717 3309 815 3345 Dicit
848 3321 935 3357 ergo
969 3310 1094 3358 primo
1123 3309 1228 3358 quod
1261 3309 1308 3346 de
1346 3309 1490 3347 ratione

435 3374 554 3409 aeque
582 3361 723 3398 velocis
752 3369 817 3408 est,
844 3362 948 3410 quod
976 3362 1165 3399 minorem
1192 3361 1489 3409 magnitudinem

435 3421 596 3450 transeat
634 3414 671 3450 in
700 3414 837 3451 minori
870 3422 1054 3463 tempore.
1091 3415 1211 3451 Detur
1245 3426 1333 3461 ergo
1367 3414 1490 3463 aliqua

437 3466 654 3512 magnitudo
693 3466 910 3513 divisibilis,
949 3479 1065 3516 quam
1102 3466 1301 3515 pertransit
1337 3467 1490 3516 aliquod

437 3518 575 3554 mobile
613 3518 650 3555 in
688 3519 813 3568 aliquo
850 3527 1021 3568 tempore
1051 3519 1160 3556 dato:
1199 3519 1367 3568 sequitur
1401 3532 1489 3568 ergo

438 3571 539 3618 quod
575 3571 714 3608 mobile
744 3584 862 3620 aeque
894 3573 1005 3609 velox
1038 3579 1200 3609 transeat
1232 3579 1377 3621 partem
1411 3583 1490 3610 ma-

437 3622 636 3669 gnitudinis
661 3624 697 3661 in
717 3624 852 3661 minori
872 3631 1064 3673 tempore3
1086 3631 1122 3661 et
1141 3623 1193 3661 sic
1213 3624 1379 3673 oportuit
1397 3632 1490 3662 tem-

1077 314 1421 352 PHYSICORUM
1448 315 1797 352 ARISTOTELIS
1827 316 1920 352 LIB.
1950 316 2001 353 VI

1631 400 1677 424 est
1699 394 1755 423 ZT
1778 399 1936 433 tempore,
1965 393 2068 433 ipsam
2095 404 2177 435 quae
2200 402 2246 427 est
2273 395 2332 427 CK
2354 397 2512 437 transivit,
2542 398 2632 430 velo-

1631 437 1697 467 cius
1726 437 1758 467 in
1789 437 1905 467 minori
1929 437 2088 468 transibit:
2113 448 2210 478 quare
2233 439 2348 471 iterum
2371 441 2519 472 dividitur
2540 443 2630 483 quod

1631 488 1677 512 est
1697 481 1752 511 ZT
1768 487 1904 521 tempus.
1936 482 2007 512 Hoc
2035 488 2142 513 autern
2161 483 2278 522 diviso,
2301 491 2332 515 et
2355 484 2414 516 CK
2442 486 2628 526 magnitudo

1630 525 1785 555 dividetur
1818 525 1993 556 secundum
2030 526 2163 556 eandem
2191 527 2368 558 rationem:
2407 528 2433 558 si
2461 539 2536 560 vero
2562 540 2630 560 ma-

1629 569 1774 609 gnitudo,
1791 575 1822 599 et
1839 575 1975 609 tempus.
1998 569 2040 600 Et
2061 569 2123 600 hoc
2147 580 2271 611 semper
2293 571 2350 602 erit
2372 571 2596 613 accipientibus
2611 584 2630 604 a

1629 612 1778 643 velociori
1795 613 1929 652 tardius,
1949 620 1980 643 et
1995 623 2012 643 a
2035 613 2163 644 tardiori
2182 614 2338 654 velocius,
2363 622 2393 646 et
2409 625 2448 646 eo
2464 617 2553 657 quod
2576 617 2629 648 de-

1629 663 1841 687 monstratum
1873 664 1920 688 est
1946 657 2116 688 utentibus.
2141 657 2268 689 Dividet
2300 659 2386 689 enim
2408 659 2441 689 id
2471 661 2560 700 quod
2583 667 2629 693 est

1627 700 1768 731 velocius
1791 707 1928 741 tempus,
1951 701 2070 732 tardius
2086 708 2193 732 autem
2214 702 2458 742 longitudinem.
2478 703 2511 735 Si
2534 704 2630 744 igitur

1628 754 1752 784 semper
1773 754 1885 775 verum
1913 751 1958 775 est
1987 746 2142 784 converti,
2176 756 2328 777 converso
2365 754 2472 778 autem
2505 758 2630 789 semper

1627 787 1662 818 fit
1685 787 1815 826 divisio;
1839 788 2043 819 manifestum
2066 789 2220 830 quoniam
2247 800 2343 821 omne
2373 797 2499 831 tempus
2528 792 2629 823 conti-

1627 841 1730 861 nuum
1750 838 1804 862 est.
1829 832 1846 851 *
1865 832 2013 863 Similiter
2035 840 2141 864 autem
2164 833 2367 866 manifestum
2390 841 2421 866 et
2443 835 2532 876 quod
2560 845 2627 867 ma-

1626 874 1760 914 gnitudo
1785 875 1892 906 omnis
1915 876 2065 907 continua
2089 884 2152 908 est:
2177 888 2233 918 per
2256 878 2382 909 easdem
2410 879 2495 909 enim
2522 885 2552 911 et
2575 889 2626 911 ae-

1626 918 1734 959 quales
1758 919 1927 950 divisiones
1949 927 2140 962 tempusque
2163 929 2194 952 et
2216 922 2402 962 magnitudo
2422 923 2580 955 dividitur.

1559 962 1707 1002 Amplius
1730 969 1837 996 autem
1861 969 1892 994 et
1913 973 1950 994 ex
1974 965 2131 996 consuetis
2154 965 2327 997 redonibus
2343 965 2403 997 dici
2421 967 2625 999 manifestum

1627 1012 1683 1044 est,
1701 1007 1790 1047 quod
1805 1007 1830 1037 si
1849 1013 1975 1048 tempus
1991 1008 2182 1040 continuum
2197 1016 2258 1048 est,
2275 1010 2364 1051 quod
2380 1017 2411 1041 et
2425 1011 2624 1051 magnitudo.

1626 1050 1790 1091 Siquidem
1812 1050 1845 1081 in
1864 1051 1971 1082 medio
1986 1057 2130 1091 tempore
2150 1053 2293 1083 medium
2314 1053 2436 1092 transit;
2453 1061 2483 1086 et
2503 1055 2623 1096 simpli-

1626 1094 1700 1124 citer
1722 1094 1756 1124 in
1778 1094 1894 1125 minori
1918 1095 2034 1126 minus.
2051 1096 2190 1127 Eaedem
2206 1106 2344 1138 namque
2361 1097 2529 1129 divisiones
2545 1105 2623 1131 tem-

1624 1137 1710 1178 poris
1733 1144 1764 1169 et
1786 1138 2011 1179 magnitudinis
2035 1145 2118 1171 sunt.
2615 1150 2617 1152 ’

1558 1225 1650 1254 locius
1670 1225 1812 1254 maiorem
1833 1227 2062 1264 magnitudinem
2083 1227 2185 1256 transit
2205 1227 2235 1256 in
2255 1227 2360 1257 minori
2381 1234 2513 1266 tempore
2533 1238 2623 1266 quam

1558 1265 1666 1293 tardius
1681 1265 1833 1301 minorem,
1855 1265 1886 1294 in
1906 1267 2001 1295 adhuc
2021 1266 2128 1295 minori
2146 1275 2198 1304 per
2211 1268 2331 1304 aequale
2351 1268 2476 1305 spatium
2496 1269 2623 1298 velocius

1558 1304 1623 1333 ferri
1637 1313 1753 1333 necesse
1774 1311 1826 1333 est.
1840 1321 1860 1326 -
1874 1306 1901 1334 8.
1916 1306 2002 1334 Ratio
2023 1306 2159 1334 secunda.
2181 1307 2271 1341 Quod
2291 1313 2424 1336 movetur
2442 1316 2496 1344 per
2514 1317 2622 1346 aequa·

1557 1344 1614 1372 lem
1636 1343 1863 1381 magnitudinem
1885 1344 1914 1373 in
1936 1345 2039 1373 maiori
2059 1352 2200 1382 tempore,
2226 1353 2269 1374 est
2289 1345 2406 1383 tardius,
2426 1353 2459 1376 ut
2482 1356 2516 1376 ex
2539 1347 2622 1378 dictis

1557 1390 1686 1419 constat;
1712 1383 1736 1412 si
1760 1390 1857 1412 autem
1878 1384 1908 1412 in
1929 1385 2058 1422 aequali,
2082 1394 2174 1422 aeque
2194 1385 2277 1414 velox
2298 1392 2356 1422 θεῖς
2376 1393 2464 1415 restat
2484 1386 2570 1424 igitur
2587 1393 2622 1420 ,ut

1556 1423 1683 1452 velocius
1711 1423 1741 1451 in
1762 1423 1869 1452 minori
1889 1430 2020 1461 tempore
2047 1433 2100 1462 per
2121 1425 2241 1462 aequale
2269 1425 2393 1462 spatium
2420 1433 2621 1461 moveatur„-

1557 1472 1584 1499 9.
1608 1462 1772 1491 Subdivisio
1793 1469 1894 1491 textus.
1917 1463 2138 1492 Praenotamen.
2161 1464 2264 1493 Omnis
2278 1471 2375 1494 motus
2389 1471 2432 1494 est
2445 1465 2476 1494 in
2489 1471 2620 1504 tempore

1556 1508 1584 1530 et
1604 1502 1634 1530 in
1649 1511 1835 1540 quocumque
1852 1509 1984 1540 tempore
1997 1503 2135 1541 possibile
2149 1510 2192 1532 est
2206 1503 2332 1532 moveri:
2354 1504 2424 1533 item
2438 1513 2526 1544 omne
2540 1506 2621 1543 quod

1555 1548 1696 1577 movetur,
1713 1541 1852 1579 contingit
1865 1542 1992 1571 velocius
2006 1549 2035 1571 et
2048 1542 2156 1572 tardius
2177 1542 2297 1572 moveri.
2312 1545 2390 1582 Ergo
2404 1544 2435 1572 in
2449 1544 2530 1573 omni
2545 1550 2618 1574 tem·

1555 1590 1626 1618 pore
1647 1582 1717 1610 dato
1736 1581 1876 1619 contingit
1895 1582 2022 1611 velocius
2043 1589 2071 1611 et
2091 1582 2200 1611 tardius
2221 1583 2341 1619 moveri,
2357 1593 2445 1621 quam
2466 1583 2503 1612 sit
2522 1591 2620 1613 motus

1555 1621 1638 1649 datus
1659 1621 1689 1649 in
1710 1621 1758 1649 tali
1773 1627 1912 1658 tempore.
1929 1638 1948 1643 -
1966 1631 2009 1650 10.
2026 1622 2216 1650 Concluditur
2228 1623 2426 1660 propositum:
2449 1622 2556 1652 scilicet
2569 1633 2636 1662 ne·-

1555 1669 1633 1689 cesse
1647 1667 1690 1689 est
1703 1661 1784 1698 quod
1798 1667 1912 1697 tempus
1926 1661 1962 1690 sit
1976 1661 2156 1697 continuum,
2177 1661 2234 1690 hoc
2247 1668 2290 1690 est
2303 1661 2443 1691 divisibile
2461 1662 2492 1691 in
2505 1663 2621 1700 semper

1554 1699 1720 1736 divisibilia,
1742 1700 1766 1728 si
1787 1701 1956 1737 magnitudo
1978 1701 2014 1729 sit
2041 1701 2194 1730 continua:
2217 1701 2285 1738 quia
2305 1702 2343 1731 ad
2363 1701 2536 1731 divisionem
2556 1712 2618 1732 ma-

1553 1739 1711 1776 gnitudinis
1739 1739 1869 1776 sequitur
1895 1739 1998 1768 divisio
2026 1741 2165 1777 temporis
2193 1747 2221 1769 et
2241 1749 2258 1770 e
2283 1750 2433 1770 converso.
2463 1743 2552 1777 Quod
2578 1742 2620 1771 sic

1554 1778 1723 1807 ostenditur.
1745 1778 1880 1807 Velocius
1900 1779 1931 1807 in
1951 1779 2057 1808 minori
2083 1786 2215 1817 tempore
2237 1789 2325 1818 quam
2345 1781 2471 1817 tardius,
2492 1780 2618 1818 spatium

1554 1817 1776 1845 determinatum
1797 1818 1965 1854 pertransit3
1986 1818 2017 1847 in
2037 1819 2094 1848 hoc
2114 1825 2211 1848 autem
2232 1826 2363 1857 tempore
2383 1820 2492 1850 tardius
2513 1821 2620 1850 feretur

1553 1866 1605 1893 per
1619 1856 1747 1885 eiusdem
1762 1857 1846 1893 spatii
1860 1863 1988 1894 partem3
2011 1867 2100 1894 quam
2113 1865 2225 1895 partem
2241 1858 2344 1887 iterum
2359 1859 2486 1888 velocius
2500 1859 2531 1888 in
2544 1866 2618 1889 tem-

1553 1905 1624 1932 pore
1639 1897 1733 1925 adhuc
1753 1896 1879 1924 breviori
1901 1896 2049 1932 conficiet;
2071 1903 2099 1925 et
2120 1897 2160 1925 sic
2181 1907 2296 1934 semper
2309 1898 2476 1935 accipiendo
2490 1898 2617 1928 velocius

1554 1935 1707 1963 dividimus
1727 1942 1851 1972 tempus,
1868 1942 1895 1964 et
1909 1935 2018 1964 tardius
2032 1937 2208 1964 assumendo
2223 1937 2451 1974 magnitudinem
2465 1937 2615 1974 partimur.

1553 1976 1604 2002 Est
1625 1984 1693 2011 ergo
1715 1979 1829 2011 tempus
1850 1975 1990 2003 divisibile
2004 1975 2033 2003 in
2055 1985 2168 2012 semper
2182 1976 2341 2012 divisibilia,
2356 1983 2384 2005 et
2404 1977 2534 2005 similiter
2553 1986 2616 2006 ma-

1553 2014 1683 2051 gnitudo.
1705 2031 1724 2036 -
1749 2023 1792 2042 11.
1814 2016 1840 2050 c)
1862 2016 2005 2043 Probatur
2026 2023 2060 2043 ex
2079 2015 2310 2044 consideratione
2330 2017 2416 2045 unius
2437 2023 2465 2044 et
2486 2016 2616 2046 eiusdem

1554 2053 1678 2081 mobilis.
1700 2054 1797 2082 Unum
1820 2054 1897 2082 enim
1918 2061 1946 2082 et
1966 2054 2044 2082 idem
2069 2054 2177 2083 mobile
2204 2055 2370 2092 regulariter
2390 2062 2520 2091 motum,
2542 2056 2616 2085 sicut

1554 2093 1583 2121 in
1605 2099 1667 2121 toto
1688 2100 1819 2129 tempore
1839 2099 1933 2121 totum
1955 2094 2079 2130 spatium
2100 2094 2268 2130 pertransit,
2289 2095 2329 2123 ita
2349 2101 2377 2123 et
2404 2094 2557 2124 dimidium
2574 2100 2617 2125 ¹m

1555 2132 1651 2160 medio
1674 2139 1819 2169 tempore,
1843 2139 1870 2160 et
1890 2132 1920 2160 in
1941 2133 2047 2161 minori
2068 2133 2180 2161 minus:
2208 2133 2338 2162 similiter
2357 2143 2427 2172 ergo
2449 2134 2616 2165 dividuntur

1554 2178 1667 2208 tempus
1688 2178 1716 2199 et
1737 2171 1915 2209 magnitudo.
2442 2174 2444 2177 ’

1550 2266 1623 2302 pus
1653 2254 1784 2291 datum
1813 2267 1896 2291 esse
1925 2254 2121 2292 divisibile.
2152 2255 2192 2292 Si
2221 2263 2348 2293 autem
2377 2268 2398 2293 e
2427 2254 2614 2303 converso

1552 2307 1660 2343 detur
1688 2307 1792 2355 quod
1820 2315 1971 2356 tempus
1999 2307 2045 2345 sit
2073 2307 2269 2355 divisibile,
2299 2308 2337 2345 in
2365 2321 2443 2358 quo
2472 2310 2613 2359 mobile

1551 2359 1682 2396 datum
1711 2367 1889 2396 movetur
1919 2373 1988 2408 per
2015 2360 2315 2408 magnitudinem
2349 2361 2516 2411 aliquam
2537 2362 2614 2413 ⁴da-

1549 2419 1638 2458 tam,
1662 2412 1830 2461 sequitur
1849 2414 1954 2461 quod
1973 2425 2093 2462 aeque
2113 2414 2227 2450 velox
2255 2413 2397 2450 mobile
2416 2414 2454 2451 in
2474 2413 2613 2453 minori

1549 2472 1733 2513 tempore,
1755 2465 1861 2513 quod
1882 2472 1937 2502 est
1955 2477 2042 2514 pars
2061 2465 2175 2502 totius
2193 2466 2387 2515 temporis,
2412 2474 2614 2505 moveatur

2652 842 2664 854 ⁸
2677 842 2745 866 Text.
2759 849 2793 872 ¹7·

1547 2530 1617 2566 per
1635 2517 1826 2554 minorem
1846 2518 2164 2566 magnitudinem:
2192 2526 2228 2555 et
2245 2518 2296 2555 ita
2315 2519 2484 2568 sequitur
2506 2520 2613 2569 quod
2631 2540 2635 2541 ⁷

1547 2570 1769 2618 magnitudo
1790 2583 1888 2619 quae
1917 2578 1972 2607 est
1997 2572 2032 2607 A
2060 2571 2107 2608 sit
2134 2570 2340 2609 divisibilis.

1603 2624 1637 2660 3.
1654 2623 1802 2660 Deinde
1819 2635 1906 2660 cum
1922 2623 2025 2660 dicit:
2050 2624 2237 2670 Quoniam
2251 2630 2376 2661 autem
2392 2625 2513 2662 omnis
2527 2631 2610 2674 etc.,

1548 2676 1710 2712 ostendit
1741 2675 1844 2722 idem
1871 2688 1940 2725 per
1969 2676 2046 2713 duo
2075 2676 2251 2723 mobilia,
2290 2688 2456 2726 quorum
2488 2688 2611 2715 unum

1547 2737 1603 2766 est
1621 2728 1791 2766 velocius
1820 2736 1856 2765 et
1883 2729 1984 2766 aliud
2011 2728 2165 2766 tardius.
2196 2730 2246 2766 Et
2262 2728 2388 2778 primo
2407 2729 2613 2779 praemittit

1546 2782 1736 2830 quaedam
1757 2781 1969 2818 necessaria
1989 2783 2037 2819 ad
2051 2781 2291 2831 propositum
2312 2782 2608 2830 ostendendu‘tm

1546 2834 1715 2872 seeundo
1735 2835 1872 2883 probat
1889 2835 2140 2883 propositum,
2170 2834 2242 2872 ibi:
2275 2835 2462 2877 Quoniam
2485 2841 2635 2878 autem¹

1547 2887 1667 2924 omnis
1682 2887 1830 2935 quidem
1849 2887 2001 2924 motus*
2018 2895 2086 2925 etc.
2104 2887 2214 2924 Circa
2226 2887 2396 2936 primum
2412 2888 2490 2925 duo
2506 2889 2609 2926 facit:
2638 2901 2647 2910 ·

1545 2940 1671 2989 primo
1692 2939 1855 2977 ostendit
1873 2940 2072 2989 quomodo
2090 2940 2267 2977 velocius.
2280 2952 2320 2978 se
2335 2940 2451 2978 habet
2468 2941 2518 2978 ad
2536 2949 2610 3001 tar—

1547 2993 1631 3030 dius
1650 2993 1689 3029 in
1707 2993 1782 3029 hoc
1801 2992 1906 3040 quod
1935 3000 2136 3030 moveatur
2161 3005 2231 3042 per
2254 2993 2440 3030 maiorem
2463 3005 2627 3042 magnh

1546 3045 1735 3092 tudinem3
1765 3045 1934 3083 secundo
1963 3045 2161 3094 quomodo
2191 3058 2232 3082 se
2250 3045 2388 3083 habeat
2407 3045 2456 3083 ad
2483 3045 2609 3096 ipsum

1547 3106 1731 3147 quantum
1752 3098 1800 3134 ad
1819 3098 1894 3135 hoc
1921 3098 2027 3147 quod
2055 3106 2111 3135 est
2137 3098 2286 3136 moveri
2310 3110 2380 3147 per
2407 3098 2609 3148 aequalem

1547 3150 1859 3199 magnitudinem,
1876 3150 1945 3188 ibi:
1964 3151 2213 3200 Manifestum
2228 3157 2353 3188 autem
2369 3163 2418 3188 ex
2435 3152 2522 3189 his*
2539 3159 2607 3190 etc.
2634 3164 2647 3176 ⁸

1547 3204 1656 3241 Circa
1679 3203 1847 3252 primum
1877 3204 1953 3240 duo
1983 3203 2088 3240 facit:
2117 3203 2242 3253 primo
2270 3204 2450 3253 proponit
2467 3206 2633 3254 propo-'

1546 3257 1671 3303 situm,
1694 3268 1891 3293 resumens
1915 3256 2112 3305 quoddam
2139 3268 2184 3293 ex
2207 3257 2477 3306 superioribus,
2504 3257 2608 3307 quod

1547 3317 1601 3347 est
1629 3308 1884 3347 necessarium
1922 3308 1971 3346 ad
2009 3309 2350 3348 demonstrationes
2383 3317 2605 3360 sequentes;

1545 3362 1714 3400 secundo
1744 3362 1978 3399 demonstrat
2012 3362 2274 3412 propositum,
2312 3362 2385 3400 ibi:
2423 3363 2479 3400 Sit
2507 3363 2606 3401 enim

1544 3416 1664 3464 ipsum
1695 3416 1714 3436 '³‘
1743 3423 1811 3452 etc.

1597 3480 1634 3515 4.
1656 3468 1829 3505 Resumit
1854 3479 1942 3515 ergo
1962 3468 2037 3505 hoc
2056 3469 2088 3514 ¹⁸¹,
2111 3467 2215 3516 quod
2235 3468 2360 3506 omnis
2383 3467 2605 3516 magnitudo

1546 3520 1591 3557 sit
1623 3520 1817 3558 divisibilis
1844 3520 1883 3557 in
1911 3520 2197 3569 magnitudines,
2227 3522 2277 3558 Et
2303 3521 2377 3558 hoc
2404 3526 2507 3570 patet
2537 3531 2606 3569 per

1546 3574 1619 3610 hoc
1641 3573 1744 3622 quod
1765 3580 1958 3610 ostensum
1980 3580 2035 3610 est
2053 3585 2167 3622 supra
2194 3573 2224 3620 *,
2245 3573 2350 3623 quod
2373 3571 2604 3621 impossibile
2631 3580 2641 3590 ·
2656 3580 2780 3610 tectam.
2795 3589 2815 3606 2.
2872 3588 2884 3619 7

2631 3613 2658 3635 8(Ι

1547 3633 1601 3662 est
1626 3625 1779 3674 aliquod
1807 3624 2028 3662 continuum
2059 3625 2240 3674 componi
2264 3637 2309 3662 ex
2336 3625 2481 3671 atomis,
2511 3622 2605 3662 idest

2633 3477 2642 3485 '
2655 3477 2699 3499 hoc
2713 3484 2762 3501 om.
2777 3485 2831 3503 ιον.
2861 3501 2862 3504 ,
2886 3474 2889 3494 Ῑ

2660 3163 2732 3188 Num.
2744 3170 2766 3193 7.

2661 3427 2731 3451 Num.
2745 3435 2764 3458 5.
