2898 3996
259 885 322 907 Lect.
336 890 351 906 1.

233 1199 243 1208 ”
257 1198 320 1219 Lect.
335 1203 373 1219 vn.

232 1303 242 1311 ·
256 1301 299 1322 hoc
313 1301 365 1322 add.
380 1307 401 1322 ι’.

232 1405 241 1414 ’
255 1405 319 1427 Lect.
335 1411 383 1433 seq.

232 1460 241 1468 “
256 1458 317 1480 Lect.
334 1464 367 1480 111.

230 1878 238 1887 ·
264 1878 340 1897 motus
360 1876 398 1896 sui
417 1882 439 1901 κ,

228 1905 306 1924 motus
321 1903 393 1929 ipsius
412 1908 440 1923 nr

229 1935 262 1954 Rs,
285 1931 359 1949 motus
378 1928 440 1955 ipso-

230 1961 280 1976 rum
294 1958 338 1976 cet.
354 1958 376 1976 et
390 1961 414 1976 α.

235 2406 244 2414 “
266 2406 370 2426 movetur
389 2411 443 2426 Αυικ

234 2431 333 2456 Lstab.

239 2928 248 2936 ·
263 2926 332 2948 Num.
347 2933 395 2954 seq.

240 3027 249 3035 ⁶
264 3026 327 3053 quod
339 3032 408 3048 sexu.

241 3083 250 3091 ·
265 3082 315 3109 ipso
330 3082 382 3104 add.
398 3083 447 3104 pah.

686 371 757 412 »⁴55
769 370 794 406 με,
802 364 975 404 ostquam
984 355 1236 403 Philosophus
1246 355 1284 391 in
1294 355 1523 404 praeceden-

627 410 681 461 ’,ις
734 407 790 475 wls
801 409 898 445 tibus
923 408 1023 444 libris
1051 407 1315 444 determinavit
1344 408 1390 444 de
1415 414 1523 444 motu

754 449 766 463 A

732 464 784 511 Q
801 460 1010 496 secundum
1035 472 1091 506 se,
1123 467 1157 495 et
1186 459 1232 495 de
1262 460 1522 508 consequenti-v

715 509 772 567 &J
802 513 870 548 bus
890 512 939 548 ad
958 512 1098 559 ipsum,
1121 519 1156 548 et
1176 511 1222 548 de
1241 512 1410 560 partibus
1431 511 1520 558 eius,

731 562 860 600 ¹⁴i‘hic
897 563 1023 611 incipit
1057 563 1305 600 determinare
1334 564 1381 601 de
1415 571 1522 600 motu

698 613 713 637 ἒ
741 633 745 635 <
769 604 868 663 &per
891 615 1212 663 comparationem
1233 616 1280 652 ad
1299 623 1466 652 motores
1487 622 1523 651 et

474 667 637 704 mobilia.
672 668 720 703 Et
753 667 927 705 dividitur
958 668 996 704 in
1027 675 1151 715 partes
1185 667 1290 704 duas.
1325 670 1367 704 In
1398 668 1522 716 prima

474 719 635 759 ostendit
649 731 729 756 esse
744 720 910 767 primum
925 727 1072 756 motum
1088 727 1124 756 et
1136 720 1303 768 primum
1318 721 1519 756 mot'orem.

474 776 516 810 In
543 772 707 808 secunda
734 771 884 820 inquirit
911 771 1028 820 qualis
1057 772 1102 808 sit
1129 779 1254 808 motus
1281 772 1426 820 primus
1450 777 1466 792 α
1487 779 1522 808 et

471 825 614 875 primus
633 831 773 869 motor3
799 832 834 860 et
856 825 930 860 hoc
948 824 986 860 in
1006 831 1141 860 octavo
1161 824 1267 870 libro,
1287 824 1357 860 ibi:
1388 826 1520 861 Utrum

471 883 594 914 autem
603 877 732 924 factus
745 876 791 912 sit
808 876 1006 924 aliquando
1023 878 1042 897 '⁸‘
1063 883 1129 912 etc.
1147 876 1274 912 Prima
1289 884 1416 913 autem
1434 888 1522 924 pars

473 929 648 967 dividitur
675 929 713 965 in
740 936 862 977 partes
891 928 995 965 duas.
1026 930 1069 965 In
1086 928 1210 976 prima
1236 936 1341 977 parte
1361 928 1523 966 ostendit

473 994 553 1018 esse
570 981 737 1029 primum
751 988 898 1017 motum
915 987 950 1016 et
963 980 1129 1028 primum
1148 988 1348 1018 motorem.
1370 982 1418 1018 Et
1433 981 1522 1029 quia

472 1046 516 1070 ea
539 1045 635 1082 quae
655 1041 739 1069 sunt
766 1033 876 1069 unius
896 1033 1047 1080 ordinis,
1067 1034 1208 1070 habent
1233 1033 1398 1082 aliquam
1418 1046 1521 1070 com-

469 1085 703 1134 parationem
724 1085 770 1122 ad
789 1085 964 1131 invicem,
985 1085 1072 1122 ideo
1092 1085 1130 1122 in
1149 1086 1315 1123 secunda
1333 1093 1438 1134 parte
1458 1086 1521 1123 de-

469 1138 642 1174 terminat
670 1137 716 1173 de
752 1138 1032 1186 comparatione
1065 1146 1240 1175 motuum
1269 1139 1316 1175 ad
1343 1139 1520 1185 invicem,

469 1190 540 1227 ibi:
569 1190 762 1227 Dubitabit
786 1195 910 1226 autem
939 1191 1062 1238 utique
1081 1192 1101 1212 ²²⁴
1121 1198 1189 1227 etc.
1220 1191 1329 1228 Circa
1354 1191 1522 1240 primum

468 1243 535 1279 tria
555 1242 656 1278 facit:
684 1242 808 1290 primo
836 1242 1038 1291 praemittit
1063 1243 1256 1292 quoddam
1281 1256 1357 1292 quo
1382 1243 1521 1290 indiget

469 1295 518 1332 ad
553 1294 790 1343 propositum
828 1295 1120 1341 ostendendum;
1154 1296 1320 1332 secundo
1352 1296 1371 1317 ’¹‘
1398 1303 1521 1332 osten-

470 1348 522 1384 dit
547 1346 796 1395 propositum,
826 1347 897 1383 ibi:
931 1348 1116 1389 Quoniam
1135 1354 1258 1384 autem
1287 1343 1397 1384 omne
1423 1348 1524 1396 quod

468 1406 638 1436 movetur
657 1400 676 1420 ‘¹‘
697 1407 782 1444 etc.;
816 1399 922 1435 tertio
951 1400 1163 1437 manifestat
1194 1400 1388 1448 quoddam
1417 1400 1520 1448 quod

469 1460 728 1501 supposuerat,
750 1451 814 1487 ibi:
834 1452 1006 1488 Primum
1026 1458 1148 1489 autem
1169 1464 1321 1489 movens
1340 1454 1359 1472 ³
1381 1459 1447 1489 etc.

522 1517 556 1541 2.
578 1504 760 1552 Proponit
779 1516 867 1551 ergo
886 1504 1008 1551 primo
1029 1505 1133 1552 quod
1157 1517 1310 1541 necesse
1330 1512 1384 1541 est
1404 1516 1520 1541 omne

468 1558 571 1605 quod
600 1564 785 1602 movetur,
807 1557 853 1592 ab
874 1556 999 1604 aliquo
1026 1557 1276 1594 aliomoveri.
1304 1557 1420 1603 Quod
1440 1557 1519 1605 qui-

469 1610 556 1646 dem
576 1609 613 1645 in
629 1609 811 1656 aliquibus
827 1615 883 1644 est
901 1609 1154 1645 manifestum.
1172 1610 1266 1646 Sunt
1286 1610 1386 1646 enim
1406 1622 1519 1658 quae-

468 1661 555 1697 dam
585 1673 681 1709 quae
714 1673 792 1697 non
819 1661 958 1696 habent
985 1661 1023 1697 in
1052 1661 1181 1710 seipsis
1208 1661 1434 1710 principium
1463 1661 1520 1699 sui

466 1721 601 1760 motus,
631 1713 698 1749 sed
725 1712 950 1761 principium
969 1721 1095 1750 motus
1122 1714 1292 1762 ipsorum
1317 1722 1372 1751 est
1391 1715 1438 1751 ab
1460 1727 1520 1751 ex-

466 1766 638 1812 trinseco,
668 1765 761 1809 sicut
779 1765 816 1801 in
836 1765 1010 1813 hisquae
1034 1779 1103 1815 per
1120 1766 1340 1804 violentiam
1363 1779 1521 1804 moven-

466 1827 535 1855 tur.
558 1818 597 1854 Si
617 1830 704 1865 ergo
734 1818 874 1865 aliquid
893 1817 938 1854 sit
957 1819 1062 1867 quod
1081 1831 1159 1855 non
1180 1820 1318 1862 habeat
1338 1819 1377 1856 in
1396 1819 1520 1868 seipso

466 1871 689 1920 principium
715 1870 771 1906 sui
790 1877 928 1916 motus,
950 1871 1017 1908 sed
1035 1871 1261 1920 principium
1281 1871 1337 1908 sui
1356 1879 1481 1916 motus
1502 1873 1521 1893 '⁴²

468 1931 522 1960 est
549 1924 596 1959 ab
631 1923 1130 1970 extrinsecosmanifestum
1159 1931 1214 1960 est
1241 1924 1346 1972 quod
1373 1925 1420 1961 ab
1449 1924 1521 1961 alio

467 1983 652 2013 movetur.
685 1975 724 2012 Si
742 1987 834 2012 vero
856 1975 1075 2025 sitsaliquod
1103 1976 1243 2014 mobile
1264 1977 1367 2026 quod
1385 1978 1523 2013 habeat

468 2029 505 2065 in
534 2028 657 2076 seipso
681 2027 908 2076 principium
938 2029 994 2065 sui
1022 2036 1160 2075 motus,
1192 2030 1288 2066 circa
1307 2030 1381 2065 hoc
1399 2037 1523 2078 potest

470 2094 549 2118 esse
579 2081 738 2117 dubium
762 2093 811 2117 an
835 2081 881 2117 ab
906 2081 979 2118 alio
1003 2089 1214 2119 moveatur.
1245 2083 1293 2118 Et
1311 2082 1397 2118 ideo
1427 2082 1523 2119 circa

469 2135 542 2170 hoc
569 2133 699 2180 instat,
729 2133 778 2169 ad
806 2133 1083 2171 ostendendum
1122 2134 1224 2183 quod
1253 2135 1300 2171 ab
1327 2133 1406 2185 [alio
1440 2147 1522 2170 mo-

468 2194 578 2223 vetur
596 2185 623 2222 β.
646 2186 685 2224 Si
714 2197 801 2233 ergo
824 2186 962 2234 aliquid
990 2187 1063 2223 tale
1090 2195 1253 2235 ponatur
1280 2199 1357 2223 non
1376 2187 1524 2223 moveri

470 2240 517 2276 ab
544 2238 636 2286 alio,
666 2238 867 2287 accipiatur
894 2239 1036 2276 mobile
1063 2241 1142 2286 AB,
1173 2239 1231 2276 cui
1260 2239 1411 2288 quidem
1441 2252 1522 2275 mo-

469 2291 549 2328 veri
569 2291 767 2328 conveniat
788 2291 990 2328 secundum
1009 2304 1048 2328 se
1075 2298 1111 2328 et
1134 2293 1274 2340 primo,
1300 2304 1377 2328 non
1396 2299 1523 2328 autem

471 2356 515 2380 ex
535 2356 580 2380 eo
609 2345 712 2392 quod
740 2343 865 2392 aliqua
891 2357 978 2393 pars
1007 2344 1085 2381 eius
1114 2352 1300 2382 movetur.
1332 2345 1393 2381 Sic
1422 2345 1523 2381 enim

470 2409 547 2433 non
579 2404 796 2432 moveretur
824 2398 843 2415 ⁴⁶
873 2397 1082 2433 secundum
1117 2409 1178 2443 se,
1213 2398 1280 2433 sed
1313 2397 1523 2434 secundum

470 2456 635 2498 partem;
665 2455 812 2496 oportet
839 2457 977 2497 autern,
999 2449 1029 2485 si
1049 2449 1186 2498 aliquid
1208 2457 1338 2486 movet
1357 2450 1523 2498 seipsum

471 2514 548 2538 non
576 2509 723 2537 motum
752 2501 798 2537 ab
829 2502 956 2549 altem,
982 2503 1086 2549 quod
1115 2502 1160 2538 sit
1186 2502 1311 2550 primo
1335 2510 1369 2538 et
1387 2514 1456 2550 per
1483 2515 1523 2538 se

470 2561 632 2600 motum3
654 2554 747 2590 sicut
772 2553 802 2589 si
829 2554 966 2602 aliquid
994 2561 1048 2591 est
1073 2555 1236 2592 calidum
1259 2567 1338 2591 non
1356 2555 1403 2591 ab
1433 2555 1522 2603 alio,

472 2613 619 2654 oportet
647 2606 748 2654 quod
768 2606 813 2642 sit
830 2607 954 2654 primo
976 2614 1012 2643 et
1029 2619 1098 2655 per
1117 2620 1157 2644 se
1178 2607 1351 2644 calidum.

525 2659 609 2694 Hoc
638 2671 725 2705 ergo
756 2658 854 2705 dato,
884 2659 1053 2708 procedit
1072 2660 1120 2696 ad
1139 2659 1375 2708 propositum
1399 2665 1522 2696 osten-

474 2711 640 2747 dendum
670 2711 878 2759 dupliciter:
907 2712 1030 2760 primo
1053 2712 1207 2760 quidem
1228 2712 1462 2749 excludendo
1482 2712 1522 2749 il-

472 2763 552 2810 lud,
576 2764 676 2800 unde
697 2763 857 2800 maxime
876 2764 996 2801 videri
1014 2772 1143 2812 posset
1165 2765 1268 2813 quod
1289 2765 1427 2813 aliquid
1446 2777 1524 2802 non

473 2816 520 2851 ab
558 2816 630 2852 alio
662 2823 875 2862 moveatur3
910 2817 1076 2854 secundo
1116 2817 1254 2854 directe
1287 2818 1522 2855 ostendendo

474 2868 575 2915 quod
604 2867 692 2904 nihil
719 2876 840 2915 potest
868 2881 890 2904 a
917 2869 1040 2917 seipso
1064 2870 1220 2916 moveri,
1250 2870 1320 2907 ibi:
1354 2870 1524 2919 Amplius

475 2920 573 2967 quod
604 2932 627 2956 a
660 2920 776 2967 seipso
804 2927 973 2957 movetur
996 2922 1015 2942 ‘¹‘
1044 2930 1111 2959 etc.
1143 2922 1183 2959 Id
1212 2930 1337 2959 autem
1370 2935 1414 2959 ex
1446 2935 1523 2971 quo

475 2971 637 3008 maxime
664 2971 812 3008 videtur
839 2974 942 3020 quod
971 2974 1106 3022 aliquid
1135 2987 1212 3011 non
1248 2983 1448 3012 moveatur
1476 2976 1523 3012 ab

475 3023 558 3070 alio,
581 3031 634 3060 est
661 3023 748 3072 quia
768 3025 787 3045 ²³⁸
807 3037 884 3061 non
910 3034 1085 3063 movetur
1110 3027 1156 3063 ab
1186 3027 1310 3076 aliquo
1340 3027 1522 3075 exteriori,

476 3075 542 3112 sed
571 3076 617 3111 ab
647 3078 664 3095 ὕ
694 3077 857 3113 interiori
892 3078 1086 3126 principio.
1125 3079 1223 3116 Dicit
1259 3092 1346 3127 ergo
1375 3080 1523 3128 primo,

475 3128 578 3176 quod
598 3129 741 3176 opinari
762 3129 864 3177 quod
884 3131 948 3166 AB
969 3139 1168 3167 moveatur
1187 3144 1208 3168 a
1227 3132 1350 3180 seipso
1370 3141 1525 3181 propter

476 3180 547 3217 hoc
568 3181 670 3229 quod
697 3189 818 3218 totum
837 3189 1027 3230 movetur,
1049 3191 1084 3220 et
1102 3196 1179 3220 non
1198 3192 1373 3221 movetur
1393 3186 1440 3222 ab
1460 3185 1524 3222 ali-

529 3301 556 3336 α)
575 3303 658 3334 qualis
676 3303 711 3328 sit
730 3307 814 3328 motus
829 3304 941 3335 primus.
959 3317 978 3325 —·
995 3305 1044 3329 Pro
1063 3306 1155 3338 qualis,
1175 3306 1238 3339 quid
1256 3307 1439 3339 EGLQSZpV,
1464 3307 1521 3339 quis

478 3341 524 3361 cet.
543 3342 567 3361 et
585 3344 610 3361 α.
629 3338 666 3362 Cf.
686 3338 740 3362 Lib.
760 3339 822 3367 Vlll.
842 3339 898 3364 lect.
917 3347 933 3369 1,
951 3347 975 3370 v,
994 3347 1042 3369 xiv,
1063 3341 1087 3364 in
1107 3341 1239 3373 principio.

531 3369 556 3402 β)
576 3373 644 3403 quod
662 3372 693 3396 ab
712 3373 765 3397 alio
790 3377 916 3398 movetur.
933 3387 951 3392 -
969 3375 1039 3406 quod
1064 3383 1114 3400 non
1134 3376 1166 3400 ab
1185 3376 1238 3400 alio
1258 3379 1376 3400 movetur
1400 3377 1521 3402 ADHKM

478 3405 728 3441 NSVXYpCGlOQ,
752 3408 816 3432 sorte
840 3415 891 3432 non
916 3414 1033 3441 corrupte
1056 3418 1102 3441 pro
1121 3410 1234 3440 omnino,
1254 3415 1283 3435 ut
1301 3410 1377 3435 habet
1395 3411 1428 3435 Z:
1453 3411 1523 3443 quod

480 3440 583 3464 omnino
603 3441 653 3465 tale
671 3441 703 3465 ab
721 3442 773 3466 allo
793 3446 918 3467 movetur.
936 3457 954 3461 —
972 3444 1028 3468 Lin.
1047 3453 1102 3477 seq.
1122 3453 1169 3477 pro
1187 3445 1219 3469 ab
1238 3445 1304 3474 alio,
1323 3445 1356 3469 ab
1374 3446 1459 3470 altero
1478 3446 1521 3471 CD

480 3474 653 3504 EGHMOVZ,
672 3476 704 3499 ab
723 3476 809 3508 aliquo
827 3478 911 3502 altero
930 3478 979 3502 BF.

531 3508 559 3548 χ)
579 3511 603 3532 et
623 3516 687 3539 quae
711 3510 745 3534 sit
765 3514 842 3535 mota.
861 3525 879 3530 -
898 3512 973 3536 Addit
996 3513 1031 3537 R:
1050 3517 1075 3538 et
1089 3517 1201 3545 propter
1224 3514 1271 3539 hoc
1294 3514 1416 3546 opinetur
1439 3518 1522 3540 totum

483 3542 559 3581 Dal,
574 3543 671 3567 moveri
689 3550 724 3567 ex
742 3546 824 3576 seipso
838 3546 928 3576 primo
940 3564 946 3575 ,
974 3547 1020 3571 scd
1039 3548 1085 3572 hoc
1104 3552 1142 3573 est
1162 3549 1341 3573 inconveniens
1375 3549 1489 3581 opinari.
1506 3563 1524 3569 —

483 3577 566 3608 Pergit
585 3577 617 3600 E:
643 3577 699 3602 Vult
714 3582 799 3603 autem
818 3580 887 3611 quod
906 3581 987 3612 ipsum
1008 3582 1098 3607 mobile
1116 3583 1164 3607 AB
1178 3591 1228 3615 per
1247 3587 1330 3608 totum
1350 3587 1448 3609 motum
1464 3587 1490 3610 et
1507 3592 1524 3609 a

1084 278 1426 315 PHYSICORUM
1452 277 1798 314 ARISTOTELIS
1827 277 1921 313 LIB.
1950 277 2019 313 VII

1579 367 1655 403 quo
1682 353 1865 401 exteriori,
1886 353 2005 390 simile
2034 361 2089 390 est
2106 366 2151 390 ac
2171 353 2201 390 si
2220 353 2353 403 aliquis
2373 354 2512 392 diceret
2530 355 2636 404 quod

1577 406 1734 453 mobile,
1765 405 1870 442 cuius
1897 418 1975 442 una
2001 417 2089 453 pars
2118 409 2296 443 movetur
2324 414 2360 444 et
2387 407 2458 444 alia
2485 416 2634 456 movet,

1577 465 1732 495 moveat
1755 457 1935 506 seipsum,
1955 465 2110 506 propter
2132 458 2207 495 hoc
2235 459 2338 507 quod
2357 471 2435 496 non
2460 460 2635 497 discerni-

1576 518 1636 546 tur
1655 522 1752 559 quae
1772 522 1858 558 pars
1879 510 1924 558 sit
1942 522 2116 557 movens,
2138 517 2174 547 et
2192 523 2289 559 quae
2318 511 2363 548 sit
2389 519 2515 559 mota;
2541 512 2635 550 sicut

1577 562 1608 599 si
1635 562 1854 600 huiusmodi
1885 561 2034 599 mobilis
2061 562 2166 610 quod
2195 570 2250 600 est
2277 564 2392 610 DEZ,
2420 576 2508 612 pars
2535 577 2634 614 quae

1578 621 1633 651 est
1651 615 1734 662 DE,
1755 622 1910 652 moveat
1936 622 2083 663 partem
2111 627 2208 664 quae
2237 623 2292 652 est
2319 616 2396 663 EZ,
2427 623 2463 652 et
2483 629 2561 654 non
2578 617 2656 654 vi-‘

1577 667 1709 703 deatur
1737 679 1835 715 quae
1861 679 1949 715 pars
1979 679 2109 704 earum
2138 667 2185 704 sit
2211 679 2373 718 movens
2403 675 2439 705 et
2463 681 2562 716 quae
2589 669 2636 707 sit

1577 727 1682 755 mota
1700 724 1725 755 ⁷.
1750 720 1839 756 Vult
1858 727 1985 756 autem
1999 731 2068 768 per
2085 719 2251 768 primum
2270 720 2411 756 mobile
2430 722 2510 768 AB,
2531 723 2635 770 quod

1576 778 1697 807 totum
1716 779 1892 807 movetur
1913 779 1948 807 et
1963 773 1982 791 ¹⁵
1998 783 2020 808 a
2041 771 2226 820 principio
2251 772 2417 809 interiori
2440 781 2633 823 movente,

1576 823 1727 870 intelligi
1760 823 1912 871 aliquod
1950 836 2087 872 corpus
2115 824 2343 872 animatum,
2378 826 2481 874 quod
2513 833 2635 865 totum

1575 883 1752 912 movetur
1780 876 1828 911 ab
1857 875 2000 912 anima:
2028 888 2097 924 per
2115 877 2257 913 mobile
2286 885 2412 914 autem
2431 879 2536 915 DEZ
2553 880 2635 917 vult

1576 927 1726 975 intelligi
1746 940 1882 976 corpus
1902 927 2055 975 aliquod
2075 929 2179 976 quod
2206 941 2285 967 non
2302 937 2425 967 totum
2444 939 2633 981 movetur,

1577 981 1645 1017 sed
1671 992 1748 1016 una
1775 992 1862 1028 pars
1891 980 1970 1016 eius
1990 981 2193 1028 corporalis
2222 989 2278 1018 est
2297 994 2470 1030 movens,
2498 991 2534 1020 et
2561 984 2634 1022 alia

1578 1040 1698 1079 mota;
1719 1033 1757 1068 in
1777 1045 1852 1080 quo
1873 1031 2028 1080 quidem
2047 1032 2179 1069 mobili
2199 1034 2440 1071 manifestum
2456 1043 2511 1072 est
2529 1036 2634 1084 quod

1576 1086 1615 1122 id
1635 1085 1738 1133 quod
1758 1092 1947 1132 movetur,
1968 1085 2016 1121 ab
2036 1083 2109 1121 alio
2129 1092 2316 1125 movetur.
2338 1087 2387 1123 Et
2402 1099 2447 1123 ex
2461 1088 2535 1124 hoc
2552 1089 2635 1126 vult

1577 1138 1697 1174 simile
1719 1139 1738 1158 '³
1759 1138 1956 1174 ostendere
1983 1136 2030 1173 de
2059 1149 2217 1185 corpore
2243 1137 2426 1186 animato,
2451 1140 2556 1188 quod
2577 1140 2635 1177 vi-

1577 1191 1686 1227 detur
1718 1202 1875 1226 movere
1913 1189 2092 1237 seipsum.
2131 1190 2218 1226 Hoc
2252 1190 2352 1227 enim
2386 1191 2420 1228 ei
2459 1192 2635 1231 convenit

1576 1242 1802 1291 inquantum
1829 1253 1906 1278 una
1924 1253 2011 1290 pars
2035 1242 2148 1278 aliam
2177 1250 2319 1290 movet,
2341 1243 2480 1281 scilicet
2506 1245 2634 1283 anima

1578 1307 1726 1342 corpus,
1748 1302 1790 1330 ut
1816 1294 1854 1330 in
1883 1301 2020 1331 octavo
2039 1295 2060 1314 '¹‘
2076 1293 2224 1343 plenius
2253 1295 2481 1334 ostendetur,

1631 1348 1665 1383 3.
1686 1347 1833 1384 Deinde
1854 1357 1942 1383 cum
1971 1346 2075 1383 dicit:
2094 1346 2266 1395 Amplius
2289 1348 2389 1396 quod
2406 1356 2488 1397 etc„
2509 1356 2633 1387 osten·

1577 1399 1630 1436 dit
1657 1399 1794 1436 directe
1833 1398 1938 1447 quod
1975 1411 2091 1436 omne
2119 1399 2223 1448 quod
2260 1408 2438 1438 movetur
2473 1402 2522 1438 ab
2558 1402 2631 1439 alio

1576 1459 1764 1498 movetur,
1785 1451 1847 1488 tali
1868 1450 2023 1488 ratione.
2046 1451 2174 1489 Omne
2201 1452 2306 1500 quod
2321 1460 2498 1490 movetur
2525 1466 2548 1491 a
2575 1466 2633 1491 se-

1575 1504 1676 1552 ipso,
1706 1516 1784 1540 non
1803 1503 1961 1552 quiescit
1987 1516 2010 1540 a
2037 1516 2107 1540 suo
2127 1512 2235 1541 motu
2255 1517 2324 1554 per
2351 1506 2516 1554 quietem
2535 1504 2550 1528 ὃ
2566 1519 2632 1544 cu-

1575 1557 1800 1605 iuscumque
1829 1556 1979 1593 alterius
2007 1556 2169 1594 mobilis.
2190 1557 2240 1594 Et
2266 1558 2340 1594 hoc
2364 1558 2498 1607 accipit
2525 1559 2632 1608 quasi

1575 1622 1643 1657 per
1671 1621 1710 1645 se
1739 1616 1885 1646 notum.
1907 1610 1966 1646 Ex
1992 1609 2067 1646 hoc
2096 1617 2223 1646 autem
2246 1610 2401 1647 ulterius
2430 1612 2631 1660 concludit,

1576 1662 1680 1710 quod
1708 1661 1738 1698 si
1766 1662 1920 1711 aliquod
1947 1661 2089 1698 mobile
2121 1661 2280 1711 quiescit
2312 1664 2360 1700 ad
2388 1663 2554 1712 quietem
2581 1664 2633 1701 al-

1575 1714 1700 1761 terius,
1722 1714 1825 1762 quod
1854 1715 1928 1751 hoc
1956 1721 2133 1751 movetur
2161 1715 2208 1751 ab
2237 1715 2364 1752 altero.
2392 1716 2477 1753 Hoc
2505 1724 2633 1754 autem

1576 1766 1784 1815 supposito,
1807 1766 1997 1803 concludit
2014 1767 2120 1814 quod
2143 1779 2299 1804 necesse
2318 1774 2374 1804 est
2392 1780 2507 1821 omne
2528 1769 2634 1817 quod

1576 1827 1753 1856 movetur
1781 1819 1828 1855 ab
1858 1818 1982 1867 aliquo
2003 1819 2076 1856 alio
2102 1820 2262 1856 moveri.
2284 1821 2333 1856 Et
2359 1821 2464 1868 quod
2482 1822 2557 1858 hoc
2575 1834 2633 1859 se-

1577 1879 1712 1920 quatur
1730 1872 1749 1892 *
1770 1883 1814 1907 ex
1841 1871 2077 1920 praemissis,
2108 1871 2161 1908 sic
2187 1872 2334 1920 probat.
2365 1873 2459 1910 Illud
2491 1873 2633 1910 mobile

1576 1925 1680 1973 quod
1695 1922 1979 1972 'supposuimus
2008 1936 2029 1960 a
2057 1923 2181 1972 seipso
2206 1924 2366 1972 moveri,
2387 1925 2526 1962 scilicet
2551 1926 2632 1974 AB,

1577 1984 1725 2026 oportet
1753 1975 1936 2013 divisibile
1966 1988 2059 2023 esse,
2080 1976 2169 2024 quia
2189 1989 2304 2013 omne
2323 1977 2429 2025 quod
2457 1986 2635 2016 movetur

1578 2037 1632 2066 est
1661 2029 1861 2075 divisibile,
1886 2036 1928 2065 ut
1955 2041 2069 2076 supra
2087 2030 2107 2050 '¹‘
2125 2029 2327 2077 probatum
2357 2030 2554 2077 est.>Quia
2577 2043 2633 2068 er·
2660 2037 2671 2047 ·

1577 2094 1624 2129 go
1646 2083 1665 2103 ’Ἣ
1686 2081 1868 2118 divisibile
1898 2089 1963 2128 est,
1984 2082 2129 2117 nullum
2163 2081 2434 2119 inconveniens
2468 2082 2636 2131 sequitur
2661 2094 2672 2104 *

1577 2135 1607 2170 si
1628 2134 1826 2171 dividatur.
1852 2133 2052 2170 Dividatur
2072 2145 2159 2181 ergo
2179 2133 2217 2170 in
2235 2141 2376 2182 puncto
2397 2135 2441 2181 C,
2461 2134 2511 2172 it'a
2530 2135 2636 2184 quod

1576 2199 1653 2223 una
1681 2199 1766 2235 pars
1796 2185 1875 2222 eius
1894 2185 1939 2222 sit
1963 2186 2040 2233 BC,
2062 2193 2099 2222 et
2126 2186 2197 2222 alia
2214 2187 2294 2223 AC.
2317 2186 2356 2223 Si
2377 2199 2464 2235 ergo
2493 2188 2559 2225 BC
2580 2195 2636 2225 est

1576 2252 1663 2288 pars
1693 2239 1771 2275 eius
1799 2238 1905 2286 quod
1933 2245 1988 2275 est
2015 2239 2098 2285 AB,
2133 2251 2287 2276 necesse
2316 2246 2371 2276 est
2398 2240 2504 2288 quod
2530 2240 2634 2289 quie-

1578 2299 1705 2328 scente
1725 2292 1788 2328 BC
1808 2299 1926 2339 parte,
1948 2291 2115 2340 quiescat
2141 2298 2262 2328 totum
2281 2293 2360 2328 AB.
2383 2292 2422 2329 Si
2447 2304 2536 2340 ergo
2555 2305 2636 2331 non

1578 2344 1747 2393 quiescat
1765 2351 1898 2390 totum,
1920 2343 2135 2392 quiescente
2158 2351 2277 2392 parte,
2299 2344 2503 2393 accipiatur
2529 2346 2635 2394 quod

1578 2404 1699 2433 totum
1729 2404 1939 2443 moveatur,
1966 2403 2001 2432 et
2018 2408 2095 2432 una
2122 2408 2209 2444 pars
2238 2396 2421 2445 quiescat:
2450 2397 2518 2434 sed
2545 2398 2634 2446 quia

1577 2452 1654 2486 u'na
1674 2450 1693 2470 ’⁸
1712 2461 1800 2497 pars
1819 2449 1971 2497 ponitur
1989 2448 2194 2496 quiescere,
2216 2461 2294 2486 non
2312 2449 2449 2497 poterit
2467 2450 2559 2498 poni
2578 2457 2634 2487 to·
2661 2460 2672 2471 *

1577 2509 1659 2538 tum
1678 2501 1838 2548 m‘overi,
1854 2501 1924 2537 nisi
1950 2501 2092 2538 ratione
2121 2501 2270 2538 alterius
2297 2501 2423 2550 partis.
2453 2501 2516 2538 Sic
2545 2514 2632 2550 ergo

1577 2555 1642 2591 BC
1672 2554 1898 2602 quiescente,
1928 2553 2031 2601 quod
2060 2561 2116 2590 est
2140 2565 2217 2590 una
2243 2565 2342 2602 pars,
2363 2561 2539 2591 movetur
2552 2556 2633 2603 AC,

1578 2607 1681 2655 quod
1710 2614 1765 2643 est
1793 2606 1863 2643 alia
1890 2618 1988 2654 pars.
2020 2606 2097 2642 Sed
2117 2607 2262 2643 nullum
2281 2614 2403 2643 totum
2424 2607 2529 2644 cuius
2555 2619 2634 2645 una

1578 2660 1657 2696 sola
1683 2672 1770 2708 pars
1790 2666 1976 2705 movetur,
1995 2666 2171 2695 movetur
2188 2660 2316 2707 primo
2336 2665 2371 2696 et
2382 2671 2455 2708 per
2471 2671 2521 2697 se.
2542 2660 2635 2698 Non

1578 2725 1667 2759 ergo
1691 2712 1908 2748 movebitur
1934 2712 2000 2747 AB
2023 2711 2150 2759 primo
2184 2717 2221 2748 et
2237 2723 2311 2759 per
2336 2724 2394 2758 se,
2425 2713 2529 2760 quod
2557 2720 2636 2750 erat

1578 2765 1826 2813 suppositum.
1863 2765 1964 2811 Ergo
1994 2771 2142 2813 oportet
2171 2764 2274 2813 quod
2306 2764 2372 2801 BC
2406 2765 2633 2814 quiescente,

1578 2818 1745 2866 quiescat
1776 2824 1897 2853 totum
1930 2817 2008 2853 AB.
2040 2817 2088 2853 Et
2118 2816 2170 2852 sic
2202 2816 2292 2853 illud
2321 2817 2426 2865 quod
2458 2814 2636 2855 movetur

1572 2870 1758 2918 pausabzi,
1770 2869 1865 2906 idest
1884 2869 2029 2906 desinet
2047 2869 2205 2915 moveri,
2218 2869 2266 2906 ad
2285 2869 2451 2918 quietem
2470 2869 2632 2908 alterius.

1580 2923 1655 2959 Sed
1685 2934 1798 2970 supra
1834 2922 2003 2958 habitum
2033 2929 2098 2967 est,
2129 2921 2232 2970 quod
2252 2921 2283 2958 si
2310 2921 2449 2970 aliquid
2477 2921 2634 2970 quiescit

1580 2982 1615 3011 et
1643 2975 1777 3012 desinit
1796 2974 1943 3011 moveri
1970 2974 2019 3010 ad
2039 2973 2203 3022 quietem
2232 2974 2392 3021 alterius,
2413 2974 2488 3010 hoc
2515 2974 2563 3010 ab
2583 2975 2633 3011 al-

1577 3035 1657 3064 tero
1695 3034 1883 3063 movetur.
1913 3027 2014 3073 Ergo
2042 3026 2109 3062 AB
2138 3026 2185 3062 ab
2215 3027 2331 3063 altero
2367 3034 2555 3063 movetur.
2585 3027 2634 3064 Et

1579 3080 1714 3116 eadem
1752 3079 1844 3116 ratio
1883 3086 1938 3115 est
1975 3078 2021 3115 de
2058 3078 2226 3126 quolibet
2260 3078 2333 3129 alio
2368 3078 2516 3115 mobili:
2546 3079 2635 3127 quia

1579 3144 1693 3169 omne
1722 3131 1826 3180 quod
1845 3138 2021 3177 movetur
2049 3138 2104 3167 est
2127 3130 2328 3179 divisibile,
2358 3138 2395 3167 et
2422 3131 2558 3168 eadem
2577 3144 2633 3169 ra-

1579 3185 1682 3221 tione
1712 3191 1860 3233 oportet
1888 3182 1992 3231 quod
2020 3183 2236 3231 quiescente
2254 3191 2371 3231 parte,
2393 3183 2560 3232 quiescat
2577 3191 2634 3221 to-

1571 3307 1706 3340 principio
1730 3310 1755 3332 et
1780 3307 1806 3331 in
1832 3306 1944 3331 termino
1970 3309 2089 3331 movente
2114 3305 2237 3338 intelligi,
2262 3304 2307 3329 ubi
2330 3309 2390 3330 nota
2408 3305 2633 3337 transpositionem

1576 3343 1713 3367 verborum
1727 3349 1779 3374 per
1798 3347 1822 3366 et
1841 3341 1918 3374 quod,
1939 3346 1963 3365 et
1982 3341 2158 3373 corruptiones
2178 3343 2276 3365 motum
2296 3347 2343 3372 pro
2362 3343 2482 3365 movetur
2496 3340 2559 3365 etin
2580 3344 2633 3365 rer-

1577 3377 1647 3402 mino
1662 3385 1709 3410 pro
1724 3377 1847 3402 interiori
1851 3384 1859 3405 ;
1878 3376 1961 3409 pergit
1973 3376 2012 3400 G:
2031 3376 2090 3401 Vult
2102 3379 2189 3400 autem
2200 3382 2251 3407 per
2261 3375 2378 3407 pm'mum
2395 3375 2487 3400 mob11e
2500 3375 2550 3400 AB
2562 3375 2633 3408 quod

1578 3415 1661 3436 totum
1681 3415 1779 3437 motum
1800 3410 1915 3445 (molum
1935 3409 2056 3444 expung.)
2081 3414 2200 3435 mouetur
2218 3413 2243 3434 et
2262 3417 2278 3434 a
2292 3410 2426 3442 principio
2450 3413 2568 3435 movente
2593 3410 2631 3435 in-

1578 3447 1675 3479 telligi5
1693 3447 1801 3471 verbum
1817 3454 1878 3478 ergo
1893 3446 2016 3471 interiori
2037 3446 2123 3470 omisit
2137 3445 2168 3475 G.
2184 3445 2288 3469 forsitan
2303 3445 2362 3477 quia
2381 3445 2561 3477 compendium
2575 3444 2631 3469 eius

1578 3482 1701 3513 explicare
1720 3490 1771 3506 non
1790 3482 1879 3514 potuit.

1630 3515 1654 3546 δ)
1670 3523 1721 3548 per
1739 3517 1859 3548 quietem.
1871 3519 2011 3548 -propter
2029 3515 2141 3548 quietem
2157 3515 2210 3545 EG,
2226 3517 2338 3547 propter
2353 3514 2465 3547 quietem
2479 3520 2631 3547 quamcum-

1577 3557 1626 3582 que
1636 3552 1747 3582 (servato
1760 3551 1834 3576 etiam
1845 3551 2037 3583 cuiuscumque)
2049 3551 2079 3575 D.
2090 3564 2110 3569 -
2122 3551 2239 3582 Sequens
2252 3550 2347 3581 accipit
2362 3554 2527 3581 corrumpunt
2536 3549 2563 3578 S,
2572 3548 2631 3574 edd.

1579 3585 1660 3610 Venet
1673 3585 1747 3619 3551,
1765 3585 1827 3611 1552
1849 3591 1873 3610 et
1888 3586 1906 3610 P
1920 3585 1945 3610 in
1963 3585 2068 3611 accidit.
2081 3598 2100 3605 —-
2113 3585 2170 3610 Lin.
2185 3592 2240 3617 seq.
2261 3585 2370 3610 ulterius
2387 3591 2440 3609 om.
2459 3582 2633 3608 DEFGHOZ.

2662 778 2671 788 ·
2680 770 2869 807 ειέιιυιιιτιιιιωη4

2662 809 2746 827 cnr-xo.

2661 1143 2790 1192 :mir
2798 1149 2823 1173 ’ν
2837 1157 2840 1160 ’
2854 1135 2876 1178 ’ἲ

2660 1300 2670 1310 ’
2684 1299 2748 1323 Leet.
2757 1305 2856 1328 unm.
2874 1303 2876 1318 ῑ
