2898 3996
444 298 520 333 240

1083 290 1428 328 PHYSICORUM
1454 291 1802 328 ARISTOTELIS
1831 292 1923 328 LIB.
1955 293 1989 329 V

1197 485 1496 545 LEcT10
1536 439 1877 562 QUARTA

701 637 1016 669 CONCLUDITUR
1038 637 1200 669 MOTUM
1223 639 1322 670 ESSE
1346 640 1492 671 SOLUM
1516 641 1558 672 IN
1582 641 1884 680 QUANTITATE‚
1908 642 2160 679 QUALITATE
2183 642 2241 673 ET
2265 642 2334 674 UBI
2359 660 2377 666 -

975 694 1196 731 QUALITER
1218 695 1368 727 MOTUS
1392 697 1458 727 SIT
1482 697 1525 727 IN
1549 697 1618 728 HIS
1641 698 1793 729 TRIBUS
1817 697 2054 729 GENERIBUS
2076 715 2098 722 —

1173 751 1296 789 QUOT
1319 753 1452 784 MODIS
1475 753 1669 785 DICATUR
1692 754 1901 786 IMMOBILE

441 881 539 912 Ἐπεὶ
563 875 600 912 δέ
627 879 707 912 οὔτε
733 880 848 918 οὐσίας
875 880 954 912 οὔτε
980 881 1042 912 τοῦ
1068 880 1149 924 πρός
1175 893 1209 914 τι
1228 881 1306 915 οὔτε
1324 883 1386 914 τοῦ
1405 887 1509 915 ποιεῖν

514 926 572 956 καὶ
599 923 756 969 πάσχειν,
781 926 941 956 λείπεται
965 924 1061 956 κατὰ
1087 925 1127 957 τὸ
1151 925 1246 957 ποιὸν
1270 926 1387 959 καὶτὸ
1406 927 1510 959 ποσόν

514 969 572 1000 καὶ
598 968 638 1000 τὸ
664 969 729 1000 ποῦ
753 970 881 1005 κίνησιν
907 965 992 1000 εἶναι
1017 968 1130 1013 μόνον·
1151 969 1184 1001 ἑν
1202 969 1334 1011 ἑκάστῳ
1351 970 1415 1017 γάρ
1437 971 1510 1004 ἑστι

515 1012 648 1045 τούτων
675 1013 880 1050 ἐναντίωσις.

445 1058 487 1089 Ἡ
507 1057 565 1101 μὲν
588 1055 643 1089 οὖν
660 1057 756 1088 κατα
772 1056 814 1089 τὸ
832 1056 927 1088 ποιὸν
947 1059 1072 1095 κίνησις
1092 1057 1271 1095 ἀλλοίωσις
1285 1057 1385 1090 ἔστω·
1405 1060 1510 1092 τοῦτο

514 1101 579 1146 γάρ
606 1100 807 1142 ἐπέζευκται
830 1099 940 1132 κοινὸν
967 1099 1086 1145 ὄνομα.
1118 1101 1208 1147 Λέγο
1232 1097 1269 1134 δὲ
1290 1102 1331 1135 τὸ
1357 1102 1452 1135 ποιὸν
1472 1104 1510 1135 οὖ

515 1145 556 1177 vd
583 1145 615 1176 ἑν
642 1146 686 1187 τῇ
712 1145 810 1185 οὐσία
834 1146 910 1187 (καὶ
935 1143 999 1190 γάρ
1021 1145 1042 1181 ἠ
1061 1138 1207 1190 διαφορά
1223 1146 1398 1190 ποιότης),
1423 1147 1512 1180 ἀλλά

516 1189 558 1220 τό
584 1187 797 1228 παθητικόν,
822 1188 896 1220 καθ’
928 1189 944 1220 ἃ
976 1187 1118 1235 λέγεται
1155 1189 1297 1236 πάσχειν
1331 1190 1352 1228 ἦ
1380 1190 1509 1229 ἀπαθὲς

516 1229 615 1266 Εἶναι.

445 1278 487 1308 'H
511 1272 548 1308 δὲ
571 1277 669 1309 κατα
698 1277 739 1309 τὸ
771 1275 895 1318 ποσόν,
923 1277 963 1309 τὸ
988 1277 1046 1320 μὲν
1077 1277 1187 1309 κοινὸν
1215 1277 1405 1323 ἀνώνυμον,
1430 1277 1507 1311 καθ’

517 1320 675 1365 ἑκάτερον
700 1316 728 1352 δ’
752 1319 888 1361 αὔξησις
913 1323 970 1353 καὶ
995 1320 1112 1365 φθίσις,
1132 1322 1152 1357 ἠ
1170 1321 1228 1365 μὲν
1253 1322 1298 1360 εἰς
1321 1322 1362 1354 τό
1380 1322 1509 1355 τέλειον

516 1364 653 1411 μέγεθος
680 1363 831 1406 αὔξησις,
859 1366 879 1401 ἡ
905 1360 934 1396 δ’
964 1364 1000 1397 ἐκ
1024 1365 1151 1398 τούτου
1176 1364 1292 1409 φθίσις.

445 1454 487 1485 Ἠ
511 1447 549 1483 δὲ
573 1451 669 1484 κατά
693 1451 800 1484 τόπον
824 1453 883 1484 καὶ
903 1452 944 1484 τὸ
961 1452 1070 1483 κοινὸν
1087 1454 1144 1484 καὶ
1163 1453 1204 1484 τό
1223 1449 1307 1484 ἴδιον
1327 1452 1507 1498 ἀνώνυμος,

517 1495 603 1529 ἔστω
624 1491 661 1528 δὲ
686 1497 772 1540 φοραὶ
794 1495 983 1539 καλουμένη
1011 1496 1051 1528 τὸ
1075 1495 1197 1528 κοινόν·
1227 1499 1343 1529 καίτοι
1367 1497 1508 1543 λέγεταί

514 1552 553 1586 γε
580 1541 698 1572 ταῦτα
723 1539 879 1584 φέρεσθαι
897 1539 984 1583 μόνα
1001 1542 1129 1583 κυρίως,
1151 1539 1234 1572 ὅταν
1252 1541 1298 1584 μή
1318 1539 1368 1573 ἐπ’
1391 1542 1509 1580 αὐτοῖς

518 1583 541 1627 ᾗ
564 1584 605 1616 τό
630 1584 755 1620 στῆναι
780 1588 850 1621 τοῖς
876 1583 1130 1627 μεταβάλλουσι
1150 1584 1208 1616 τὸν
1231 1584 1352 1627 τόπον,
1370 1587 1428 1617 καὶ
1446 1586 1510 1618 ὅσα

517 1628 612 1660 αὐτοὶ
635 1628 682 1672 μή
709 1628 819 1660 ἑαυτοὶ
840 1632 924 1659 κινεῖ
946 1627 1043 1660 κατά
1066 1628 1185 1661 τόπον.

446 1675 487 1704 Ἡ
511 1669 538 1704 δ’
570 1671 602 1703 ἒν
629 1672 675 1712 τῷ
704 1673 796 1713 αὐτῷ
821 1667 902 1703 εἴδει
935 1672 1113 1716 μεταβολή
1143 1673 1198 1705 ἐπὶ
1225 1672 1265 1704 τὰ
1289 1674 1418 1716 μᾶλλον
1451 1677 1509 1706 καὶ

516 1716 623 1754 ἦττον
651 1716 826 1753 ἀλλοίωσίς
852 1717 957 1748 ἐστιν·
983 1718 1004 1754 ἠ
1029 1717 1093 1762 γάρ
1119 1715 1153 1757 ἐξ
1180 1717 1334 1749 ἐναντίου
1352 1718 1395 1755 εἱς
1418 1718 1512 1750 ἐναν-

517 1764 588 1793 τίον
613 1762 738 1798 κίνησίς
765 1759 868 1802 ἐστιν,
896 1759 916 1797 ἦ
944 1762 1058 1799 ἁπλῶς
1083 1759 1104 1797 ἦ
1130 1762 1192 1803 πῇ·
1220 1761 1274 1793 ἐπὶ
1299 1761 1358 1805 μὲν
1384 1763 1448 1807 γάρ
1468 1763 1509 1795 τό

516 1805 624 1842 ἠττον
643 1805 743 1837 ἰοῦσα
760 1805 804 1842 εἰς
821 1803 1024 1837 τούναντίον
1040 1804 1248 1849 λεχθήσεται
1266 1806 1508 1849 μεταβάλλειν,

516 1851 572 1882 ἐπὶ
597 1844 635 1880 δὲ
666 1849 706 1882 τὸ
737 1850 865 1891 μᾶλλον
899 1850 940 1886 ὠς
966 1847 1001 1881 ἐκ
1031 1850 1235 1882 τούναντίου
1260 1849 1304 1887 εἰς
1332 1850 1372 1881 τὸ
1407 1850 1506 1883 αὑτό.

517 1893 668 1938 Διαφέρει
692 1894 756 1939 γάρ
783 1888 878 1925 οὐδὲν
904 1894 953 1935 πῇ
978 1892 1208 1938 μεταβάλλειν
1234 1892 1254 1930 ἦ
1275 1894 1401 1936 ἁπλῶς,
1422 1895 1510 1931 πλήν

517 1939 565 1980 πῇ
599 1933 712 1974 δεήσει
745 1937 918 1970 τάναντία
950 1938 1126 1983 ὑπάρχειν·
1161 1938 1202 1969 τὸ
1226 1932 1264 1969 δὲ
1295 1939 1422 1982 μᾶλλον
1452 1941 1510 1971 καὶ

517 1981 625 2019 ἧττόν
651 1982 724 2014 ἐστι
750 1983 797 2023 τῷ
824 1981 925 2014 πλέον
945 1980 965 2020 ἦ
983 1982 1132 2014 ἔλαττον
1152 1981 1348 2027 ἐνυπάρχειν
1372 1983 1511 2015 τούναν-

517 2029 591 2059 τίου
615 2028 673 2058 καὶ
698 2025 757 2070 μή.

443 2070 519 2104 Ὅτι
544 2071 603 2112 μὲν
631 2069 686 2102 οὖν
712 2069 817 2102 αὗται
841 2074 929 2114 τρεῖς
953 2069 1053 2114 μόναι
1077 2069 1221 2108 κινήσεις
1247 2069 1344 2111 εἰσίν,
1373 2071 1409 2103 ἐκ
1434 2070 1513 2104 τού-

519 2126 585 2148 των
611 2110 727 2151 δῆλον.

446 2160 621 2196 Ἀκίνητον
654 2154 682 2190 δ’
716 2156 789 2190 ἐστὶ
825 2157 867 2190 τό
904 2170 942 2189 τε
977 2156 1058 2196 ὅλως
1098 2153 1268 2191 ἀδύνατον
1307 2158 1509 2200 κινηθῆναι,

517 2202 628 2245 ὥσπερ
664 2204 679 2234 ὁ
705 2201 804 2246 ψόφος
837 2201 1003 2246 ἀόρατος,
1036 2204 1095 2234 καὶ
1125 2202 1165 2234 τὸ
1198 2202 1231 2234 ἐν
1261 2203 1374 2244 πολλῷ
1406 2203 1512 2247 χρόνῳ

519 2247 614 2292 μόλις
638 2245 830 2290 κινούμενον
856 2245 877 2282 ἦ
904 2245 944 2278 τό
971 2243 1119 2290 βραδέως
1146 2244 1348 2290 ἀρχόμενον,
1377 2247 1392 2278 ὃ
1416 2246 1511 2293 λέγε-

520 2303 579 2323 ται
604 2287 825 2330 δυσκίνητον,
858 2291 917 2321 καὶ
943 2290 983 2321 τὸ
1014 2289 1156 2345 πεφυκός
1186 2290 1244 2334 μὲν
1268 2290 1430 2323 κινεῖσθαι
1453 2294 1512 2323 καὶ

519 2332 724 2378 δυνάμενον,
751 2334 797 2377 μή
821 2333 1012 2378 κινούμενον
1038 2329 1075 2366 δε
1100 2333 1182 2367 τότε
1213 2333 1270 2366 ὅτε
1301 2333 1424 2379 πέφυκε
1453 2337 1512 2367 καὶ

522 2380 558 2412 οὗ
582 2381 638 2411 καὶ
664 2378 719 2419 ὥς,
747 2378 825 2422 ὅπερ
851 2378 982 2422 ἠρεμεῖν
1007 2380 1100 2410 καλῶ
1126 2379 1192 2410 τῶν
1212 2377 1379 2415 ἀκινήτων
1397 2378 1509 2423 μόνον·

520 2425 671 2456 ἐναντίον
696 2422 760 2469 γάρ
787 2422 908 2466 ἠρεμία
933 2422 1078 2464 κινήσει,
1105 2422 1193 2454 ὥστε
1219 2423 1371 2467 στέρησις
1398 2423 1436 2456 ἂν
1462 2425 1511 2460 εἴη

522 2469 584 2499 τοῦ
608 2463 779 2500 δεκτικοῦ.

453 2514 489 2543 Τί
515 2512 574 2554 μὲν
600 2511 656 2543 οὗν
683 2512 756 2543 ἐστὶ
780 2513 918 2552 κίνησις,
944 2513 1000 2542 καὶ
1026 2513 1060 2543 τί
1087 2508 1221 2554 ἠρεμία,
1247 2512 1305 2542 καὶ
1331 2510 1435 2543 πόσαι
1460 2523 1514 2555 με-

520 2555 689 2596 ταβολαί,
715 2557 772 2587 καὶ
798 2558 894 2587 ποῖαι
918 2554 1082 2596 κινήσεις,
1111 2555 1250 2599 φανερόν
1277 2553 1314 2586 ἐκ
1340 2556 1405 2588 τῶν
1430 2555 1516 2600 εἰρη-

520 2600 637 2644 μένων.

506 2697 646 2724 SYNOPSIS
672 2712 706 2716 —-
734 2704 758 2723 1.
781 2696 991 2732 Argumentum
1020 2700 1048 2722 et
1075 2693 1177 2722 divisio
1198 2699 1298 2721 textus„
1320 2694 1362 2720 Ex
1383 2693 1464 2721 dictis
1485 2693 1515 2721 in

452 2735 634 2772 praecedenti
655 2735 778 2763 lectione
799 2734 969 2771 relinquitur
990 2733 1183 2768 manifestum,
1199 2738 1312 2760 motum
1334 2741 1396 2760 esse
1417 2733 1511 2761 solum

453 2776 483 2803 in
504 2776 668 2812 quantitate,
691 2774 826 2812 qualitate
841 2780 869 2801 et
890 2773 953 2801 ubi:
968 2772 997 2801 in
1015 2772 1144 2810 quolibet
1158 2771 1235 2800 enim
1250 2772 1354 2799 horum
1375 2781 1513 2808 generum

454 2821 496 2842 est
517 2815 720 2849 contrarietas,
750 2822 837 2850 quam
859 2812 977 2849 requirit
998 2818 1102 2840 motus.
1126 2828 1144 2832 —
1165 2819 1192 2839 2.
1215 2812 1323 2839 Textus
1346 2812 1512 2840 subdivisio.

454 2855 551 2882 Motus
572 2853 602 2882 in
623 2853 759 2890 qualitate
780 2858 899 2880 vocatur
919 2851 1062 2885 alteratio,
1084 2857 1112 2879 et
1132 2851 1188 2879 hoc
1208 2859 1316 2879 nomen
1338 2851 1471 2880 convenit
1490 2851 1515 2880 ei

454 2893 571 2930 proprie
586 2893 744 2921 secundum
760 2901 843 2920 suum
859 2899 965 2928 genus:
988 2900 1055 2919 nam
1070 2891 1194 2918 alterum
1210 2890 1312 2918 dicitur
1326 2891 1406 2927 quod
1422 2891 1516 2919 differt

455 2934 613 2961 secundum
634 2932 810 2969 qualitatem.
831 2930 980 2966 Accipitur
999 2936 1095 2958 autem
1117 2929 1162 2958 hic
1184 2930 1305 2966 qualitas
1330 2939 1390 2958 non
1414 2939 1514 2958 secun-

455 2973 525 3000 dum
547 2972 627 3008 quod
648 2971 731 3008 quale
753 2970 894 2998 invenitur
909 2970 937 2997 in
952 2979 1055 3006 genere
1077 2969 1260 3004 substantiae,
1285 2969 1335 2996 sed
1357 2971 1515 2998 secundum

455 3012 535 3048 quod
550 3011 712 3039 continetur
730 3010 758 3037 in
773 3009 856 3038 tertia
870 3009 963 3045 specie
978 3008 1129 3046 qualitatis,
1146 3008 1175 3036 in
1190 3018 1246 3045 qua
1267 3008 1361 3044 specie
1378 3009 1516 3046 contingit

455 3060 517 3079 esse
539 3050 746 3078 alterationem.
769 3065 788 3070 -
811 3049 836 3076 3.
858 3050 955 3076 Motus
975 3048 1024 3085 qui
1052 3054 1094 3076 est
1115 3048 1143 3075 in
1166 3048 1322 3084 quantitate
1342 3057 1403 3076 non
1431 3049 1516 3076 habet

454 3099 564 3118 nomen
585 3090 743 3117 secundum
765 3098 855 3126 genus
876 3097 976 3123 suum,
1004 3089 1054 3115 sed
1079 3087 1246 3116 nominatur
1266 3088 1425 3115 secundum
1451 3097 1514 3124 spe-

455 3129 527 3164 cies,
554 3138 628 3166 quae
657 3134 722 3156 sunt
750 3138 786 3156 au
812 3131 937 3156 mentum
960 3133 987 3155 et
1008 3127 1231 3155 decrementum.
1260 3142 1278 3147 —
1306 3135 1335 3161 4.
1361 3128 1456 3155 Motus
1486 3127 1515 3155 in

455 3169 512 3203 ubi,
534 3178 585 3197 seu
607 3168 765 3197 secundum
801 3177 903 3202 ocum,
925 3176 986 3194 non
1009 3167 1095 3195 habet
1116 3175 1209 3203 neque
1230 3174 1339 3194 nomen
1360 3175 1515 3195 commune

455 3208 576 3246 generis,
598 3217 692 3245 neque
713 3207 834 3235 nomina
854 3206 971 3244 propria
985 3205 1162 3243 specierum,
1184 3206 1234 3234 sed
1252 3205 1419 3241 impositum
1434 3212 1476 3234 est
1490 3206 1516 3234 ei

455 3257 564 3276 nomen
585 3256 740 3276 commune
770 3247 853 3280 latio,
871 3245 1002 3283 quamvis
1023 3246 1079 3274 hoc
1099 3255 1208 3273 nomen
1229 3254 1289 3273 non
1311 3245 1346 3273 sit
1366 3245 1516 3282 proprium

456 3294 552 3316 motus
567 3287 666 3315 localis
688 3287 716 3314 in
739 3286 902 3315 communi:
921 3295 989 3314 nam
1005 3285 1052 3313 illa
1067 3285 1161 3313 solum
1176 3285 1291 3322 proprie
1307 3285 1439 3314 dicuntur
1446 3287 1515 3324 ser-

484 3408 492 3416 .
619 3417 647 3432 f
658 3386 699 3419 'z'
722 3386 848 3415 stenso
879 3378 982 3427 quod
1014 3390 1093 3415 non
1122 3385 1176 3414 est
1204 3385 1329 3414 motus
1362 3377 1399 3414 in
1427 3378 1514 3414 sub-

591 3426 673 3479 ij'fff‘*
691 3427 874 3477 stantia,
905 3443 1028 3478 neque
1057 3430 1095 3467 in
1123 3430 1174 3467 ad
1198 3430 1354 3479 aliquid,
1390 3442 1514 3479 neque

667 3498 672 3503 ’
706 3484 759 3520 in
788 3484 935 3520 actione
969 3490 1004 3520 et
1030 3483 1224 3532 passione,
1261 3482 1449 3520 concludit
1477 3483 1514 3520 in

658 3552 682 3570 a
722 3536 859 3584 quibus
882 3536 1082 3583 generibus
1102 3536 1147 3573 sit
1174 3543 1311 3573 motus.
1342 3536 1390 3572 Et
1419 3536 1515 3572 circa

457 3587 531 3623 hoc
550 3586 617 3623 tria
637 3587 740 3624 facit:
770 3589 893 3636 primo
923 3589 1062 3625 inducit
1091 3587 1374 3626 conclusionem
1399 3588 1516 3625 inten—

1564 885 1581 904 *
1600 886 1763 923 Quoniam
1785 893 1891 918 autem
1914 898 2017 928 neque
2040 889 2239 927 substantiae,
2259 899 2361 931 neque
2383 889 2483 930 ipsius
2506 889 2546 921 ad
2568 890 2623 921 ali-
2651 899 2660 908 ·
2675 897 2729 926 Seq.
2743 904 2794 927 cap.
2808 904 2834 921 n.

1631 929 1719 971 quid,
1738 940 1842 972 neque
1856 930 1955 972 ipsius
1970 931 2070 963 facere
2088 939 2142 963 aut
2157 933 2232 973 pati,
2248 933 2434 974 relinquitur
2448 933 2624 964 secundum

1632 974 1724 1014 quale
1743 981 1797 1006 aut
1815 981 1971 1016 quantum
1987 982 2018 1007 et
2035 976 2100 1014 ubi,
2119 983 2246 1008 motum
2262 987 2327 1008 esse
2351 977 2471 1008 solum:
2491 977 2524 1008 in
2545 987 2624 1008 uno-

1631 1028 1761 1059 quoque
1784 1019 1869 1050 enim
1891 1019 2008 1050 horum
2026 1027 2072 1051 est
2095 1021 2303 1051 contrarietas.

1565 1062 1673 1092 Motus
1696 1062 1826 1102 quidem
1852 1063 1947 1103 igitur
1969 1063 2144 1094 secundum
2170 1064 2263 1105 quale
2291 1064 2431 1095 alteratio
2464 1065 2519 1096 sit:
2549 1065 2623 1096 huic

1633 1106 1716 1136 enim
1739 1106 1850 1138 alludit
1874 1116 2045 1138 commune
2064 1117 2192 1138 nornen.
2217 1107 2297 1138 Dico
2315 1114 2422 1138 autem
2444 1109 2537 1149 quale
2557 1119 2624 1140 non

1630 1150 1664 1180 in
1692 1150 1863 1181 substantia
1892 1149 1941 1192 (et
1970 1160 2108 1191 namque
2138 1150 2308 1182 differentia
2335 1151 2427 1192 quale
2457 1150 2538 1194 est),
2569 1153 2624 1183 sed

1632 1194 1720 1233 quod
1736 1194 1907 1234 passivum,
1928 1194 2104 1224 secundum
2122 1194 2211 1235 quod
2226 1193 2338 1225 dicitur
2355 1195 2420 1236 pati
2436 1202 2490 1226 aut
2508 1195 2623 1236 impas-

1632 1236 1719 1267 sibile
1743 1247 1819 1268 esse.

1566 1279 1630 1317 Qui
1649 1290 1723 1310 vero
1739 1280 1913 1311 secundum
1933 1287 2099 1321 quantum,
2119 1281 2294 1312 secundum
2310 1291 2480 1313 commune
2494 1282 2625 1324 quidem

1631 1323 1848 1354 innominatus
1867 1330 1930 1354 est:
1955 1324 2010 1354 sed
2028 1325 2204 1355 secundum
2221 1332 2392 1367 utrumque
2417 1333 2625 1367 augmentum

1632 1374 1686 1398 aut
1704 1367 1948 1399 decrementum.
1973 1368 2038 1405 Qui
2054 1368 2140 1399 enim
2155 1375 2201 1400 est
2227 1369 2259 1399 in
2278 1369 2447 1410 perfectam
2468 1371 2624 1411 magnitu-

1632 1411 1749 1449 dinem,
1770 1418 1977 1452 augmentum
1993 1418 2056 1450 est;
2075 1412 2130 1453 qui
2147 1422 2222 1444 vero
2243 1423 2280 1444 ex
2293 1413 2362 1452 hac,
2380 1414 2623 1446 decrementum.

1566 1455 1630 1493 Qui
1654 1462 1761 1486 autem
1777 1462 1822 1486 est
1841 1456 2016 1486 secundum
2031 1456 2156 1495 locum,
2173 1463 2204 1488 et
2219 1457 2394 1488 secundum
2412 1457 2576 1498 proprium
2594 1465 2626 1490 et

1632 1509 1803 1530 commune
1821 1499 2038 1530 innominatus
2057 1506 2117 1531 est:
2133 1500 2173 1531 sit
2187 1507 2294 1532 autem
2309 1501 2385 1532 latio
2400 1508 2521 1541 vocata,
2537 1500 2629 1543 quod-

1632 1553 1803 1574 commune
1818 1550 1872 1574 est.
1893 1543 2045 1581 Quamvis
2059 1543 2201 1575 dicantur
2222 1544 2293 1575 ferri
2311 1545 2387 1576 haec
2403 1545 2470 1576 sola
2487 1545 2626 1586 proprie,

1632 1597 1706 1618 cum
1724 1597 1791 1618 non
1805 1587 1839 1618 in
1855 1587 1963 1628 seipsis
1982 1587 2022 1619 sit
2037 1594 2115 1619 stare
2131 1588 2326 1620 mutantibus
2344 1589 2464 1627 locum,
2481 1596 2512 1620 et
2529 1599 2625 1631 quae-

1632 1641 1769 1672 cumque
1793 1641 1859 1662 non
1881 1631 1950 1672 ipsa
1973 1631 2074 1672 seipsa
2096 1639 2227 1663 movent
2249 1633 2425 1664 secundum
2445 1633 2565 1665 locum.

1564 1675 1582 1695 *
1596 1675 1687 1713 Quae
1700 1682 1807 1706 autem
1819 1681 1865 1706 est
1878 1675 1911 1706 in
1923 1675 2033 1706 eadem
2044 1675 2146 1716 specie
2161 1676 2295 1707 mutatio
2307 1676 2341 1707 in
2353 1676 2452 1718 magis
2466 1684 2497 1708 et
2508 1677 2624 1717 minus,

1631 1719 1770 1756 alteratio
1802 1725 1857 1750 est.
1883 1719 1974 1756 Quae
2005 1719 2090 1750 enim
2118 1730 2154 1750 ex
2179 1720 2334 1751 contrario
2357 1721 2390 1751 in
2415 1721 2625 1761 contrarium,

1631 1769 1738 1793 motus
1765 1769 1811 1794 est
1840 1770 1894 1794 aut
1928 1763 2108 1803 simpliciter
2130 1771 2185 1795 aut
2214 1764 2267 1795 sic.
2297 1765 2332 1795 In
2362 1764 2467 1796 minus
2495 1765 2626 1806 quidem

1632 1807 1716 1838 enirn
1738 1807 1874 1845 vadens,
1898 1807 1930 1837 in
1954 1807 2146 1838 contrarium
2173 1808 2292 1839 dicetur
2314 1809 2445 1839 mutari:
2469 1808 2501 1839 in
2525 1809 2625 1850 magis

1632 1858 1749 1889 autem,
1765 1857 1917 1891 tanquam
1940 1860 1976 1881 ex
2000 1851 2155 1883 contrario
2178 1851 2211 1882 in
2235 1852 2384 1892 seipsum.
2409 1852 2519 1884 Differt
2540 1853 2627 1885 enim

1583 1913 1586 1915 >
1631 1895 1710 1925 nihil
1737 1895 1780 1925 sic
1798 1894 1912 1925 mutari
1931 1901 1985 1925 aut
2004 1895 2195 1935 simpliciter,
2215 1895 2274 1926 nisi
2292 1897 2381 1937 quod
2399 1896 2443 1927 sic
2468 1897 2627 1936 oportebit

1632 1938 1784 1969 contraria
1807 1948 1884 1977 esse,
1903 1938 2002 1978 magis
2025 1945 2132 1969 autem
2150 1946 2180 1970 et
2202 1939 2308 1970 minus
2329 1947 2375 1971 est
2396 1950 2462 1981 quo
2481 1940 2553 1980 plus
2571 1947 2627 1973 aut

1632 1982 1737 2013 minus
1761 1982 1906 2013 contrarii
1928 1982 2008 2013 inest
2030 1987 2085 2013 aut
2102 1993 2178 2014 non.

1567 2071 1665 2109 Quod
1688 2071 1817 2112 quidem
1835 2070 1928 2111 igitur
1950 2070 1983 2101 hi
2005 2077 2066 2101 tres
2085 2071 2144 2102 soli
2163 2078 2270 2102 motus
2289 2078 2377 2111 sunt,
2397 2082 2434 2102 ex
2455 2071 2504 2103 his
2526 2073 2625 2104 mani-

1633 2115 1749 2146 festum
1773 2121 1827 2145 est.

1565 2159 1584 2177 ⁶³*
1603 2159 1770 2189 immobile
1785 2165 1892 2189 autem
1911 2164 1966 2195 est,
1987 2165 2017 2189 et
2035 2159 2123 2199 quod
2142 2159 2274 2189 omnino
2290 2159 2485 2199 impossibile
2496 2167 2542 2192 est
2557 2170 2626 2191 mo-

1633 2203 1709 2241 veri,
1733 2203 1813 2233 sicut
1831 2213 1929 2233 sonus
1951 2202 2128 2233 invisibilis:
2149 2209 2178 2234 et
2201 2203 2290 2243 quod
2307 2202 2341 2233 in
2363 2203 2466 2234 multo
2485 2210 2627 2245 tempore

1633 2247 1684 2277 vix
1707 2253 1864 2285 movetur,
1883 2253 1937 2277 aut
1964 2246 2052 2287 quod
2075 2246 2160 2277 tarde
2179 2246 2307 2287 incipit;
2326 2247 2414 2288 quod
2433 2247 2546 2278 dicitur
2559 2258 2627 2288 gra·

1633 2291 1711 2321 viter
1733 2291 1865 2321 mobile:
1886 2297 1916 2321 et
1938 2290 2027 2331 quod
2043 2297 2153 2330 aptum
2169 2297 2279 2321 natum
2295 2297 2341 2321 est
2358 2291 2490 2330 moveri,
2509 2297 2628 2332 potest-

1635 2345 1698 2375 que
1725 2334 1861 2372 moveri,
1894 2344 1960 2364 non
1991 2341 2137 2364 movetur
2163 2341 2270 2365 autem
2297 2341 2372 2366 tunc
2407 2345 2481 2366 cum
2517 2341 2628 2376 aptum

1634 2385 1744 2409 natum
1764 2385 1820 2416 est,
1841 2384 1870 2408 et
1893 2378 1959 2416 ubi,
1979 2385 2009 2408 et
2032 2378 2094 2416 sic;
2114 2378 2203 2418 quod
2221 2378 2351 2418 quidem
2369 2378 2528 2419 quiescere
2544 2389 2627 2411 voco

1633 2422 1848 2452 immobilium
1871 2422 1986 2452 solum.
2005 2421 2209 2452 Contrarium
2231 2422 2316 2453 enim
2334 2422 2423 2463 quies
2443 2423 2547 2454 motui
2565 2430 2627 2464 est3

1634 2476 1730 2507 quare
1753 2465 1885 2506 privatio
1910 2465 1967 2496 erit
1989 2465 2166 2506 susceptivi.

1568 2509 1655 2548 Quid
1670 2509 1800 2550 quidem
1813 2509 1907 2549 igitur
1925 2516 1970 2540 est
1988 2516 2106 2548 motus,
2123 2516 2153 2540 et
2168 2509 2245 2550 quid
2263 2509 2363 2550 quies,
2379 2517 2409 2541 et
2427 2517 2507 2551 quot
2524 2517 2628 2542 muta-

1634 2554 1746 2592 tiones,
1771 2560 1801 2584 et
1823 2553 1932 2594 quales
1956 2560 2074 2593 motus,
2098 2553 2300 2584 manifestum
2316 2563 2352 2584 ex
2375 2553 2474 2585 dictis.

1569 2693 1611 2727 ri,
1634 2701 1708 2730 quae
1729 2702 1789 2721 non
1810 2699 1962 2721 moventur
1981 2702 1999 2720 a
2020 2692 2135 2729 seipsis,
2162 2694 2212 2721 sed
2233 2693 2269 2721 ab
2289 2693 2360 2722 aliis.
2381 2709 2400 2714 -
2421 2693 2504 2722 Ratio
2525 2702 2627 2722 eorum

1568 2742 1642 2770 quae
1656 2732 1732 2761 dicta
1752 2739 1819 2760 sunt
1836 2732 1911 2761 circa
1924 2732 2045 2760 nomina
2065 2732 2151 2760 trium
2166 2732 2326 2769 specierum
2342 2739 2448 2762 motus.
2469 2749 2490 2755 -
2512 2733 2538 2761 5.
2561 2733 2626 2762 Mu-

1567 2772 1637 2801 tatio
1659 2781 1733 2809 quae
1754 2779 1796 2800 est
1817 2771 1846 2800 in
1867 2773 1969 2800 eadem
1990 2771 2083 2809 specie
2105 2771 2257 2809 qualitatis,
2279 2779 2349 2809 puta
2368 2772 2399 2801 in
2419 2772 2560 2808 albedine,
2581 2781 2626 2801 se-

1568 2812 1695 2840 cundum
1717 2811 1814 2850 magis
1834 2817 1861 2840 et
1889 2811 1998 2846 minus,
2023 2821 2084 2839 non
2111 2811 2256 2840 reducitur
2281 2813 2318 2840 ad
2342 2818 2454 2840 motum
2481 2811 2627 2849 augmenti

1567 2852 1612 2879 vel
1633 2851 1815 2886 decrementi,
1841 2852 1891 2880 sed
1912 2857 1955 2879 est
1975 2850 2113 2879 alteratio.
2135 2852 2209 2880 Nam
2233 2851 2336 2880 mutari
2360 2852 2397 2880 de
2423 2850 2568 2880 contrario
2594 2851 2628 2880 in

1569 2891 1745 2919 contrarium
1773 2892 1931 2919 secundum
1953 2890 2129 2927 qualitatem,
2151 2890 2290 2928 contingit
2311 2897 2360 2919 aut
2379 2891 2566 2928 simpliciter,
2587 2889 2624 2918 si-

1569 2937 1616 2959 cut
1643 2940 1709 2958 cum
1737 2930 1846 2967 aliquid
1873 2931 1909 2958 de
1936 2930 2003 2959 albo
2029 2936 2156 2958 mutatur
2182 2930 2212 2958 in
2239 2930 2366 2967 nigrum,
2394 2935 2443 2958 aut
2468 2929 2625 2958 secundum

1569 2970 1665 3008 magis
1688 2975 1715 2998 et
1737 2970 1847 3003 minus,
1869 2969 1941 2998 sicut
1965 2979 2031 2997 cum
2056 2969 2164 3006 aliquid
2185 2970 2221 2998 de
2244 2968 2334 3006 magis
2354 2969 2420 2997 albo
2444 2974 2571 2997 mutatur
2594 2967 2626 2997 in

1569 3009 1664 3037 minus
1686 3009 1793 3044 alburn,
1815 3009 1859 3037 vel
1874 3018 1889 3037 e
1904 3018 2052 3037 converso.
2069 3025 2088 3030 -
2102 3009 2290 3037 Concluditur
2312 3007 2420 3044 species
2443 3014 2539 3036 motus
2562 3017 2625 3036 esse

1569 3049 1662 3076 solum
1684 3054 1740 3076 tres
1767 3048 1935 3084 praedictas.
1958 3065 1977 3069 —
1999 3049 2026 3076 6.
2049 3048 2154 3076 Tribus
2177 3047 2272 3076 modis
2293 3047 2395 3076 dicitur
2418 3047 2570 3076 immobile.
2592 3047 2624 3084 a)

1570 3088 1657 3122 Quod
1678 3087 1757 3116 nullo
1779 3088 1868 3116 modo
1891 3087 1999 3115 moveri
2020 3094 2123 3123 potest,
2145 3094 2176 3116 ut
2197 3089 2284 3123 Deus;
2301 3087 2329 3123 b)
2347 3087 2427 3124 quod
2447 3085 2562 3115 difficile
2583 3093 2626 3115 est

1570 3126 1692 3162 moveri3
1708 3128 1733 3162 c)
1749 3128 1830 3164 quod
1844 3133 1942 3155 natum
1958 3133 2000 3154 est
2014 3126 2123 3155 moveri
2138 3133 2166 3155 et
2179 3133 2273 3164 potest
2286 3127 2322 3155 de
2335 3126 2409 3154 facili
2424 3126 2542 3162 moveri,
2564 3135 2626 3155 non

1569 3172 1666 3194 tamen
1687 3173 1818 3194 movetur
1839 3166 1956 3203 quando
1978 3172 2006 3194 et
2026 3165 2074 3194 ubi
2096 3173 2123 3194 et
2144 3175 2180 3194 eo
2201 3167 2291 3194 modo
2313 3175 2372 3203 quo
2392 3166 2500 3194 moveri
2521 3171 2624 3203 potest.

1569 3207 1605 3234 Et
1625 3206 1681 3234 hoc
1695 3205 1789 3234 solum
1803 3205 1906 3234 dicitur
1920 3205 2034 3242 proprie
2056 3205 2218 3243 quiescere:
2232 3214 2300 3234 narn
2315 3205 2396 3242 quies
2417 3212 2459 3234 est
2473 3205 2624 3240 contraria,

1569 3255 1620 3274 seu
1641 3245 1776 3282 privative
1791 3245 1934 3282 opposita,
1949 3245 2050 3273 motui.
2066 3245 2149 3273 Unde
2165 3245 2245 3282 quies
2259 3252 2301 3273 est
2313 3245 2441 3283 privatio
2456 3245 2485 3273 in
2499 3244 2626 3274 subiecto

1570 3285 1729 3323 susceptivo
1750 3290 1850 3313 motus.
1873 3302 1892 3306 —
1913 3284 2060 3322 Epilogus.

1569 3385 1668 3423 tam;
1697 3377 1864 3415 secundo
1894 3377 2056 3415 ostendit
2083 3377 2241 3426 qualiter
2264 3378 2309 3415 sit
2328 3386 2454 3415 motus
2472 3378 2510 3415 in
2528 3389 2623 3415 uno-

1570 3443 1722 3479 quoque
1750 3430 1862 3467 trium
1891 3443 2084 3479 generum,
2114 3430 2185 3467 ibi:
2217 3431 2348 3468 Motus
2380 3431 2526 3480 quidem
2554 3430 2623 3480 igi-

1570 3489 1630 3520 tur
1646 3485 1664 3505 ss
1686 3491 1768 3529 etc.;
1788 3483 1896 3520 tertio
1926 3491 2099 3521 removet
2126 3484 2317 3532 quandam
2337 3483 2620 3530 dubitationem,
2649 3493 2658 3503 ·
2673 3491 2742 3514 Num·
2758 3498 2809 3521 seq·

1570 3536 1638 3574 ibi:
1671 3537 1776 3579 Quae
1803 3542 1927 3573 autem
1955 3541 2009 3574 est
2034 3536 2070 3573 in
2099 3536 2228 3573 eadem
2254 3536 2407 3584 specie*
2425 3542 2492 3572 etc.

1623 3590 1722 3626 Dicit
1741 3601 1830 3636 ergo
1850 3589 1974 3638 primo
2000 3589 2104 3636 quod
2133 3600 2219 3625 cum
2248 3595 2373 3625 motus
2392 3599 2469 3624 non
2488 3586 2534 3624 sit
2557 3599 2620 3623 ne—

2650 924 2717 946 Text.
2732 924 2764 947 ¹8.

2653 1685 2662 1695 ·
2676 1683 2744 1706 Text.
2759 1690 2794 1713 ¹9-

2653 2171 2663 2181 ·
2677 2169 2745 2192 Text.
2759 2175 2801 2192 πο-

2649 3545 2659 3555 ·
2674 3544 2743 3566 Num.
2759 3550 2779 3573 5.

2861 3906 2871 3933 ,ἅ
2862 3831 2874 3902 mm
2874 3813 2879 3816 Ι
