2950 4004
249 1793 260 1803 ⁴
271 1792 350 1820 primo
361 1791 413 1813 add.
424 1797 460 1812 cn.

249 2218 257 2226 ·
266 2215 329 2238 Lect.
340 2221 389 2243 vui,
405 2221 427 2236 n.
440 2221 461 2243 7.

498 269 569 316 196

490 347 603 384 unius
624 355 659 384 et
678 347 851 384 eiusdem
870 347 1225 384 transmutationem
1246 347 1294 384 de
1318 348 1485 397 perfecto
1509 350 1558 386 ad

490 400 768 449 imperfectum,
786 407 849 437 aut
869 413 888 436 e
910 412 1108 437 converso.
1130 401 1179 437 Et
1192 401 1267 438 hoc
1281 408 1384 450 patet
1397 414 1466 450 per
1483 395 1557 439 hoc

490 454 596 501 quod
629 454 668 490 in
707 466 753 490 eo
785 453 890 501 quod
918 460 974 490 est
1001 452 1218 501 simpliciter
1252 462 1288 491 et
1320 453 1558 492 uniformiter

490 506 664 555 aliquale,
681 519 760 543 non
781 514 835 542 est
853 506 1023 543 invenire
1045 505 1211 555 aliquam
1230 514 1378 556 partem
1394 519 1493 557 quae
1512 508 1559 545 sit

491 559 571 596 sine
591 559 653 596 tali
669 559 863 607 qualitate3
881 558 975 595 sicut
994 571 1072 596 non
1087 566 1143 595 est
1158 560 1329 609 accipere
1345 559 1383 596 in
1402 560 1557 598 scintilla

491 612 585 660 ignis
611 612 776 661 aliquam
803 619 952 660 partem
978 612 1018 649 in
1043 623 1118 660 qua
1146 624 1225 648 non
1253 612 1299 650 sit
1327 612 1493 650 caliditas
1522 621 1559 650 et

490 665 638 710 albedo,
667 665 707 702 id
736 672 791 702 est
819 665 976 702 claritas.
1016 664 1079 702 Sic
1111 664 1220 712 igitur
1255 673 1290 702 et
1322 665 1427 714 prior
1455 666 1558 703 calor

491 718 645 755 advenit
663 717 883 766 posteriori,
904 730 982 755 non
1001 730 1070 767 per
1088 718 1164 755 hoc
1187 718 1292 767 quod
1316 718 1443 767 aliqua
1469 731 1557 767 pars

490 783 587 820 quae
617 783 696 808 non
717 778 796 808 erat
815 770 945 818 calida,
967 771 1012 808 sit
1031 771 1128 807 facta
1148 771 1283 817 calida;
1309 771 1377 808 sed
1395 784 1464 820 per
1482 772 1557 808 hoc

490 824 595 872 quod
623 823 714 861 illud
741 823 847 873 quod
876 831 954 861 erat
990 823 1117 861 minus
1152 823 1337 872 calidum,
1367 824 1410 861 fit
1437 824 1557 873 magis

491 877 666 914 calidum,

543 930 654 968 Unde
679 938 715 967 et
734 930 956 978 magnitudo
977 937 1014 967 et
1031 929 1198 979 parvitas
1218 929 1401 967 sensibilis
1422 942 1556 979 corpo-

489 983 538 1020 ris
558 996 638 1020 non
667 984 878 1021 extenditur
895 983 957 1021 vel
977 982 1179 1032 ampliatur
1197 982 1236 1019 in
1256 983 1502 1020 rarefactione
1522 991 1558 1020 et

491 1036 786 1074 condensatione
805 1050 874 1086 per
891 1038 978 1083 hoc,
1008 1036 1114 1085 quod
1141 1035 1302 1073 materia
1331 1035 1471 1086 aliquid
1496 1048 1555 1074 su-

488 1090 731 1138 peradditum
751 1090 926 1139 accipiat;
947 1089 1015 1127 sed
1034 1089 1123 1138 quia
1142 1089 1311 1136 materia,
1332 1101 1430 1137 quae
1452 1089 1556 1139 prius

491 1150 569 1179 erat
597 1143 635 1179 in
663 1143 832 1192 potentia
865 1143 914 1180 ad
942 1155 1125 1191 magnum
1155 1150 1191 1179 et
1217 1154 1402 1191 parvum,
1437 1150 1555 1180 trans-

489 1203 656 1233 mutatur
683 1195 697 1222 3
726 1197 773 1234 de
801 1209 879 1233 uno
908 1196 947 1233 in
975 1197 1146 1233 alterum.
1168 1196 1218 1232 Et
1241 1195 1328 1232 ideo
1362 1207 1491 1233 rarum
1521 1203 1557 1233 et

490 1249 652 1286 densum
681 1262 760 1286 non
787 1250 830 1287 fit
856 1261 926 1298 per
962 1249 1197 1286 additionem
1231 1248 1395 1297 partium
1428 1249 1555 1286 subin-

488 1302 679 1350 trantium,
708 1303 770 1339 vel
798 1314 866 1351 per
898 1302 1194 1341 subtractionem
1229 1301 1457 1348 earundem3
1487 1302 1556 1339 sed

487 1367 557 1405 per
584 1356 658 1392 hoc
687 1356 792 1404 quod
820 1368 896 1392 una
925 1363 980 1392 est
1007 1355 1165 1392 materia
1193 1354 1266 1391 rari
1301 1362 1336 1390 et
1365 1354 1482 1391 densi.

576 1410 632 1446 13.
658 1408 808 1446 Deinde
829 1421 917 1445 curn
938 1408 1042 1446 dicit:
1062 1409 1131 1445 Est
1151 1413 1276 1445 autem
1296 1407 1451 1444 densum
1471 1415 1554 1454 etc.,

489 1461 704 1499 manifestat
730 1462 970 1510 propositum
997 1474 1067 1510 per
1090 1461 1247 1498 effectus
1271 1460 1344 1497 rari
1373 1467 1409 1496 et
1437 1460 1554 1497 densi.

489 1516 547 1552 Ex
577 1514 787 1552 differentia
816 1515 916 1551 enim
947 1514 1104 1551 raritatis
1133 1521 1169 1550 et
1198 1512 1389 1550 densitatis
1424 1525 1555 1550 conse-

490 1568 615 1617 quitur
649 1567 860 1604 differentia
897 1567 1056 1604 aliarum
1093 1566 1316 1615 qualitatum
1344 1570 1382 1612 ⁷²,
1418 1565 1558 1603 scilicet

489 1621 614 1669 gravis
634 1628 671 1657 et
688 1621 793 1668 levis,
826 1620 909 1658 duri
938 1628 975 1656 et
1003 1619 1139 1656 mollis.
1170 1620 1219 1656 Et
1241 1619 1294 1656 sic
1322 1625 1424 1667 patet
1452 1619 1557 1668 quod

490 1686 618 1711 rarum
644 1681 679 1710 et
708 1673 869 1711 densum
900 1673 1158 1710 diversificant
1185 1672 1381 1721 qualitates
1416 1679 1452 1709 et
1479 1685 1557 1709 non

490 1726 725 1776 quantitates.

543 1780 642 1817 Dicit
667 1792 755 1828 ergo
780 1781 799 1801 ³¹³
818 1779 923 1828 quod
945 1779 994 1816 ad
1014 1779 1204 1816 raritatem
1225 1777 1394 1826 sequitur
1412 1777 1554 1825 levitas,

490 1841 527 1871 et
550 1833 599 1870 ad
624 1833 848 1870 densitatem
877 1832 1047 1881 sequitur
1065 1831 1239 1880 gravitas.
1268 1831 1317 1867 Et
1343 1831 1418 1867 hoc
1447 1831 1557 1867 ratio-

489 1886 679 1924 nabiliter:
709 1887 798 1935 quia
826 1898 954 1922 rarum
984 1892 1039 1922 est
1071 1897 1117 1921 ex
1144 1885 1235 1931 hoc,
1265 1883 1372 1933 quod
1400 1883 1556 1920 materia

490 1939 621 1988 recipit
641 1940 806 1976 maiores
833 1937 846 1959 ⁰
875 1938 1149 1983 dimensiones;
1171 1937 1333 1974 densum
1361 1944 1490 1974 autem
1511 1949 1556 1973 ex

490 1994 576 2040 hoc,
607 1993 712 2041 quod
735 1992 893 2029 materia
921 1990 1052 2041 recipit
1079 1990 1248 2028 minores
1277 1990 1554 2027 dimensiones:

491 2054 528 2083 et
566 2045 618 2082 sic
659 2046 690 2083 si
732 2045 963 2094 accipiantur
1004 2044 1155 2081 diversa
1192 2055 1352 2092 corpora
1390 2043 1556 2092 aequalis

491 2099 717 2148 quantitatis,
747 2111 867 2135 unum
897 2110 1024 2135 rarum
1055 2104 1091 2134 et
1123 2096 1224 2133 aliud
1258 2096 1435 2144 densum,
1466 2097 1556 2134 den-

491 2164 577 2190 sum
610 2153 725 2189 habet
757 2153 842 2201 plus
878 2151 925 2188 de
954 2150 1121 2187 materia.
1158 2149 1312 2187 Dictum
1345 2157 1401 2186 est
1429 2156 1556 2186 autem

491 2218 606 2254 supra
620 2206 639 2226 *
654 2206 691 2242 in
706 2212 864 2242 tractatu
880 2204 926 2241 de
941 2204 1039 2250 loco,
1061 2202 1167 2252 quod
1182 2215 1320 2251 corpus
1336 2208 1556 2239 contentum

492 2266 734 2307 comparatur
771 2258 820 2295 ad
858 2257 1054 2294 continens
1091 2256 1186 2293 sicut
1222 2255 1380 2292 materia
1408 2255 1456 2292 ad
1484 2255 1558 2291 for-

491 2324 617 2349 mam:
653 2319 689 2348 et
717 2311 769 2349 sic
797 2322 923 2359 grave,
945 2310 1051 2358 quod
1078 2309 1195 2346 tendit
1222 2321 1356 2345 versus
1385 2307 1557 2345 medium

493 2373 726 2413 contentum,
757 2363 1027 2401 rationabiliter
1055 2370 1110 2399 est
1138 2361 1258 2410 magis
1285 2361 1463 2408 densum,
1493 2361 1558 2398 ha-

491 2419 585 2455 bens
613 2419 697 2467 plus
727 2418 773 2455 de
802 2416 969 2454 materia.
997 2416 1102 2453 Sicut
1135 2427 1224 2463 ergo
1259 2414 1559 2451 circumferentia

492 2471 618 2508 circuli
638 2471 792 2508 maioris
813 2470 968 2507 reducta
988 2469 1036 2506 ad
1058 2468 1248 2506 minorem
1270 2468 1463 2514 circulum,
1481 2479 1559 2504 non

492 2524 622 2573 recipit
651 2524 926 2561 concavitatem
955 2523 994 2559 in
1023 2522 1148 2571 aliqua
1176 2521 1233 2558 sui
1261 2529 1382 2570 parte,
1417 2520 1456 2557 in
1484 2532 1559 2569 qua

491 2590 570 2614 non
599 2585 678 2614 erat
704 2577 808 2626 prius
826 2584 846 2623 ¹,
868 2576 935 2613 sed
963 2575 1068 2625 quod
1095 2574 1200 2624 prius
1229 2582 1308 2611 erat
1331 2585 1556 2619 concavum,

544 2728 570 2760 ζ)
590 2735 657 2761 quae
671 2727 750 2759 prius
775 2729 834 2751 erat
853 2726 878 2751 in
894 2725 1019 2758 potentia
1037 2725 1075 2750 ad
1094 2730 1221 2758 magnum
1240 2726 1267 2748 et
1280 2730 1405 2755 parvum,
1424 2725 1558 2747 transmu-

492 2767 576 2789 tatur.
590 2778 607 2782 -
620 2762 776 2792 PBDQRsG
790 2767 815 2786 et
830 2762 859 2791 b;
873 2761 912 2793 pE
927 2766 952 2785 et
963 2768 981 2785 a
995 2768 1049 2785 om.
1061 2760 1202 2792 accipiat...
1217 2761 1416 2783 transmutatur
1429 2757 1476 2787 de,·
1490 2764 1557 2790 quae

488 2799 567 2831 prius
587 2799 681 2827 inerat,
695 2801 755 2822 erat
774 2797 844 2829 (erat
862 2804 915 2821 om.
929 2796 1000 2828 CpL)
1016 2796 1041 2820 in
1056 2795 1180 2827 potentia
1198 2794 1236 2819 ad
1254 2801 1380 2826 magnum
1395 2796 1422 2818 et
1431 2800 1555 2825 parvum,

492 2837 518 2859 et
537 2836 736 2859 transmutatur
749 2837 798 2857 cet.

545 2870 572 2901 η)
597 2868 766 2900 consequitur
784 2866 935 2900 differentia
959 2865 1075 2890 aliarum
1094 2865 1262 2897 qualitatum.
1275 2864 1355 2888 -Pro
1374 2864 1556 2896 consequitur,

492 2905 611 2936 sequitur
630 2903 720 2933 PFab,-
739 2910 786 2935 pro
804 2902 929 2930 aliarum,
950 2902 1056 2926 illarum
1076 2901 1105 2929 E.
1122 2901 1161 2925 vel
1179 2900 1330 2932 aliquarum
1351 2906 1440 2931 margo
1459 2900 1488 2930 E,
1508 2899 1556 2924 ali-

493 2947 606 2972 quarum
621 2943 672 2966 cet.
684 2945 738 2963 exc.
753 2937 1003 2962 HLMRSZ.-Ante
1018 2936 1081 2961 duri
1094 2935 1152 2960 add.
1166 2938 1192 2960 et
1201 2935 1277 2960 codd.
1290 2943 1343 2960 exc.
1357 2934 1449 2966 NZpE.
1462 2948 1480 2953 —-
1493 2942 1558 2967 qua·

493 2975 593 2999 litatem
613 2978 640 2999 et
659 2981 710 2998 non
730 2972 905 3005 quantitatem
925 2972 998 2997 codd.
1014 2979 1067 2996 exc.
1087 2971 1117 2996 N.

546 3008 570 3041 0)
591 3009 704 3034 materia
725 3008 817 3040 recipit
843 3007 956 3032 maiores
981 3012 1029 3031 etc.
1041 3021 1060 3026 —
1072 3006 1186 3031 materia
1205 3005 1301 3037 recipit
1323 3005 1439 3030 minores
1458 3005 1558 3029 dimen-

493 3045 579 3070 siones
597 3048 623 3069 et
641 3045 679 3069 sic
698 3042 1031 3073 AClKLNOQSTVXYab,
1047 3049 1099 3066 om.
1115 3049 1210 3074 nempe
1229 3041 1368 3065 maiores...
1384 3040 1497 3065 materia
1516 3047 1557 3065 re-

493 3080 572 3112 cipit;
592 3079 683 3104 eodem
700 3079 778 3103 modo
793 3079 928 3103 densum...
942 3077 1119 3102 dimensiones
1133 3084 1186 3101 om.
1200 3075 1264 3100 FGZ
1280 3081 1304 3100 et
1319 3076 1359 3100 ed.
1373 3075 1465 3100 Vener.
1483 3074 1558 3106 1545.

548 3114 566 3149 ι)
588 3115 613 3140 in
633 3122 685 3147 qua
704 3122 755 3139 non
775 3116 834 3139 erat
843 3113 930 3146 prius.
944 3127 963 3132 -
976 3113 1045 3142 Palm·
1064 3113 1090 3137 in
1104 3119 1156 3144 qua
1166 3111 1245 3144 prius
1264 3119 1315 3136 non
1329 3110 1437 3136 haberet
1456 3111 1558 3135 codd.-

1121 268 1467 307 PHYSICORUM
1494 269 1844 308 ARISTOTELIS
1874 271 1968 309 LIB.
2000 272 2052 309 IV

1611 349 1802 386 reducitur
1817 350 1865 387 ad
1880 350 2066 388 maiorem
2087 352 2379 401 concavitatem3
2401 362 2436 392 et
2451 355 2546 393 sicut
2560 369 2675 405 quae-

1613 414 1778 452 cumque
1797 415 1884 452 pars
1904 403 1998 451 ignis
2013 416 2129 452 quarn
2149 405 2232 453 quis
2252 407 2445 456 receperit,
2461 416 2518 445 est
2537 409 2673 447 calida:

1611 455 1660 492 ita
1681 463 1718 492 et
1737 462 1860 492 totum
1889 468 2027 505 corpus
2054 457 2098 494 fit
2125 469 2253 495 rarum
2282 466 2318 495 et
2345 459 2507 498 densum
2536 462 2673 499 condu-

1611 509 1746 555 ctione,
1775 508 1814 546 id
1833 517 1888 546 est
1908 509 2175 557 contractione,
2197 518 2233 547 et
2253 511 2481 550 distensione
2504 514 2616 552 unius
2637 523 2674 553 et

1612 561 1783 598 eiusdem
1811 561 2012 610 materiae,
2046 563 2259 600 secundum
2287 564 2392 613 quod
2419 574 2598 604 movetur
2624 568 2674 606 ad

1610 613 1797 651 maiorem
1825 615 1887 652 vel
1916 615 2106 652 minorem
2135 616 2427 655 dimensionem.

1664 667 1713 703 Et
1734 667 1810 704 hoc
1832 675 1935 716 patet
1961 680 2029 717 per
2058 681 2103 705 ea
2124 670 2143 690 ἦ*
2163 681 2262 718 quae
2281 677 2491 719 sequuntur
2519 683 2564 708 ex
2588 683 2672 709 raro

1611 726 1648 756 et
1667 719 1800 767 denso,
1821 732 1919 768 quae
1948 728 2035 758 sunt
2061 722 2270 770 qualitates.
2301 723 2404 760 Nam
2433 723 2482 761 ad
2510 724 2673 762 densum

1611 772 1779 821 sequitur
1797 785 1912 821 grave
1928 781 1964 810 et
1983 774 2134 812 durum.
2151 776 2200 812 Et
2219 775 2266 812 de
2281 775 2387 823 gravi
2402 776 2559 824 quidem
2579 777 2673 815 ratio

1611 825 1795 873 assignata
1814 833 1887 872 est;
1909 827 1956 863 de
1986 826 2081 864 duro
2110 835 2238 865 autem
2258 828 2351 865 ratio
2371 829 2570 867 manifesta
2598 837 2673 867 est:

1611 877 1699 926 quia
1732 878 1871 916 durum
1908 878 2042 917 dicitur
2078 880 2182 929 quod
2217 881 2337 929 magis
2371 882 2506 919 resistit
2546 883 2673 931 pulsui

1609 931 1672 967 vel
1700 930 1896 977 divisioni;
1926 931 2032 981 quod
2059 941 2187 970 autem
2214 934 2330 971 habet
2356 935 2443 983 plus
2476 935 2523 972 de
2555 943 2673 973 mate-

1611 983 1676 1031 ria,
1698 983 1823 1021 minus
1843 992 1899 1021 est
1918 984 2113 1033 divisibile,
2130 986 2218 1035 quia
2238 986 2364 1024 minus
2387 987 2517 1025 obedit
2536 988 2671 1036 agenti,

1609 1044 1764 1086 propter
1789 1038 1865 1074 hoc
1893 1038 1998 1086 quod
2027 1046 2081 1075 est
2099 1039 2220 1086 magis
2249 1047 2439 1076 remotum
2459 1041 2508 1077 ab
2527 1048 2624 1078 actu.
2645 1062 2670 1070 -

1610 1090 1643 1127 E
1674 1102 1860 1127 converso
1888 1091 1909 1112 ’³
1937 1098 2078 1138 autem,
2100 1091 2149 1128 ad
2169 1104 2297 1128 rarum
2326 1092 2495 1141 sequitur
2522 1093 2607 1130 leve
2635 1102 2672 1131 et

1610 1143 1736 1180 molle.
1755 1143 1832 1180 Sed
1851 1155 1966 1191 grave
1986 1151 2023 1180 et
2041 1143 2181 1180 durum
2199 1144 2238 1181 in
2257 1143 2443 1193 aliquibus
2465 1142 2671 1194 dissonant,

1610 1195 1705 1233 sicut
1722 1195 1761 1232 in
1781 1196 1878 1233 ferro
1899 1203 1936 1232 et
1952 1196 2134 1244 plumbo:
2163 1209 2254 1233 nam
2277 1197 2481 1245 plumbum
2510 1205 2566 1235 est
2592 1210 2674 1246 gra-

1608 1248 1706 1296 vius,
1736 1249 1803 1285 sed
1823 1249 1966 1285 ferrum
1995 1256 2051 1285 est
2078 1249 2219 1287 durius.
2249 1250 2298 1286 Et
2332 1250 2445 1288 huius
2478 1251 2573 1288 ratio
2606 1258 2672 1298 est,

1610 1301 1699 1350 quia
1733 1301 1938 1350 plumbum
1974 1301 2089 1338 habet
2115 1302 2200 1351 plus
2229 1301 2275 1339 de
2309 1303 2496 1341 terrestri:
2534 1302 2602 1341 sed
2634 1303 2674 1342 id

1610 1353 1715 1402 quod
1735 1361 1791 1390 est
1809 1365 1932 1402 aquae
1951 1353 1990 1390 in
2010 1366 2069 1401 e0,
2086 1362 2142 1391 est
2159 1354 2414 1404 imperfectius
2435 1357 2674 1404 congelatum

1611 1414 1647 1443 et
1667 1406 1866 1454 digestum.

1670 1471 1726 1506 14.
1757 1459 1906 1496 Deinde
1935 1471 2023 1496 curn
2052 1459 2158 1497 dicit:
2187 1461 2252 1496 Ex
2279 1461 2383 1498 dictis
2410 1461 2527 1511 igitur
2553 1462 2674 1500 mani-

1598 1513 1744 1561 festum
1772 1518 1827 1549 est
1853 1520 1940 1560 etc.,
1971 1512 2160 1550 concludit
2185 1513 2391 1563 principale
2418 1514 2671 1564 propositum.

1610 1566 1660 1602 Et
1679 1565 1767 1602 dicit
1785 1565 2028 1603 manifestum
2048 1577 2130 1602 esse
2152 1578 2196 1602 ex
2220 1565 2326 1603 dictis
2347 1568 2380 1615 *‚
2401 1567 2505 1616 quod
2520 1579 2599 1605 non
2618 1575 2675 1605 est

1610 1624 1778 1656 vacuum
1808 1618 1962 1668 aliquod
1986 1619 2150 1668 spatium
2178 1627 2411 1668 separatum3
2440 1633 2566 1670 neque
2584 1620 2673 1658 sim-

1609 1671 1753 1721 pliciter
1772 1673 1790 1691 ⁴*
1813 1678 1868 1708 est
1886 1679 1988 1708 extra
2008 1684 2146 1721 corpus
2175 1672 2352 1720 existens;
2368 1685 2493 1722 neque
2513 1673 2673 1712 existens

1610 1724 1648 1761 in
1669 1737 1754 1761 raro
1773 1730 1786 1745 ³
1806 1725 2019 1762 secundum
2038 1725 2164 1774 aliqua
2182 1725 2369 1762 foramina
2387 1738 2527 1772 vacua3
2548 1738 2674 1776 neque

1611 1777 1724 1814 etiam
1754 1777 1914 1814 existens
1946 1785 2002 1814 est
2035 1777 2074 1815 in
2101 1778 2270 1827 potentia
2306 1778 2344 1815 in
2378 1790 2538 1828 corpore
2565 1791 2672 1827 raro,

1610 1831 1823 1868 secundum
1851 1830 1933 1867 illos
1962 1830 2027 1880 qui
2054 1843 2133 1867 non
2161 1832 2356 1880 ponebant
2377 1843 2545 1869 vacuum
2569 1832 2675 1882 quod

1611 1891 1668 1920 est
1685 1883 1724 1920 in
1740 1883 1962 1932 corporibus
1982 1891 2199 1933 separatum
2215 1896 2237 1920 a
2254 1885 2381 1933 pleno.
2400 1885 2420 1906 *
2435 1885 2484 1921 Et
2497 1885 2551 1922 sic
2569 1885 2673 1922 nullo

1611 1936 1731 1974 modo
1761 1944 1816 1973 est
1842 1949 2023 1983 vacuum,
2052 1936 2123 1973 nisi
2151 1936 2285 1985 aliquis
2311 1937 2461 1986 penitus
2488 1937 2580 1975 velit
2605 1949 2675 1975 vo·

1611 2002 1696 2026 care
1724 2001 1894 2026 vacuum
1921 1989 2138 2036 materiam,
2173 2002 2272 2038 quae
2300 1990 2590 2039 quodammodo
2620 1997 2676 2028 est

1612 2054 1726 2079 causa
1745 2042 1934 2090 gravitatis
1955 2050 1991 2079 et
2009 2042 2180 2090 levitatis,
2209 2045 2246 2079 et
2264 2043 2317 2080 sic
2336 2050 2392 2080 est
2415 2055 2528 2080 causa
2546 2050 2674 2081 motus

1610 2095 1823 2132 secundum
1849 2097 1991 2132 locum.
2012 2097 2032 2115 ⁴*
2051 2096 2226 2132 Densum
2247 2095 2348 2132 enim
2369 2103 2406 2132 et
2432 2108 2560 2133 rarum
2589 2103 2676 2134 sunt

1612 2161 1726 2185 causa
1753 2156 1881 2185 motus
1909 2148 2123 2185 secundum
2153 2148 2455 2185 contrarietatem
2484 2148 2611 2196 gravis
2639 2156 2676 2186 et
2702 2161 2762 2184 codd

1611 2201 1720 2247 levis;
1742 2202 1809 2238 sed
1824 2201 2036 2238 secundum
2059 2201 2359 2238 contrarietatem
2381 2201 2463 2239 duri
2483 2209 2520 2238 et
2537 2200 2674 2249 mollis,

1612 2261 1698 2291 sunt
1727 2266 1840 2291 causa
1867 2254 2041 2303 passibile
2070 2261 2107 2290 et
2132 2253 2362 2303 impassibile
2379 2253 2412 2291 ²:
2442 2267 2532 2292 nam
2560 2254 2675 2292 molle

1613 2315 1668 2344 est
1696 2307 1734 2344 id
1753 2307 1859 2356 quod
1878 2307 1986 2344 facile
2013 2307 2152 2356 patitur
2181 2307 2420 2355 divisionem,
2450 2307 2589 2344 durum
2610 2318 2676 2346 au-

1611 2368 1689 2397 tem
1720 2372 1739 2396 e
1769 2367 1910 2407 contra,
1930 2367 1972 2397 ut
1992 2360 2134 2396 dictum
2155 2367 2210 2397 est
2229 2361 2260 2396 *.
2292 2360 2370 2398 Sed
2391 2361 2467 2397 hoc
2493 2372 2572 2398 non
2590 2372 2676 2410 per—

1611 2413 1706 2450 tinet
1733 2413 1783 2450 ad
1810 2412 1883 2450 loci
1910 2413 2180 2460 mutationem,
2210 2413 2278 2450 sed
2312 2413 2434 2461 magis
2462 2413 2511 2450 ad
2544 2413 2677 2451 altera-

1613 2474 1768 2503 tionem.

1666 2520 1716 2556 Et
1743 2518 1795 2555 sic
1823 2518 2014 2555 concludit
2031 2518 2323 2555 determinatum
2350 2531 2432 2556 esse
2462 2518 2508 2555 de
2536 2530 2674 2566 vacuo,

1613 2572 1810 2621 quomodo
1840 2571 1896 2618 sit,
1927 2579 1963 2608 et
1990 2572 2189 2620 quo'modo
2217 2584 2296 2608 non
2325 2571 2380 2609 sit.

1612 2722 1668 2746 Lin.
1690 2729 1746 2754 seq.
1760 2722 1834 2746 codd.
1847 2721 1888 2746 ab
1908 2726 1933 2745 et
1957 2722 1998 2746 ed.
2021 2721 2112 2746 Venet.
2140 2720 2204 2753 1545
2224 2721 2327 2754 legunt:
2353 2724 2380 2746 et
2401 2721 2470 2746 sicut
2487 2727 2677 2754 quamcumque

1607 2760 1716 2789 partem
1735 2757 1805 2790 ignis
1824 2757 1920 2788 aliquis
1938 2756 2070 2788 acceperit
2087 2759 2126 2781 est
2144 2756 2240 2786 caIida,
2254 2756 2293 2781 ita
2311 2759 2338 2781 et
2355 2761 2403 2781 etc.

1665 2791 1690 2826 κ)
1705 2799 1786 2825 neque
1796 2792 1915 2817 existens
1925 2792 1950 2816 in
1967 2799 2064 2817 raro.—
2073 2792 2233 2820 PBEGLab3
2246 2798 2294 2824 pro
2304 2799 2378 2821 raro,
2387 2791 2476 2824 aliquo
2486 2790 2620 2823 HMNQR,
2630 2797 2676 2816 ra-

1611 2835 1660 2853 cuo
1680 2836 1732 2852 non
1751 2828 1817 2852 bene
1832 2832 1880 2852 cet.
1895 2827 1982 2852 Lectio
1996 2827 2085 2860 aliquo
2104 2828 2129 2851 in
2144 2835 2172 2852 se
2186 2831 2225 2852 est
2239 2827 2314 2857 bona,
2329 2827 2376 2852 sed
2390 2835 2442 2852 non
2456 2826 2576 2852 convenit
2589 2826 2676 2858 textui.

1664 2862 1693 2897 λ)
1710 2863 1837 2895 passibile
1855 2865 1881 2887 et
1900 2862 2068 2894 impassibile.
2079 2862 2244 2894 —passibilis
2261 2865 2288 2887 et
2306 2862 2475 2894 impassibilis
2488 2861 2574 2892 nsi-21,
2588 2861 2676 2894 possi-

1611 2898 1661 2923 bile
1680 2901 1706 2923 et
1724 2898 1883 2930 impossibile
1900 2898 1977 2930 ΖΡΗ,
1991 2898 2179 2930 passibilitatis
2193 2901 2220 2923 et
2233 2897 2453 2930 impassibilitatis
2466 2898 2500 2927 L;
2519 2897 2625 2922 foi-siun
2638 2897 2676 2922 41ae

1611 2939 1731 2966 corrupte
1750 2934 1874 2966 scriptum
1894 2938 1934 2958 est
1951 2941 1999 2966 pro
2019 2933 2048 2958 -l’
2068 2931 2141 2967 (lis).
2162 2933 2200 2958 Re
2214 2940 2275 2958 vera
2294 2933 2369 2958 lectio
2379 2931 2515 2966 passibilis
2533 2935 2560 2957 et
2577 2931 2676 2965 impas-

1610 2968 1693 2994 sibilis
1712 2969 1849 2993 concordat
1867 2976 1927 2993 curn
1946 2973 2015 2993 textu
2033 2975 2134 3001 graeco,
2148 2973 2173 2993 et
2190 2968 2295 2993 videtur·
2308 2967 2384 2993 etiam
2403 2966 2495 2992 melius
2514 2967 2675 3000 respondere

1611 3005 1739 3029 contextui
1759 3003 1924 3036 expositionis
1944 3011 1966 3028 s.
1981 3003 2107 3028 Thomae.
2119 3017 2140 3022 —
2153 3010 2215 3028 nam
2235 3003 2356 3028 molle...
2374 3009 2389 3028 e
2405 3006 2500 3028 contra
2517 3009 2571 3027 om.
2586 3002 2675 3033 codd„

1611 3040 1669 3064 edd.
1684 3046 1700 3063 a
1711 3039 1725 3063 b
1740 3044 1765 3064 et
1779 3039 1871 3064 Venet.
1887 3038 1966 3070 1545:
1981 3039 2052 3072 quod
2066 3046 2118 3063 non
2131 3044 2217 3071 potest
2231 3038 2349 3071 explicari
2367 3045 2413 3072 per
2431 3045 2566 3063 recursum
2580 3045 2674 3062 eorun-

1611 3075 1670 3099 dem
1689 3074 1843 3104 verborum;
1862 3082 1918 3099 nec.
1929 3074 2023 3102 additio
2042 3074 2186 3099 necessaria
2205 3079 2252 3105 est,
2265 3074 2326 3107 quia
2340 3073 2445 3098 intentio
2459 3073 2520 3098 satis
2540 3077 2610 3106 patet
2628 3078 2675 3106 per

1612 3117 1724 3142 sequens
1745 3112 1774 3134 ut
1792 3109 1891 3134 dictum
1911 3113 1957 3138 est,
1977 3109 2048 3142 quod
2067 3109 2171 3134 remittit
2189 3109 2222 3134 ad
2241 3117 2313 3134 num.
2331 3115 2417 3142 praec.

1135 3385 2036 3470 —ffl—QQW—

2700 681 2716 728 ἑ
2725 680 2791 728 bhaec
2810 687 2869 710 Pup!
2891 685 2915 704 et

2698 1101 2710 1112 ⁴¹
2716 1101 2838 1122 contrario
2843 1100 2913 1124 codd.
2928 1111 2930 1113 >

2700 1133 2749 1149 exc.
2763 1133 2830 1150 mu.

2700 1577 2892 1606 *Lean-qq.
2932 1590 2935 1609 ,¹

2699 1682 2820 1705 *similiter
2826 1689 2895 1706 roua.
2901 1694 2914 1701 -

2701 1711 2737 1731 est
2749 1715 2796 1732 om.
2811 1715 2848 1732 n..

2798 1745 2815 1763 κ

2701 1897 2833 1926 ·‹:f.n.3.

2701 2109 2712 2120 ⁸
2732 2099 2900 2132 mennam-110

2702 2121 2938 2159 caumate}

2701 2373 2714 2385 ⁸
2727 2373 2799 2396 Num.
2812 2379 2889 2402 praec.
2920 2370 2923 2371 ⁷
