2950 4004
596 394 1346 478 PHYSICORUM

1416 395 2140 480 ARISTOTELIS

1168 601 1440 666 LIBER
1486 602 1578 665 IV

1071 1035 1370 1091 LECTIO
1415 1037 1676 1091 PRIMA

602 1214 660 1244 AD
685 1213 994 1244 PHILOSOPHUM
1016 1213 1288 1244 NATURALEM
1310 1213 1526 1243 PERTINET
1550 1214 1862 1244 DETERMINARE
1887 1214 1943 1244 DE
1967 1214 2096 1245 LOCO.
2122 1231 2139 1236 -

896 1273 1114 1306 RATIONES
1137 1274 1195 1305 AD
1220 1274 1547 1305 OSTENDENDUM
1570 1275 1725 1306 LOCUM
1748 1275 1848 1306 ESSE
1895 1314 1900 1319 ‘

281 1423 420 1467 Ὁμοίως
443 1416 472 1452 δ’
504 1420 635 1467 ἀνάγκη
659 1423 717 1452 καὶ
742 1422 815 1465 περὶ
840 1419 948 1453 τόπου
973 1420 1033 1453 τόν
1058 1419 1206 1464 φυσικόν,
1233 1420 1342 1465 ὥσπερ

350 1467 408 1497 καὶ
433 1467 506 1509 περὶ
533 1465 684 1519 ἀπείρου,
705 1465 887 1510 γνωρίζειν,
906 1466 934 1496 εἰ
960 1465 1049 1497 ἔστιν
1076 1464 1096 1501 ἦ
1121 1464 1181 1508 μή,
1199 1466 1342 1502 καὶπῶς

351 1510 446 1549 ἐστί,
471 1511 528 1541 καὶ
555 1512 587 1542 τί
613 1521 699 1541 εστι.

283 1554 398 1591 Τοίητε
422 1554 487 1600 γὰρ
512 1553 598 1585 ὄντα
623 1552 750 1589 πάντες
777 1551 1073 1596 ὖπολαμβοίνουσιν
1096 1550 1181 1584 εἶναί
1204 1553 1342 1595 που(τό

349 1597 414 1643 γοὶρ
439 1598 486 1642 μή
513 1596 547 1629 ὂν
575 1592 725 1639 οὐδαμοῦ
750 1593 848 1627 εἶναι·
868 1597 933 1627 ποῦ
954 1596 1019 1642 γάρ
1037 1596 1111 1628 ἐστι
1130 1596 1341 1642 τραγέλαφος

350 1642 371 1678 ἢ·
396 1640 533 1687 evae>

282 1688 340 1718 καὶ
365 1685 428 1722 τῆς
451 1684 610 1720 κινήσεως
629 1684 650 1720 ἠ
665 1684 762 1719 κοινή
786 1683 940 1727 μάλιστα
957 1686 1014 1715 καὶ
1031 1683 1225 1727 κυριωτάτη
1248 1686 1344 1716 κατοὶ

350 1729 457 1762 τόπον
484 1729 589 1768 ἐστίν,
616 1728 656 1764 ἧν
680 1728 849 1771 καλοῦμεν
875 1727 990 1771 φοροίν.

276 1817 371 1863 Ἔχει
395 1812 433 1848 δὲ
457 1816 586 1854 πολλαὶς
613 1816 756 1859 ἀπορίας
781 1817 814 1846 τί
838 1815 915 1846 ποτ’
938 1814 1030 1846 ἔστιν
1050 1816 1065 1846 ό
1084 1813 1202 1852 τόπος·
1222 1816 1259 1848 οὐ
1277 1815 1341 1861 γὰρ

350 1860 480 1893 ταύτόν
506 1862 665 1903 φαίνεται
694 1858 870 1903 θεωροῦσιν
895 1859 930 1899 ἑξ
957 1857 1119 1890 οἱποίντων
1145 1861 1211 1892 τῶν
1238 1862 1344 1904 ῦπαρ-

348 1904 492 1950 χόντων.
519 1905 601 1936 ’Ἔτι
624 1899 652 1935 δ’
682 1899 752 1935 οὐδ’
779 1903 900 1948 ἔχομεν
935 1898 1030 1934 οὐδὲν
1060 1903 1155 1945 παραὶ
1187 1906 1252 1936 τῶν
1286 1905 1342 1936 ἄλ-

346 1951 412 1980 λων
439 1949 518 1981 οὔτε
543 1947 818 1993 προηπορημένον
846 1946 926 1978 οὔτε
952 1947 1242 1991 προευπορημένον
1270 1950 1343 1992 περὶ

349 1994 470 2026 αὐτοῦ.

274 2036 351 2071 Ὀτι
376 2037 435 2082 μὲν
462 2035 518 2070 οὖν
545 2037 635 2069 ἔστιν
662 2037 678 2068 ό
705 2034 824 2076 τόπος,
850 2030 944 2066 δοκεῖ·
969 2029 1073 2071 δῆλον
1107 2032 1192 2067 εἶναι
1218 2036 1253 2068 ἐκ
1280 2037 1341 2073 τῆς

350 2081 426 2114 ἀντι
455 2081 687 2118 εταστοίσεως·
708 2079 791 2112 ὅπου
809 2079 873 2125 γοίρ
891 2079 966 2110 ἐστι
983 2079 1039 2109 νῦν
1058 2075 1155 2124 ὕδωρ,
1176 2080 1340 2122 ἐνταῦθα,

349 2125 423 2166 ἐξελ
447 2125 542 2163 όντος
571 2125 681 2168 ὥσπερ
712 2124 747 2164 ἐξ
775 2123 932 2169 ἀγγείου,
966 2122 1068 2155 ποίλιν
1103 2124 1166 2167 ἀήρ
1199 2124 1341 2156 ἔνεστιν·

351 2169 407 2202 ὅτε
432 2166 470 2202 δὲ
495 2170 554 2203 τὸν
581 2169 687 2200 αὐτὸν
713 2167 820 2200 τόπον
847 2168 970 2200 τοῦτον
991 2167 1074 2199 ἄλλο
1093 2179 1125 2200 τι
1143 2169 1210 2200 τῶν
1228 2169 1340 2213 σωμοί-

349 2225 415 2245 των
440 2213 595 2259 κατὲχει,
623 2213 722 2249 οὗτος
748 2207 790 2247 δή
817 2212 883 2243 τῶν
909 2210 1130 2257 ἑγγινομένων
1155 2214 1212 2245 καὶ
1236 2224 1343 2256 μεταό

349 2257 547 2297 βαλλόντων
573 2257 683 2302 ἕτερον
711 2255 848 2288 πάντων
871 2252 957 2287 εἶναι
980 2250 1083 2287 δοκεῖ·
1102 2257 1135 2287 ἐν
1153 2256 1177 2297 ᾦ
1194 2257 1240 2302 γοὶ
1278 2257 1342 2300 ἀήρ

350 2302 423 2334 ἐστι
448 2304 522 2341 νῦν,
549 2298 633 2345 ὕδωρ
660 2302 692 2333 ἐν
719 2299 830 2340 τούτῳ
857 2299 1019 2342 πρότερον
1046 2297 1100 2336 ἦν·
1125 2300 1213 2334 ὥστε
1237 2270 1342 2337 ἕῆλον

347 2347 389 2383 ὠς
415 2345 454 2384 η”ν
482 2348 498 2378 ό
524 2345 631 2383 τόπος
657 2357 690 2377 τι
714 2346 772 2376 καὶ
789 2344 809 2379 τ’,
827 2344 920 2389 χώρα
946 2342 1059 2387 ἕτερον
1087 2344 1221 2388 ἀμφοῖν,
1241 2346 1284 2383 εἰς
1303 2347 1342 2382 ἦν

347 2392 404 2422 καὶ
430 2390 464 2431 ἐξ
491 2390 528 2427 ἧς
553 2389 757 2434 μετέβαλον.

275 2432 351 2465 'Em
375 2429 413 2466 δὲ
436 2437 494 2467 καὶ
521 2437 556 2465 αἱ
580 2435 677 2479 φοραὶ
703 2434 768 2466 τῶν
791 2433 931 2476 φυσικῶν
949 2431 1116 2475 σωμάτων
1134 2435 1191 2464 καὶ
1211 2435 1340 2474 οἱπλῶν,

349 2478 416 2510 οἷον
442 2478 542 2523 πυρός
566 2480 624 2510 καὶ
649 2478 710 2524 γῆς
735 2478 793 2508 καὶ
818 2477 884 2508 τῶν
910 2476 1090 2517 τοιούτων,
1110 2477 1147 2508 οὗ
1167 2476 1266 2520 μόνον
1285 2473 1343 2515 δη-

347 2523 460 2555 λοῦσιν
489 2522 541 2555 ὅτι
567 2522 640 2554 ἔστι
665 2534 699 2554 τι
725 2522 741 2552 ὁ
768 2520 874 2558 τόπος
902 2519 975 2553 ἀλλ’
993 2520 1060 2552 ’ὅτι
1084 2523 1142 2552 καὶ
1167 2522 1236 2566 ἔχει
1265 2522 1343 2554 τινα

347 2561 503 2612 δύναμιν·
523 2567 660 2611 φέρεται
684 2566 748 2611 γάρ
775 2564 920 2598 ἕκαστον
945 2565 989 2602 εἰς
1016 2565 1075 2597 τόν
1102 2567 1211 2598 αὑτοῦ
1235 2566 1342 2598 τόπον

374 2611 394 2648 η
424 2612 652 2655 κωλυόμενον,
680 2610 720 2642 τὸ
747 2610 804 2652 μὲν
834 2609 920 2650 ἄνω,
947 2609 989 2641 τό
1014 2605 1182 2642 Semina.
1220 2611 1341 2643 Ταῦτα

347 2622 376 2688 ς’
406 2656 479 2688 ἐστὶ
508 2655 617 2689 τόπόυ
647 2653 727 2699 μέρη
760 2656 819 2686 καὶ
850 2649 942 2693 εἴδη,
977 2653 1018 2685 τό
1043 2665 1082 2685 τε
1114 2654 1180 2686 ἄνω
1210 2657 1267 2686 καὶ
1301 2656 1341 2687 τό

347 2699 462 2740 κοίτω,
488 2702 545 2732 καὶ
571 2702 606 2731 αἱ
629 2699 750 2730 λοιπαὶ
775 2699 840 2731 τῶν
867 2697 900 2739 ἓξ
925 2694 1150 2730 διαστάσεων.
1182 2695 1342 2731 ‘'Ecum-:¹

348 2743 396 2776 τοὶ
419 2745 570 2776 τοιαῦτα
595 2744 632 2775 οὗ
657 2742 758 2786 μόνον
784 2742 863 2784 πρὸς
889 2742 991 2785 ἡμᾶς,
1013 2742 1053 2774 τό
1072 2742 1138 2775 α”νω
1155 2744 1213 2774 καὶ
1229 2742 1339 2775 κοίτω·

346 2789 405 2819 καὶ
429 2783 537 2829 δεξιόν
562 2790 618 2819 καὶ
647 2786 832 2830 ἀριστερόν·
860 2786 936 2829 ἡμῖν
962 2786 1021 2828 μὲν
1045 2787 1110 2832 γοὶρ
1138 2787 1196 2817 οὐκ
1223 2785 1274 2818 ἀεὶ
1301 2787 1341 2819 τό

350 2831 456 2874 αὐτό,
485 2831 575 2864 ἄλλα
602 2830 698 2863 κατοὶ
721 2830 784 2866 την
809 2828 918 2869 θέσιν,
947 2828 1034 2867 ὅπως
1062 2829 1100 2862 ὀὲν
1126 2832 1339 2875 στραφῶμεν,

348 2878 493 2922 γίνεται.
521 2875 577 2907 Διό
600 2877 659 2907 καὶ
683 2872 798 2907 ταύτό
823 2873 986 2910 πολλάκις
1009 2870 1116 2914 δεξιόν
1133 2877 1191 2906 καὶ
1211 2875 1341 2918 ἀριστε-

348 2920 403 2964 ρόν
429 2921 515 2961 ἐστι,
542 2922 599 2952 καὶ
626 2920 692 2951 ἄνω
717 2921 774 2950 καὶ
798 2918 914 2959 noim,
939 2920 997 2949 καὶ
1023 2918 1165 2962 πρόσθεν
1190 2921 1246 2951 καὶ
1269 2919 1342 2951 ὄπι-

348 2963 436 2997 σθεν.
458 2967 514 2996 Ἐν
540 2961 578 2996 δὲ
604 2964 648 3006 τῇ
674 2962 767 3007 φύσει
791 2957 968 3007 διώρισται
992 2964 1090 3007 χωρὶς
1111 2962 1268 2996 ἕκαστον.
1295 2964 1340 2995 Οὐ

347 3009 412 3055 γάρ
440 3007 474 3050 ὅ,
503 3020 534 3042 τι
561 3006 681 3052 ἔτυχέν
708 3008 780 3040 ἐστι
806 3007 846 3040 τὸ
872 3007 959 3047 α’νω,
993 3007 1064 3039 ἀλλ’
1095 3006 1178 3040 ὅπου
1203 3007 1341 3051 φέρεται

348 3052 390 3085 τό
415 3053 478 3097 πῦρ
503 3054 562 3084 καὶ
587 3053 628 3084 τό
652 3053 788 3096 κοῦφον·
815 3052 934 3095 ὁμοίως
959 3046 1068 3083 δὲκαὶ
1087 3052 1127 3083 τό
1148 3050 1256 3093 κοίτω,
1277 3053 1342 3097 οὐχ

350 3095 385 3138 ὅ,
411 3108 446 3128 τι
471 3097 610 3143 ἔτυχεν,
643 3097 715 3128 ἀλλ’
745 3095 829 3128 ὅπου
855 3095 902 3128 τοὶ
926 3095 1053 3139 ἔχοντα
1083 3095 1183 3139 βοίρος
1212 3099 1268 3128 καὶ
1295 3098 1342 3129 τοὶ

348 3140 468 3185 γεηροί,
487 3142 529 3178 ὥς
556 3142 593 3173 οὐ
618 3141 664 3182 τῇ
689 3139 776 3172 θέσει
801 3137 1006 3184 διαφέροντα
1030 3139 1144 3184 μόνον,
1171 3141 1261 3173 ἀλλα
1284 3143 1340 3172 καὶ

349 3185 394 3226 τῇ
419 3180 572 3229 δυνάμει.
599 3185 701 3221 Δηλοῖ
722 3179 760 3216 δὲ
780 3186 838 3216 καὶ
856 3184 903 3217 τοὶ
920 3183 1157 3227 μαθηματικοί·
1178 3185 1237 3216 οὐκ
1256 3184 1340 3218 ὄντα

348 3228 412 3273 γοὶρ
438 3229 470 3260 ἑν
496 3228 603 3269 τόπῳ,
629 3227 714 3272 ὅμως
738 3229 833 3260 zaro:
858 3227 920 3262 τήν
947 3227 1035 3268 θέσιν
1056 3228 1119 3264 τήν
1145 3229 1223 3273 πρὸς
1251 3230 1338 3272 ’ἡμᾶς

349 3275 419 3316 ἔχει
443 3267 540 3312 δεξιοὶ
562 3274 621 3304 καὶ
648 3272 819 3316 ἀριστερά,
839 3271 926 3304 ὥστε
944 3271 1043 3315 μόνον
1063 3273 1174 3304 αὐτῶν
1193 3273 1339 3305 νοεῖσθαι

349 3318 412 3354 τήν
437 3315 540 3357 θέσιν,
567 3314 656 3348 &noe
681 3316 726 3360 μῆ
754 3316 840 3360 ἔχειν
865 3315 959 3359 φύσιν
985 3316 1116 3348 τούτων
1143 3315 1300 3349 ἕκαστον.

275 3399 351 3430 Ἔτι
371 3400 399 3429 οἱ
425 3397 466 3429 τό
491 3397 584 3428 κενόν
601 3395 787 3450 φάσκοντες
805 3393 904 3436 εἶναι,
923 3395 1030 3428 τόπον
1047 3396 1195 3441 λέγουσι·
1216 3397 1258 3429 τό
1275 3397 1338 3442 γάρ

347 3441 439 3473 κενόν
466 3440 571 3478 τόπος
599 3442 637 3472 ἀν
661 3442 710 3476 εἴη
738 3439 956 3483 ἐστερημένος
980 3439 1151 3483 σώματος.
1178 3439 1254 3472 ’Ότι
1279 3442 1338 3483 μὲν

350 3484 405 3518 οὖν
424 3485 497 3517 ἔστι
515 3497 549 3517 τι
568 3485 583 3516 ό
600 3483 706 3520 τόπος
725 3483 820 3525 παρὰ
839 3484 887 3515 τοὶ
903 3483 1062 3527 σώματα,
1080 3485 1138 3515 καὶ
1156 3485 1223 3516 πᾶν
1241 3485 1338 3527 σῶμα

349 3529 509 3566 αἰσθητόν
536 3527 568 3560 ἐν
595 3527 711 3569 τόπῳ,
735 3524 793 3560 διαὶ
812 3527 944 3560 τούτων
972 3528 1010 3559 ἂν
1036 3539 1085 3564 τις
1111 3527 1291 3568 ὑπολάβοι.

281 3573 392 3615 Δόξειε
417 3569 446 3605 δ’
469 3572 507 3605 ἂν
532 3574 590 3604 καὶ
611 3569 764 3610 Ἠσίοδος
783 3569 882 3616 ὀρθῶς
898 3571 1022 3618 λέγειν,
1042 3570 1187 3609 ποιήσας
1205 3572 1336 3616 πρῶτον

348 3618 388 3651 τό
413 3616 510 3662 χοίος·
535 3616 627 3662 λέγει
651 3617 731 3662 γοῦν

423 3681 491 3714 Opp.
511 3681 541 3705 D.
556 3681 670 3705 Tnoms
690 3680 720 3704 T.
740 3681 768 3704 ΙΙ.

1398 1425 1415 1444 *
1438 1425 1587 1456 Similiter
1609 1432 1717 1456 autem
1739 1436 1865 1457 necesse
1889 1433 1935 1457 est
1957 1427 2132 1458 naturalem
2156 1433 2186 1457 et
2209 1427 2246 1457 de
2268 1427 2352 1465 loco,
2380 1427 2459 1458 sicut

1466 1476 1495 1500 et
1514 1469 1553 1499 de
1575 1469 1711 1508 infinito,
1732 1470 1928 1501 considerare
1951 1471 1976 1501 si
2001 1478 2046 1502 est
2061 1477 2115 1501 aut
2138 1480 2215 1509 non,
2239 1477 2270 1501 et
2292 1472 2457 1511 quomodo

1465 1520 1522 1551 est,
1546 1520 1577 1544 et
1595 1514 1673 1554 quid
1696 1521 1751 1545 est.

1398 1557 1438 1587 Et
1461 1567 1498 1587 ea
1520 1567 1658 1598 namque
1682 1568 1763 1598 quae
1787 1564 1871 1597 sunt,
1899 1568 2010 1588 omnes
2035 1559 2205 1599 opinantur
2235 1558 2347 1589 alicubi
2380 1568 2455 1589 esse.

1465 1601 1562 1638 Quod
1586 1602 1672 1631 enim
1695 1612 1760 1632 non
1785 1608 1841 1640 est,
1866 1611 2026 1642 nusquam
2050 1609 2109 1633 est:
2139 1602 2193 1632 ubi
2217 1602 2302 1632 enirn
2330 1609 2376 1633 est
2398 1609 2456 1633 tra-

1464 1645 1615 1684 gelaphus
1639 1652 1694 1675 aut
1716 1643 1848 1685 sphinx?

1398 1689 1438 1718 Et
1461 1689 1499 1718 de
1527 1696 1638 1727 motu,
1669 1689 1724 1729 qui
1757 1689 1936 1720 communis
1969 1690 2103 1720 maxime
2131 1696 2177 1720 est
2200 1696 2230 1720 et
2252 1689 2351 1729 magis
2382 1699 2455 1729 pro-

1463 1732 1550 1771 prius
1573 1733 1749 1763 secundum
1772 1734 1880 1764 locum
1903 1739 1948 1763 est
1978 1743 2074 1774 quem
2096 1743 2247 1764 vocamus
2269 1733 2331 1764 loci
2354 1740 2456 1764 muta-

1463 1782 1595 1806 tionem.

1397 1818 1414 1837 *
1429 1819 1532 1850 Habet
1547 1826 1654 1850 autem
1667 1820 1781 1850 multas
1798 1820 2018 1859 dubitationes,
2031 1821 2109 1861 quid
2119 1820 2198 1851 forte
2214 1820 2252 1851 sit
2267 1821 2366 1852 locus.
2381 1822 2456 1852 Non

1465 1863 1550 1894 enim
1580 1863 1665 1894 idem
1692 1864 1816 1894 videtur
1843 1864 2110 1894 considerantibus
2138 1875 2174 1894 ex
2197 1864 2345 1895 omnibus
2376 1875 2456 1906 quae

1465 1907 1582 1938 insunt.
1593 1908 1741 1947 Amplius
1756 1915 1863 1938 autem
1879 1918 1981 1948 neque
1991 1908 2144 1938 habemus
2155 1908 2330 1949 quidquam
2340 1909 2377 1938 ab
2390 1909 2456 1939 aliis

1465 1961 1567 1992 neque
1591 1952 1846 1992 praedubitatum
1868 1962 1971 1993 neque
1994 1952 2073 1982 bene
2097 1952 2288 1992 exquisitum
2307 1953 2344 1982 de
2360 1953 2430 1983 hoc.

1398 2038 1415 2057 *
1431 2039 1529 2076 Quod
1552 2039 1682 2079 quidem
1704 2040 1799 2079 igitur
1821 2039 1911 2070 locus
1936 2037 2124 2078 sit‚'videtur
2148 2049 2183 2069 ex
2197 2040 2456 2070 transmutatione

1465 2082 1669 2114 manifestum
1698 2093 1772 2114 esse.
1805 2083 1867 2114 Ubi
1895 2093 2033 2123 namque
2064 2093 2149 2113 nunc
2177 2089 2222 2114 est
2252 2093 2352 2124 aqua,
2385 2084 2457 2114 hinc

1466 2134 1596 2157 exeunte
1620 2127 1701 2158 sicut
1724 2137 1760 2157 ex
1783 2137 1866 2165 vase,
1890 2127 2003 2157 iterum
2023 2137 2075 2157 aer
2093 2127 2190 2158 inest:
2208 2127 2377 2168 aliquando
2402 2138 2457 2158 au-

1465 2177 1530 2201 tem
1554 2171 1691 2201 eundem
1713 2172 1822 2202 locum
1845 2171 1930 2201 hunc
1954 2171 2040 2201 aliud
2063 2171 2192 2212 aliquod
2211 2181 2382 2211 corporum
2406 2172 2456 2201 de·

1464 2215 1550 2245 tinet.
1575 2215 1647 2245 Hoc
1672 2221 1778 2245 autem
1801 2216 1838 2245 ab
1858 2215 1895 2244 iis
1919 2225 1999 2255 quae
2023 2215 2130 2245 insunt
2153 2221 2183 2245 et
2207 2222 2456 2254 commutantur,

1465 2258 1598 2288 alterum
1628 2259 1777 2289 omnibus
1809 2269 1875 2289 esse
1898 2259 2036 2289 videtur:
2066 2259 2098 2288 in
2127 2269 2192 2299 quo
2225 2259 2309 2289 enim
2337 2269 2388 2289 aer
2412 2266 2457 2290 est

1465 2312 1569 2340 nunc,
1598 2312 1680 2342 aqna
1702 2302 1735 2332 in
1758 2303 1820 2332 hoc
1842 2302 1929 2342 prius
1953 2309 2026 2333 erat.
2056 2303 2162 2339 Quare
2185 2303 2387 2334 manifestum
2411 2309 2457 2333 est

1464 2346 1553 2386 quod
1577 2352 1641 2376 erat
1670 2346 1759 2377 locus
1783 2346 1921 2387 aliquid,
1947 2353 1976 2376 et
1999 2346 2231 2386 receptaculum
2263 2347 2395 2377 alterum
2418 2347 2455 2376 ab

1435 2403 1440 2407 ¹
1464 2390 1619 2430 utrisque,
1643 2390 1676 2420 in
1695 2390 1783 2430 quod
1807 2396 1837 2420 et
1860 2400 1896 2420 ex
1920 2400 1985 2430 quo
2009 2397 2168 2421 mutatum
2192 2397 2246 2421 est.

1397 2433 1414 2451 ²²²
1429 2433 1576 2473 Amplius
1594 2440 1700 2464 autem
1723 2433 1783 2464 loci
1800 2434 1990 2464 mutationes
2009 2434 2215 2474 physicorum
2234 2444 2405 2474 corporum
2426 2441 2456 2465 et

1465 2477 1673 2517 simplicium,
1705 2484 1741 2508 ut
1763 2477 1843 2517 ignis
1872 2485 1902 2508 et
1934 2484 2031 2508 terrae
2050 2485 2080 2508 et
2103 2478 2231 2516 talium,
2258 2488 2324 2508 non
2350 2479 2456 2508 solum

1465 2522 1634 2552 ostendunt
1657 2522 1745 2562 quod
1776 2521 1894 2561 aliquid
1918 2528 1964 2552 est
1985 2522 2094 2560 locus,
2119 2522 2173 2552 sed
2201 2522 2288 2562 quod
2312 2529 2342 2553 et
2363 2521 2456 2552 habet

1465 2566 1624 2606 quandam
1658 2565 1841 2605 potentiam.
1875 2565 1986 2596 Fertur
2020 2565 2105 2595 enim
2137 2566 2390 2606 unumquodque
2422 2566 2453 2596 in

1465 2619 1560 2640 suum
1589 2610 1698 2639 locum
1729 2619 1794 2639 non
1823 2609 2035 2649 prohibitum,
2066 2609 2127 2639 hoc
2155 2609 2284 2649 quidem
2308 2619 2453 2647 sursum,

1464 2653 1542 2683 illud
1566 2660 1671 2684 autern
1695 2653 1853 2684 deorsum.
1887 2653 1954 2683 Hae
1979 2659 2084 2684 autern
2116 2659 2189 2683 sunt
2211 2653 2273 2683 loci
2296 2660 2398 2693 partes
2425 2659 2455 2684 et

1465 2697 1593 2737 species,
1618 2707 1743 2727 sursum
1766 2704 1796 2727 et
1819 2698 1979 2734 deorsum,
2004 2703 2033 2727 et
2056 2697 2193 2737 reliquae
2216 2706 2268 2727 sex
2293 2697 2451 2727 distantia-

1463 2751 1545 2772 rum.
1562 2741 1578 2759 *
1594 2741 1674 2772 Sunt
1690 2747 1796 2771 autem
1819 2741 2002 2771 huiusmodi
2018 2751 2084 2770 non
2112 2741 2218 2771 solum
2236 2741 2274 2770 ad
2294 2751 2363 2779 nos,
2382 2741 2454 2771 dex-

1463 2791 1612 2824 trorsum,
1633 2784 1858 2823 sinistrorsum,
1878 2795 2003 2814 sursum
2023 2791 2052 2815 et
2075 2785 2233 2815 deorsum.
2252 2785 2351 2815 Nobis
2368 2785 2453 2815 enim

1459 2839 1525 2859 non
1541 2839 1665 2869 semper
1687 2829 1782 2867 idem,
1800 2829 1854 2859 sed
1870 2829 2045 2859 secundum
2061 2828 2260 2870 positionem.
2273 2829 2452 2869 quomodo-

1463 2882 1600 2913 cumque
1632 2879 1790 2903 vertamur
1819 2872 1872 2903 fit:
1906 2879 2033 2912 propter
2060 2872 2148 2913 quod
2178 2873 2262 2902 idem
2293 2873 2453 2903 multoties

1464 2917 1607 2947 dextrum
1639 2923 1668 2946 et
1691 2917 1851 2947 sinistrum
1879 2923 1946 2954 est,
1976 2923 2005 2947 et
2029 2926 2153 2946 sursum
2178 2923 2208 2947 et
2237 2916 2395 2954 deorsum,
2424 2923 2453 2946 et

1463 2967 1534 2990 ante
1557 2967 1589 2991 et
1610 2967 1702 2991 retro.
1729 2961 1764 2990 In
1787 2967 1897 2991 natura
1918 2967 2024 2991 autern
2047 2960 2288 2991 determinatum
2309 2967 2354 2990 est
2370 2970 2452 2990 seor-

1463 3014 1535 3035 sum
1559 3005 1823 3045 unumquodque.
1848 3005 1921 3034 Non
1945 3004 2030 3034 enim
2047 3005 2272 3044 quodcumque
2289 3004 2451 3043 contingit,

1463 3059 1589 3079 sursum
1604 3056 1659 3086 est,
1676 3049 1730 3078 sed
1747 3059 1813 3088 quo
1829 3048 1925 3078 fertur
1940 3048 2019 3088 ignis
2036 3055 2066 3079 et
2081 3048 2164 3086 leve;
2188 3047 2327 3078 similiter
2346 3054 2451 3077 autem

1463 3099 1492 3123 et
1516 3092 1674 3130 deorsum,
1699 3102 1764 3122 non
1788 3091 2014 3136 quodcumque
2039 3091 2206 3131 contingit,
2231 3091 2284 3121 sed
2311 3101 2375 3131 quo
2397 3091 2451 3120 ha-

1461 3136 1566 3167 bentia
1586 3136 1768 3175 gravitatem
1790 3143 1820 3166 et
1842 3142 1954 3166 terrea:
1976 3143 2127 3176 tanquam
2145 3145 2210 3165 non
2228 3134 2385 3174 positione
2400 3144 2448 3163 so-

1461 3181 1530 3211 lum
1554 3179 1734 3218 differentia,
1759 3180 1813 3210 sed
1836 3180 1984 3219 potentia.
2006 3179 2184 3210 Ostendunt
2207 3185 2312 3208 autem
2336 3185 2366 3207 et
2383 3187 2448 3207 ma-

1462 3224 1637 3254 thematica.
1651 3223 1736 3254 Cum
1753 3223 1837 3253 enim
1853 3233 1918 3253 non
1933 3223 1994 3253 sint
2009 3223 2041 3252 in
2056 3223 2139 3259 loco,
2157 3228 2261 3251 tamen
2275 3221 2447 3250 secundum

1461 3267 1654 3307 positionem
1670 3268 1708 3297 ad
1732 3277 1790 3297 nos
1813 3267 1928 3297 habent
1947 3267 2051 3296 dextra
2075 3273 2104 3296 et
2127 3265 2261 3294 sinistra:
2286 3273 2381 3303 quare
2398 3274 2447 3293 so-

1460 3312 1528 3342 lum
1553 3318 1598 3342 est
1620 3311 1789 3350 intelligere
1819 3310 1962 3349 ipsorum
1985 3309 2191 3349 positionem,
2215 3317 2280 3337 non
2303 3307 2448 3337 habentia

1461 3362 1571 3386 natura
1589 3355 1706 3385 horum
1730 3354 1993 3394 unumquodque.

1393 3399 1410 3417 *
1425 3399 1583 3438 Amplius,
1598 3408 1735 3428 vacuum
1751 3397 1937 3427 affirmantes
1952 3396 2061 3426 locum
2078 3395 2186 3425 dicunt
2209 3405 2283 3425 esse.
2301 3395 2447 3425 Vacuum

1461 3442 1546 3473 enim
1569 3442 1624 3472 erit
1640 3441 1749 3481 utique
1772 3438 1861 3470 locus
1879 3439 2017 3479 privatus
2041 3448 2181 3478 corpore.
2199 3438 2295 3475 Quod
2319 3438 2448 3479 quidem

1459 3486 1552 3526 igitur
1563 3486 1604 3516 sit
1619 3485 1735 3525 aliquid
1754 3484 1842 3513 locus
1858 3490 1978 3523 praeter
2001 3492 2143 3522 corpora,
2161 3489 2190 3512 et
2213 3491 2308 3512 omne
2332 3492 2446 3523 corpus

1459 3529 1602 3560 sensibile
1625 3529 1658 3558 in
1680 3528 1752 3558 loco
1777 3536 1852 3564 esse,
1877 3537 1932 3567 per
1954 3526 2015 3557 hoc
2039 3526 2150 3567 aliquis
2175 3526 2338 3565 concipiet.

1392 3572 1556 3603 Videbitur
1583 3578 1688 3602 autem
1711 3570 1820 3610 utique
1844 3577 1874 3600 et
1896 3570 2055 3600 Hesiodus
2078 3577 2158 3601 recte
2181 3569 2301 3608 dicere,
2332 3569 2446 3600 faciens

1459 3617 1598 3656 primum
1622 3615 1726 3645 chaos.
1751 3614 1833 3644 Dicit
1855 3614 1966 3654 igitur:
1991 3614 2137 3645 omnium
2159 3613 2288 3654 quidem
2307 3613 2444 3654 primum

2239 3684 2267 3708 ¹9

2484 1434 2494 1443 ⁸
2507 1433 2563 1460 Cap.
2574 1440 2589 1455 ι.
2606 1433 2672 1456 Text.
2684 1440 2692 1455 1

2484 1828 2492 1835 ·
2508 1826 2574 1847 Text.
2589 1832 2610 1847 2.

2485 2046 2493 2053 ·
2508 2044 2574 2065 Text.
2590 2050 2611 2071 3.

2482 2439 2493 2449 ¹⁸
2508 2438 2575 2459 Text.
2590 2445 2601 2465 4
2609 2454 2614 2459 .

2481 2749 2490 2759 ““
2505 2748 2570 2769 Text.
2586 2754 2606 2775 5.

2474 3403 2483 3413 *
2499 3403 2566 3424 Text.
2582 3403 2605 3424 6.
