2950 4004
498 305 568 342 172

492 385 592 422 aqua
618 372 657 409 in
685 383 726 409 se
760 370 928 408 continet
959 377 1185 420 utrumque3
1220 370 1290 408 sed
1323 378 1452 407 tamen
1484 371 1559 408 hoc

492 425 649 475 quidem
670 432 726 461 est
745 424 783 461 in
805 423 974 473 potentia
1000 423 1155 472 proprie
1182 423 1390 472 loquendo,
1420 423 1560 461 scilicet

492 490 602 528 aqua,
624 478 718 515 sicut
745 477 1031 526 imperfectum:
1061 476 1153 513 illud
1179 488 1287 524 vero,
1317 475 1455 513 scilicet
1482 488 1557 524 aer,

436 531 440 534 ’
491 532 531 568 in
559 538 645 568 actu
671 538 714 567 ut
739 530 962 579 perfectum.
996 529 1107 566 Unde
1135 529 1291 566 habebit
1317 541 1359 566 se
1387 541 1487 578 aqua
1510 529 1559 566 ad

492 596 622 621 aerem
660 582 950 632 quodammodo
989 581 1084 618 sicut
1120 593 1208 631 pars
1247 581 1297 620 ad
1332 589 1467 619 totum.
1511 583 1560 619 Et

491 637 579 674 ideo
607 636 686 684 his,
720 635 860 672 scilicet
892 634 969 672 aeri
1004 641 1040 671 et
1071 646 1214 684 aquae,
1253 647 1341 672 cum
1374 634 1448 671 sint
1480 634 1557 672 duo

493 689 685 736 distincta,
720 689 817 726 inest
849 696 989 725 tactus:
1023 687 1092 725 sed
1121 699 1210 724 curn
1242 699 1289 724 ex
1319 687 1489 736 utrisque
1515 687 1560 724 fit

491 754 629 788 unum,
659 754 738 779 uno
767 747 984 779 transeunte
1011 740 1050 778 in
1078 747 1253 778 naturam
1282 740 1444 787 alterius,
1469 747 1559 777 tunc

491 796 536 832 fit
563 795 768 844 copulatio,
802 794 899 832 idest
927 793 1168 831 continuatio.
1201 793 1306 830 Sicut
1337 793 1446 841 igitur
1471 804 1558 841 pars

492 847 709 885 naturaliter
728 847 884 897 quiescit
901 847 942 884 in
959 854 1053 895 toto,
1069 846 1119 884 ita
1135 854 1171 883 et
1184 845 1400 884 naturaliter
1420 857 1558 894 corpus

1122 291 1468 329 PHYSICORUM
1494 291 1843 330 ARISTOTELIS
1873 293 1966 329 LIB.
1997 292 2049 329 IV

1613 370 1771 420 quiescit
1797 371 1836 408 in
1857 382 1927 408 suo
1956 371 2042 408 loco
2070 370 2240 408 naturali.
2271 371 2601 411 Considerandum
2621 379 2678 410 ta-

1614 436 1704 461 men
1725 431 1780 461 est
1799 423 1903 473 quod
1931 423 2188 472 Philosophus
2206 423 2268 461 hic
2288 424 2455 474 loquitur
2473 425 2520 462 de
2540 438 2676 475 corpo-

1613 477 1715 514 ribus
1735 476 1947 514 secundum
1967 476 2110 514 formas
2129 476 2403 525 substantiales,
2423 489 2518 527 quas
2535 478 2678 516 habent

1614 541 1659 567 ex
1686 529 1882 567 influentia
1911 529 2080 578 corporis
2109 529 2289 577 caelestis,
2319 530 2425 579 quod
2452 537 2508 567 est
2529 531 2676 580 primus

1612 582 1734 631 locus,
1765 590 1802 619 et
1829 582 1923 620 dans
1949 582 2128 619 virtutem
2157 582 2361 620 locativam
2381 583 2569 620 ‘omnibus
2594 583 2676 621 aliis

1614 634 1853 684 corporibus:
1887 635 2099 673 secundum
2135 643 2264 672 autern
2302 635 2499 684 qualitates
2535 635 2676 674 activas

1614 695 1650 724 et
1686 687 1860 736 passivas
1897 695 1953 725 est
1989 688 2232 725 contrarietas
2275 687 2371 725 inter
2405 688 2604 737 elementa,
2640 696 2677 726 et

1612 752 1733 777 unum
1762 747 1819 777 est
1846 741 2106 790 corruptivum
2134 741 2295 778 alterius.
2651 762 2654 764 Δ

1627 800 1631 804 “
1665 793 1808 830 Ultimo
1837 801 1965 831 autern
1998 793 2224 843 epilogando
2253 793 2462 842 concludit,
2492 793 2598 843 quod
2622 793 2676 832 di-

1614 852 1717 883 ctum
1746 853 1802 883 est
1829 845 1876 883 de
1904 846 1989 883 loco
2019 847 2188 896 et·quod
2207 854 2263 884 est
2290 854 2327 884 et
2354 846 2446 896 quid
2475 854 2541 884 est.
