2950 4004
13 379 32 404 *⁸
44 391 127 414 tardus
140 389 191 411 rab.

12 1396 18 1421 j
27 1393 40 1407 ⁵
52 1391 137 1414 habene
154 1391 236 1414 rumh.

13 1911 42 1924 *⁸
55 1911 125 1933 Num.
139 1916 161 1932 2.

13 2213 42 2241 ἶ·
54 2228 115 2251 lbid.

17 2439 19 2443 ⁴
31 2442 134 2463 ‘monem
145 2446 244 2468 ommpz

21 2470 54 2498 set
68 2468 110 2489 ab.

1078 308 1186 344 CAP.
1220 307 1285 353 XI,
1315 307 1464 344 LECT.
1494 309 1598 344 XVII

261 384 352 421 dum
383 385 403 405 ‘⁵
431 391 609 420 movetur
643 384 852 421 secundum
886 397 1052 433 paucum
1089 385 1251 433 spatium
1279 384 1316 420 in

259 437 378 473 multo
416 444 610 485 tempore,
648 437 760 474 velox
798 444 925 473 autem
954 450 974 473 e
1004 449 1211 482 converso;
1250 437 1317 472 sed

261 489 385 526 solum
414 489 658 536 quantitatem
686 489 796 537 primi
817 497 943 526 motus
967 488 1134 536 sequitui·
1153 495 1315 536 tempus.

313 553 349 588 7.
379 541 527 578 Deinde
561 554 648 578 cum
682 541 788 577 dicit:
826 541 936 577 Prius
972 546 1095 576 autem
1133 545 1169 576 et
1196 546 1317 587 poste-

259 593 338 630 rius
366 600 457 640 etc.,
487 594 649 630 ostendit
677 593 806 639 etiam,
841 593 944 641 quod
973 591 1075 628 idem
1104 592 1199 628 ordo
1230 604 1317 628 con-

260 645 444 682 sideratur
475 646 513 682 in
540 645 656 694 priori
694 652 730 685 et
764 643 983 693 posteriori}
1022 651 1058 679 et
1096 644 1183 680 dicit
1215 644 1319 692 quod

260 698 363 746 prius
383 705 419 734 et
437 698 622 746 posterius
651 703 737 733 sunt
763 696 865 744 prius
894 696 932 731 in
959 696 1043 731 loco
1073 696 1153 732 sive
1177 695 1215 732 in
1238 708 1318 733 ma-

261 750 464 797 gnitudine.
490 751 538 786 Et
555 751 630 786 hoc
649 749 747 794 ideo,
777 747 864 796 quia
884 747 1104 794 magnitudo
1130 754 1184 784 est
1203 760 1319 796 quan-

260 802 344 839 titas
362 802 590 850 positionem
609 801 769 837 habens:
792 800 838 836 de
858 799 1001 836 ratione
1021 807 1147 836 autem
1166 801 1319 848 positio-

262 854 320 891 nis
340 862 395 890 est
412 854 515 902 prius
544 861 580 889 et
597 852 806 901 posterius:
834 852 936 888 unde
958 863 1002 887 ex
1021 852 1101 899 ipsa
1119 853 1318 900 positione,

261 906 368 942 locus
387 906 502 942 habet
519 905 623 953 prius
653 912 689 940 et
715 904 914 952 posterius.
944 905 993 940 Et
1014 904 1102 952 quia
1121 905 1159 941 in
1178 906 1319 953 magni—

261 957 391 994 tudine
421 965 476 994 est
502 957 605 1006 prius
627 964 662 993 et
679 956 877 1005 posterius,
907 967 1059 992 necesse
1081 964 1136 993 est
1159 958 1264 1005 quod
1283 958 1321 994 in

262 1017 370 1047 motu
398 1009 444 1046 sit
469 1010 574 1058 prius
612 1017 648 1045 et
682 1009 870 1056 posterius
902 1008 1232 1056 proportionaliter
1263 1010 1321 1046 his

263 1074 359 1110 quae
376 1068 464 1099 sunt
489 1062 549 1108 ibi,
580 1062 718 1099 scilicet
744 1061 783 1097 in
811 1060 1070 1108 magnitudine
1100 1068 1135 1096 et
1162 1061 1201 1098 in
1222 1062 1319 1098 loco.

263 1115 312 1151 Et
329 1126 662 1163 perconsequens
692 1113 806 1150 etiam
833 1113 873 1149 in
900 1120 1072 1160 tempore
1093 1120 1148 1149 est
1168 1113 1267 1161 prius
1288 1121 1324 1150 et

262 1167 466 1216 posterius;
497 1167 585 1215 quia
613 1173 740 1203 motus
769 1173 805 1202 et
831 1173 982 1213 tempus
1014 1165 1065 1201 ita
1093 1177 1133 1201 se
1161 1166 1318 1212 habent,

264 1220 368 1269 quod
386 1227 538 1268 semper
556 1219 716 1256 alterum
736 1230 870 1255 eorum
890 1217 1057 1265 sequitur
1082 1217 1131 1254 ad
1150 1218 1321 1255 alterum.

319 1273 353 1309 8.
382 1271 532 1309 Deinde
561 1284 650 1308 cum
679 1271 786 1309 dicit:
814 1271 884 1307 Est
908 1275 1032 1306 autem
1059 1270 1167 1317 prius
1195 1276 1231 1306 et
1253 1282 1323 1318 po-

264 1324 396 1361 sterius
424 1325 590 1372 ipsorum
619 1331 710 1370 etc.‚
741 1322 902 1360 ostendit
930 1322 1127 1370 quomodo
1155 1322 1258 1370 prius
1288 1331 1325 1359 et

263 1377 450 1426 posterius
478 1388 518 1413 se
545 1377 709 1413 habeant
728 1378 747 1396 ³*
772 1375 820 1412 ad
847 1382 1007 1411 motum.
1038 1375 1087 1410 Et
1106 1374 1194 1411 dicit
1221 1375 1324 1422 quod

263 1430 368 1478 prius
397 1436 433 1466 et
463 1428 649 1478 posterius
683 1429 869 1476 ipsorum,
905 1427 1044 1463 scilicet
1075 1427 1256 1475 temporis
1290 1435 1326 1464 et

265 1490 416 1529 motus„
435 1489 618 1531 quantum
647 1481 696 1517 ad
723 1480 761 1518 id
789 1479 894 1528 quod
922 1487 988 1526 est,
1018 1487 1144 1516 motus
1174 1487 1243 1516 est:
1273 1487 1325 1516 ta-

266 1546 356 1571 men
384 1533 595 1571 secundum
624 1533 809 1570 rationem
839 1539 894 1569 est
921 1531 1079 1568 alterum
1099 1544 1121 1568 a
1140 1539 1259 1579 motu,
1291 1540 1326 1568 et

266 1599 345 1624 non
374 1593 429 1623 est
447 1593 585 1623 motus.
605 1587 664 1622 De
685 1585 827 1622 ratione
857 1584 958 1621 enim
978 1592 1104 1621 motus
1127 1592 1192 1631 est,
1222 1585 1326 1632 quod

267 1639 313 1676 sit
331 1646 436 1676 actus
456 1638 645 1675 existentis
672 1638 711 1675 in
737 1637 920 1686 potentia:
951 1636 1017 1673 sed
1038 1637 1142 1685 quod
1162 1637 1200 1673 in
1219 1645 1327 1673 motu

267 1691 314 1728 sit
330 1691 434 1740 prius
462 1698 498 1727 et
525 1690 723 1739 posterius,
752 1691 827 1726 hoc
855 1689 1034 1736 contingit
1061 1689 1182 1725 motui
1203 1702 1247 1725 ex
1268 1702 1326 1725 or-

268 1743 354 1781 dine
390 1743 553 1792 partium
591 1742 869 1791 magnitudinis.
910 1742 972 1778 Sic
1007 1740 1116 1789 igitur
1151 1741 1255 1790 prius
1293 1749 1328 1778 et

266 1796 453 1845 posterius
483 1802 569 1832 sunt
595 1795 699 1832 idem
718 1795 886 1831 subiecto
916 1806 1004 1830 curn
1033 1801 1152 1841 motu,
1173 1794 1241 1831 sed
1261 1794 1327 1831 dif-

267 1849 392 1885 ferunt
423 1848 577 1885 ratione.
614 1848 726 1899 Unde
764 1854 876 1884 restat
911 1846 1200 1895 inquirendum,
1239 1859 1326 1883 cum

267 1909 418 1950 tempus
446 1907 623 1949 sequatur
651 1907 811 1946 motum,
832 1899 927 1936 sicut
951 1911 1065 1947 supra
1085 1900 1104 1920 *
1133 1907 1327 1935 ostensum

269 1962 336 2002 est,
354 1961 482 1990 utrum
512 1960 689 2001 sequatur
716 1952 841 2001 ipsum
861 1952 1086 2001 inquantum
1116 1958 1172 1988 est
1189 1959 1327 1999 motus,

269 2018 319 2044 an
345 2005 569 2055 inquantum
597 2005 711 2042 habet
737 2004 841 2053 prius
870 2012 906 2041 et
932 2004 1131 2053 posterius.

323 2071 358 2106 9.
388 2058 536 2095 Deinde
572 2070 659 2094 cum
689 2057 796 2094 d'rcit:
833 2057 886 2093 At
909 2068 1000 2093 vero
1033 2062 1067 2092 et
1099 2062 1240 2104 tempus
1268 2068 1327 2092 co-

267 2111 483 2161 gnoscimus
512 2118 603 2157 etc.,
633 2109 795 2146 ostendit
830 2109 936 2157 quod
968 2117 1119 2156 tempus
1151 2116 1330 2157 sequatur

269 2171 419 2200 motum
447 2162 591 2199 ratione
612 2162 745 2210 prioris
765 2169 801 2198 et
818 2161 1046 2209 posterioris.
1076 2162 1237 2209 Propter
1254 2161 1329 2197 hoc

271 2215 372 2252 enirn
388 2222 583 2252 ostensum
599 2221 654 2250 est
666 2215 685 2236 ³³²
701 2214 805 2262 quod
820 2221 969 2261 tempus
985 2213 1151 2261 sequitur
1166 2220 1340 2260 motum,>

270 2268 359 2317 quia
386 2267 497 2304 simul
527 2266 790 2314 cognoscimus
817 2273 967 2314 tempus
1003 2273 1039 2301 et
1070 2272 1230 2301 motum.
1262 2265 1327 2301 Se-

271 2320 439 2358 cundum
467 2319 558 2356 illud
578 2331 666 2367 ergo
695 2326 845 2367 tempus
875 2318 1042 2367 sequitur
1069 2325 1229 2364 motum,
1251 2330 1326 2366 quo

271 2373 419 2421 cognito
455 2372 493 2409 in
526 2380 634 2408 motu
668 2371 904 2419 cognoscitur
935 2379 1106 2418 tempus:
1145 2370 1212 2406 secl
1239 2377 1328 2406 tunc

270 2425 534 2473 cognoscimus
561 2432 724 2472 tempus,
748 2436 836 2460 cum
862 2422 1123 2470 distinguimus
1143 2430 1291 2459 motum
1309 2423 1329 2443 *

271 2477 558 2515 determinando
586 2477 688 2525 prius
710 2484 745 2512 et
770 2475 976 2525 posterius;
998 2482 1034 2511 et
1056 2482 1145 2511 tunc
1170 2475 1329 2511 dicimus

269 2530 356 2568 fieri*
380 2538 550 2578 tempus,
581 2529 733 2578 quando
771 2528 976 2576 accipimus
1014 2540 1167 2564 sensum
1195 2528 1329 2576 prioris

272 2584 308 2620 et
325 2582 543 2632 posterioris
562 2581 600 2618 in
619 2589 738 2618 motu.
755 2580 990 2629 Relinquitur
1006 2592 1094 2628 ergo
1111 2580 1215 2629 quod
1228 2577 1329 2631 {tem-

270 2648 343 2684 pus
371 2634 538 2683 sequitur
556 2642 705 2671 motum
724 2633 935 2670 secundum
954 2632 1057 2681 prius
1078 2641 1113 2669 et
1130 2633 1328 2680 posterius.

331 2700 387 2724 10.
404 2686 551 2724 Deinde
568 2699 656 2723 cum
671 2686 773 2723 dicit:
789 2686 1093 2722 Determinamus
1107 2691 1230 2722 autem
1247 2693 1328 2731 etc.,

274 2739 436 2776 ostendit
462 2739 552 2787 quid
594 2746 720 2775 motus
757 2746 907 2786 tempus
936 2738 1000 2785 sit,
1031 2737 1118 2786 quia
1152 2750 1330 2774 numerus

273 2797 394 2828 motus
422 2789 452 2828 ⁸:
487 2798 524 2827 et
554 2791 628 2827 hoc
663 2790 775 2827 etiam
808 2789 970 2827 ostendit
1002 2790 1140 2826 eodem
1174 2790 1329 2836 medio,

274 2844 412 2881 scilicet
438 2856 508 2893 per
532 2843 785 2891 cognitionem
808 2842 988 2891 temporis
1015 2849 1050 2878 et
1081 2849 1218 2878 motus.
1248 2843 1331 2879 Ma-

273 2894 451 2934 nifestum
485 2903 540 2932 est
567 2895 668 2932 enim
705 2895 810 2943 quod
846 2902 934 2931 tunc
963 2907 1044 2931 esse
1081 2902 1230 2943 tempus
1269 2895 1331 2931 de-

273 2949 520 2986 terminamus
537 2978 546 2995 ,
576 2961 664 2984 cum
699 2947 904 2996 accipimus
936 2947 974 2984 in
1014 2954 1122 2983 motu
1159 2947 1259 2984 aliud
1298 2955 1334 2984 et

275 3001 388 3048 aliud,
409 3009 445 3037 et
463 3001 670 3049 accipimus
689 3000 827 3048 aliquid
846 3000 1018 3036 medium
1037 2999 1131 3036 inter
1155 3012 1210 3036 ea.
1232 3000 1332 3036 Cum

277 3054 379 3090 enim
407 3053 644 3101 intelligimus
682 3061 849 3089 extrema
883 3052 1031 3089 diversa
1068 3052 1222 3088 alicuius
1255 3064 1333 3088 me-

277 3104 344 3153 dii,
383 3113 419 3142 et
455 3106 581 3143 anima
612 3105 716 3149 ,dicat
751 3105 811 3142 illa
840 3117 920 3142 esse
959 3105 1034 3142 duo
1072 3117 1172 3141 nunc
1201 3111 1230 3151 ⁶,
1260 3105 1334 3141 hoc

331 3233 355 3267 ὃ)
375 3234 440 3266 quid
457 3237 543 3259 motus
562 3238 664 3266 tempus
677 3234 719 3264 sit,
735 3234 797 3266 quia
816 3241 940 3259 numerus
959 3237 1051 3259 motus.
1066 3248 1087 3253 -
1101 3234 1152 3258 Pro
1174 3234 1246 3266 quid,
1265 3235 1335 3267 quod

277 3268 563 3301 PANOSTVYpClsE;
582 3269 652 3301 quod
671 3273 772 3301 tempus
786 3269 821 3293 sit
840 3276 963 3294 numerus
975 3272 1060 3293 motus
1078 3269 1138 3300 FQ;
1158 3272 1284 3301 quantum
1299 3270 1336 3294 ad

278 3304 343 3336 quid
361 3307 463 3335 tempus
480 3303 516 3328 sit
534 3306 620 3328 motum
638 3304 700 3336 quia
718 3311 844 3328 numerus
862 3307 948 3329 motus
967 3304 1020 3334 sH3
1039 3304 1110 3335 quod
1129 3307 1215 3328 motus
1234 3307 1336 3336 tempus

277 3339 313 3364 sit
331 3338 402 3371 quod
419 3341 459 3363 est
477 3345 600 3363 numerus
618 3342 705 3363 motus
723 3339 758 3368 D3
778 3339 845 3370 MpH
865 3345 916 3363 ras.
930 3338 1053 3370 Legimus
1073 3345 1133 3362 cum
1152 3343 1200 3362 cet.
1216 3343 1241 3363 et
1259 3339 1336 3363 ab.-

228 3388 230 3390 -
279 3374 368 3398 Statim
387 3381 434 3405 pro
449 3372 539 3397 eodem
554 3373 647 3403 medio,
662 3373 751 3397 eodem
767 3372 844 3398 modo
859 3373 973 3397 BGHIR.
986 3387 1004 3391 -
1019 3373 1068 3396 Pro
1082 3373 1257 3405 cognitionem
1271 3377 1336 3398 tem-

275 3409 352 3440 poris
369 3412 395 3432 et
413 3410 507 3437 motus,
522 3404 697 3440 cognitionem
717 3408 842 3439 temporis
861 3414 898 3431 ex·
920 3411 992 3432 motu
1012 3407 1045 3431 P:
1061 3407 1107 3431 sed
1132 3407 1191 3439 quia
1214 3408 1239 3432 in
1264 3416 1336 3432 num.

279 3450 372 3475 praem,
387 3444 418 3467 ad
433 3450 511 3475 quem
526 3449 572 3474 per
590 3442 680 3467 eodem
694 3442 780 3467 medio
798 3442 941 3470 remittitur,
957 3442 1048 3474 legitur
1066 3441 1128 3474 quia
1146 3442 1226 3466 simul
1238 3450 1335 3475 cogno-

280 3479 377 3503 scimus
387 3481 488 3509 tempus
497 3481 523 3502 et
533 3481 639 3506 motum,
651 3477 804 3509 adoptamus
816 3478 951 3501 lectionem
962 3476 1035 3502 codd.
1046 3481 1071 3500 et
1079 3483 1096 3500 a
1107 3476 1130 3500 b.
1138 3476 1177 3501 Cf.
1187 3477 1264 3501 etiam
1275 3485 1300 3501 n.
1312 3485 1335 3501 2.

333 3513 355 3545 ε)
376 3513 421 3537 illa
440 3520 494 3537 esse
518 3512 570 3536 duo
595 3519 671 3536 nunc.
689 3525 707 3531 -
728 3512 787 3543 1’s1;
807 3512 854 3536 illa
872 3519 940 3536 nunc
965 3518 1020 3537 esse
1039 3511 1091 3536 duo
1115 3511 1170 3542 Ls;
1190 3519 1259 3536 nunc
1282 3520 1336 3537 om.

280 3553 337 3579 cet„
356 3548 397 3572 ab
417 3552 441 3572 et
459 3548 500 3572 ed.
518 3546 592 3578 1545.
611 3546 648 3572 Cf.
667 3551 773 3571 textum.

2350 309 2423 344 203

1373 385 1487 432 prius,
1518 386 1607 422 illud
1635 387 1832 434 posterius,
1864 387 1969 434 quasi
1997 386 2232 423 numerando
2261 387 2363 434 prius
2392 395 2428 423 et

1370 437 1556 484 posterius
1576 438 1613 474 in
1633 447 1752 485 motu,
1781 446 1869 474 tunc
1890 439 1964 475 hoc
1985 439 2143 475 dicimus
2163 451 2244 475 esse
2264 446 2424 487 tempus.

1373 490 1544 537 Tempus
1573 490 1673 526 enim
1695 491 1934 526 determinari
1961 491 2110 527 videtur
2137 491 2220 538 ipso
2247 503 2357 527 nunc.
2379 492 2427 528 Et

1372 541 1446 576 hoc
1474 549 1706 589 supponatur
1734 543 1782 579 ad
1809 555 2007 590 praesens,
2038 543 2124 591 quia
2151 551 2282 591 postea
2311 545 2330 564 ‘¹‘
2360 544 2427 580 erit

1373 593 1491 640 magis
1512 594 1762 630 manifestum.
1785 596 1947 641 Quando
1968 595 2073 642 igitur
2093 595 2426 632 sentimusssunum

1373 657 1490 690 nunc,
1520 653 1556 681 et
1583 658 1660 682 non
1690 647 1936 683 discernimus
1964 647 2002 683 in
2030 655 2136 683 motu
2165 647 2267 696 prius
2296 656 2331 684 et
2358 661 2426 696 po-

1374 697 1526 743 sterius;
1564 699 1625 734 vel
1658 699 1810 746 quando
1840 699 2086 735 discernimus
2121 700 2158 735 in
2190 708 2297 736 motu
2324 700 2426 748 prius

1375 757 1410 785 et
1429 750 1626 797 posterius,
1656 752 1723 787 sed
1751 750 1955 799 accipimus
1983 751 2084 787 idem
2114 764 2214 788 nunc
2240 760 2281 788 ut
2308 753 2426 789 finem

1373 801 1507 849 prioris
1533 810 1569 837 et
1587 802 1811 850 principium
1830 803 2061 851 posterioris3
2083 816 2161 840 non
2178 804 2326 840 videtur
2345 805 2425 841 fieri

1374 861 1534 902 tempus,
1547 854 1635 902 quia
1654 863 1776 903 neque
1796 863 1851 891 est
1869 863 2006 892 motus.
2028 856 2104 892 Sed
2121 868 2207 892 cum
2223 857 2427 905 accipimus

1374 906 1476 953 prius
1497 913 1533 942 et
1550 907 1735 954 posterius
1757 914 1792 942 et
1810 919 2054 944 numeramus
2075 920 2131 954 ea,
2159 916 2248 944 tunc
2269 909 2427 945 dicimus

1375 958 1456 993 fieri
1474 965 1636 1006 tempus.
1666 960 1714 994 Et
1731 960 1805 995 hoc
1824 959 1922 1006 ideo,
1943 960 2031 1008 quia
2049 967 2199 1009 tempus
2218 961 2309 997 nihil
2329 961 2427 998 aliud

1377 1017 1432 1045 est
1456 1022 1570 1057 quam
1596 1023 1772 1046 numerus
1799 1017 1918 1047 motus
1945 1013 2147 1048 secundum
2170 1013 2278 1060 prius
2306 1020 2341 1049 et
2360 1025 2428 1062 po-

1376 1062 1528 1098 sterius:
1548 1069 1697 1110 tempus
1718 1063 1817 1099 enim
1837 1064 2076 1112 percipimus,
2097 1072 2137 1100 ut
2156 1065 2296 1101 dictum
2322 1074 2377 1102 est
2395 1067 2426 1111 θ’,

1379 1125 1466 1149 cum
1486 1126 1731 1150 numeramus
1758 1115 1860 1163 prius
1881 1123 1916 1151 et
1934 1117 2118 1164 posterius
2142 1117 2180 1153 in
2199 1125 2317 1154 motu.
2348 1119 2428 1154 Ma-

1378 1165 1552 1201 nifestum
1582 1173 1637 1202 est
1666 1178 1752 1213 ergo
1782 1168 1886 1215 quod
1913 1176 2062 1216 tempus
2095 1181 2172 1205 non
2201 1177 2255 1206 est
2282 1178 2428 1217 motus,

1379 1217 1445 1268 sed
1465 1218 1632 1265 sequitur
1659 1225 1808 1255 motum
1837 1221 2046 1257 secundum
2075 1222 2176 1268 quod
2200 1231 2428 1260 numeratur.

1379 1270 1489 1307 Unde
1519 1278 1575 1306 est
1602 1283 1783 1307 numerus
1811 1279 1947 1308 motus.

1434 1322 1474 1358 Si
1501 1322 1584 1370 quis
1612 1330 1739 1359 autem
1774 1323 1922 1360 obiiciat
1959 1331 2086 1360 contra
2114 1326 2341 1372 praedictam
2370 1327 2431 1363 de-

1379 1374 1603 1421 finitionem,
1634 1375 1736 1423 quod
1764 1375 1866 1423 prius
1896 1383 1931 1412 et
1957 1377 2141 1424 posterius
2169 1385 2340 1426 tempore
2371 1379 2432 1415 de-

1380 1426 1637 1473 terminantur,
1669 1434 1704 1463 et
1723 1427 1776 1464 sic
1805 1428 1971 1464 definitio
2002 1437 2055 1464 est
2085 1429 2279 1476 circularis,
2310 1431 2433 1467 dicen-

1382 1479 1473 1516 dum
1494 1486 1550 1515 est
1569 1480 1671 1527 quod
1690 1480 1793 1527 prius
1813 1487 1848 1516 et
1866 1480 2051 1528 posterius
2069 1490 2261 1530 ponuntur
2281 1484 2300 1503 ’ῃ
2315 1483 2353 1519 in
2373 1484 2434 1519 de-

1381 1531 1549 1568 finitione
1569 1532 1761 1580 temporis,
1783 1534 1993 1570 secundum
2018 1535 2120 1581 quod
2145 1543 2342 1572 causantur
2359 1536 2379 1556 ’¹‘
2398 1536 2435 1572 in

1381 1591 1488 1620 motu
1526 1596 1571 1620 ex
1599 1585 1876 1632 magnitudine,
1916 1593 1952 1622 et
1980 1598 2057 1622 non
2095 1588 2304 1624 secundum
2333 1589 2435 1635 quod

1382 1644 1646 1674 mensurantur
1667 1639 1686 1658 '¹‘
1708 1650 1752 1673 ex
1781 1645 1964 1686 tempore.
1986 1639 2034 1674 Et
2054 1639 2141 1675 ideo
2171 1652 2283 1688 supra
2297 1641 2339 1661 ⁴³*
2354 1640 2435 1676 Ari-

1383 1689 1531 1725 stoteles
1570 1690 1732 1726 ostendit
1764 1691 1867 1737 quod
1903 1690 2005 1738 prius
2043 1699 2078 1727 et
2112 1692 2297 1739 posterius
2332 1693 2435 1741 prius

1383 1748 1469 1778 sunt
1496 1741 1533 1777 in
1561 1741 1818 1788 magnitudine
1846 1754 1962 1790 quam
1991 1743 2029 1779 in
2057 1751 2175 1790 motu,
2206 1752 2240 1780 et
2268 1745 2305 1781 in
2328 1753 2434 1782 motu

1383 1806 1499 1842 quam
1519 1794 1557 1830 in
1576 1800 1759 1842 tempore,
1779 1796 1932 1831 ut‘haec
1952 1795 2111 1832 obiectio
2133 1798 2360 1834 excludatur.

1442 1858 1499 1882 11.
1529 1845 1677 1883 Deinde
1707 1859 1794 1883 cum
1823 1847 1926 1883 dicit:
1947 1848 2104 1896 Signum
2133 1855 2186 1884 est
2211 1855 2333 1886 autem
2354 1858 2435 1896 etc.‚

1383 1898 1596 1935 manifestat
1630 1899 1862 1947 praedictam
1892 1901 1911 1920 ²³²
1941 1900 2199 1937 definitionem
2233 1902 2436 1950 dupliciter.

1383 1951 1512 1987 Primo
1533 1951 1687 1999 quidem
1708 1951 1874 1999 quodam
1896 1951 2012 1999 signo.
2031 1954 2072 1989 ld
2088 1953 2187 1989 enim
2208 1967 2283 2002 quo
2300 1954 2438 2002 aliquid

1382 2003 1593 2040 iudicamus
1621 2004 1705 2052 plus
1735 2011 1770 2040 et
1788 2004 1924 2052 minus,
1955 2012 2010 2041 est
2037 2017 2217 2042 numerus
2244 2006 2342 2043 eius:
2372 2008 2438 2044 sed

1383 2064 1531 2092 motum
1554 2055 1764 2093 iudicamus
1783 2057 1931 2105 plurem
1952 2058 1971 2078 ²⁸
1988 2065 2023 2094 et
2042 2057 2229 2095 minorem
2249 2067 2436 2108 ternpore:

1383 2116 1533 2157 tempus
1562 2108 1671 2155 igitur
1700 2116 1754 2145 est
1781 2121 1973 2146 numerus.

1437 2161 1613 2197 Secundo
1650 2161 1722 2197 ibi:
1755 2162 1940 2202 Quoniam
1979 2167 2102 2198 autem
2141 2175 2316 2200 numerus
2351 2172 2438 2210 etc.,

1383 2213 1595 2249 manifestat
1631 2214 1735 2262 quod
1772 2214 1913 2250 dictum
1947 2222 2002 2250 est
2025 2215 2045 2235 '¹‘
2067 2227 2136 2263 per
2165 2215 2438 2252 distinctionem

1383 2265 1547 2310 numeri3
1574 2272 1610 2301 et
1638 2265 1725 2302 dicit
1743 2265 1848 2314 quod
1875 2279 2056 2303 numerus
2085 2267 2216 2304 dicitur
2235 2268 2437 2317 dupliciter.

1382 2318 1468 2354 Uno
1498 2317 1615 2353 modo
1635 2318 1674 2354 id
1693 2319 1796 2365 quod
1823 2326 2044 2355 numeratur
2062 2327 2158 2367 actu,
2179 2321 2240 2357 vel
2260 2322 2364 2368 quod
2385 2329 2439 2357 est

1383 2369 1628 2417 numerabile,
1654 2377 1695 2406 ut
1718 2378 1810 2418 puta
1829 2371 1848 2391 '¹‘
1868 2383 1956 2407 cum
1983 2371 2141 2408 dicimus
2160 2373 2293 2409 decem
2317 2374 2438 2410 homi-

1383 2435 1449 2459 nes
1469 2429 1532 2459 aut
1551 2423 1684 2459 decern
1706 2435 1839 2470 equos;
1864 2423 1926 2470 qui
1954 2423 2085 2468 dicitur
2103 2437 2284 2461 numerus
2313 2438 2439 2462 nume-

1383 2481 1497 2520 ratus,
1518 2475 1607 2523 quia
1626 2483 1681 2511 est
1700 2487 1880 2511 numerus
1905 2476 2109 2523 applicatus
2133 2477 2244 2513 rebus
2266 2490 2439 2515 numera-

1383 2528 1440 2564 tis.
1461 2527 1545 2564 Alio
1575 2528 1692 2565 modo
1718 2527 1850 2564 dicitur
1876 2539 2057 2564 numerus
2085 2540 2157 2576 quo
2186 2541 2437 2577 numeramus,

1384 2580 1479 2617 idest
1505 2580 1583 2628 ipse
1617 2592 1798 2616 numerus
1831 2580 2000 2616 absolute
2035 2588 2228 2629 acceptus,
2263 2590 2304 2618 ut
2339 2583 2435 2630 duo,

1384 2633 1472 2679 tria,
1508 2640 1680 2680 quatuor.
1714 2633 1886 2680 Tempus
1914 2640 2041 2668 autem
2070 2645 2146 2669 non
2175 2641 2230 2669 est
2257 2647 2436 2671 numerus

1385 2697 1462 2733 quo
1483 2697 1740 2731 numeramus,
1757 2685 1844 2732 quia
1869 2684 1920 2720 sic
1939 2693 2156 2732 sequeretur
2179 2687 2282 2733 quod
2306 2699 2437 2723 nume-

1386 2750 1449 2774 rus
1470 2738 1664 2774 cuiuslibet
1692 2737 1743 2773 rei
1773 2744 1869 2773 esset
1895 2745 2064 2786 tempus:
2094 2738 2159 2774 sed
2184 2746 2238 2775 est
2257 2751 2436 2776 numerus

1386 2798 1604 2826 numeratus
1623 2795 1648 2837 η,
1670 2789 1757 2838 quia
1784 2790 1864 2837 ipse
1883 2802 2062 2826 numerus
2089 2790 2223 2839 prioris
2253 2799 2287 2827 et
2313 2799 2437 2840 poste-

1387 2842 1492 2879 rioris
1512 2842 1551 2879 in
1569 2849 1677 2879 motu
1696 2850 1845 2890 tempus
1866 2842 2010 2888 dicitur;
2030 2843 2091 2879 vel
2112 2843 2223 2879 etiam
2243 2843 2323 2892 ipsa
2342 2857 2438 2892 quae

1387 2903 1473 2931 sunt
1498 2895 1602 2943 prius
1632 2902 1667 2931 et
1693 2894 1878 2943 posterius
1906 2902 2110 2931 numerata.
2141 2896 2189 2932 Et
2216 2895 2323 2943 ideo,
2352 2897 2436 2933 licet

1387 2959 1567 2984 numerus
1596 2947 1642 2983 sit
1668 2947 1853 2994 quantitas
1874 2946 2042 2994 discreta,
2062 2955 2211 2996 tempus
2231 2955 2356 2985 tamen
2386 2957 2440 2985 est

1387 3000 1573 3048 quantitas
1594 3000 1780 3046 continua,
1801 3006 1955 3048 propter
1973 3012 2054 3036 rem
2074 3008 2326 3047 numeratam3
2347 3001 2441 3038 sicut

1389 3053 1522 3089 decem
1542 3064 1743 3089 mensurae
1771 3052 1886 3100 panni
1910 3051 2104 3099 quoddam
2126 3053 2345 3090 continuum
2374 3061 2438 3100 est,

1389 3105 1564 3153 quamvis
1593 3105 1766 3141 denarius
1795 3116 1974 3141 numerus
2003 3104 2048 3140 sit
2067 3105 2250 3153 quantitas
2271 3105 2436 3142 discreta.

1441 3234 1466 3267 ζ)
1488 3235 1601 3264 Quando
1620 3235 1704 3267 igitur
1727 3235 1862 3260 sentimus.
1875 3249 1893 3253 -
1907 3235 2019 3264 Quando
2043 3234 2112 3259 enim
2130 3235 2254 3259 sentimus
2279 3234 2378 3258 codices
2397 3242 2438 3259 ex-

1389 3270 1468 3301 ceptis
1488 3270 1508 3294 E
1529 3270 1688 3302 GMZpRsH.
1708 3283 1726 3288 -
1740 3270 1781 3294 vel
1805 3270 1937 3301 quando...
1957 3269 2090 3300 posterius
2112 3277 2164 3293 orn.
2183 3269 2374 3298 BHILMORT;
2399 3270 2439 3294 vel

1388 3305 1495 3336 quando
1514 3311 1564 3329 non
1586 3305 1758 3329 discernimus
1776 3304 1948 3334 ACDQSXY,
1968 3304 2014 3327 sed
2037 3311 2088 3327 non
2107 3308 2174 3327 recte
2193 3303 2293 3327 additur
2316 3304 2438 3335 particula

1389 3340 1512 3371 negativa,
1526 3344 1581 3363 tum
1601 3345 1705 3371 propter
1724 3347 1754 3363 ea
1772 3346 1838 3370 quae
1856 3339 2001 3362 immediate
2018 3338 2180 3370 praecedunt,
2199 3343 2254 3362 tum
2273 3338 2331 3370 quia
2350 3346 2380 3362 ex
2398 3338 2438 3362 his

1389 3381 1456 3406 quae
1474 3379 1625 3406 sequuntur,
1640 3374 1807 3405 accipimus...
1823 3376 1851 3397 ut
1857 3374 1940 3405 finem
1951 3372 2053 3404 prioris
2066 3376 2092 3397 et
2101 3372 2262 3404 principium
2271 3373 2437 3404 posterioris,

1389 3413 1459 3440 patet
1467 3409 1545 3440 prius
1558 3413 1583 3432 et
1592 3408 1726 3440 posterius
1740 3415 1827 3432 revera
1841 3407 1956 3437 discerni,
1972 3407 2089 3439 quamvis
2104 3414 2154 3432 non
2168 3407 2327 3439 accipiamus
2339 3407 2439 3440 aliquid

1390 3443 1503 3467 medium
1523 3443 1592 3468 inter
1610 3449 1650 3467 ea.

1442 3478 1469 3509 η)
1489 3478 1590 3508 sedfest
1609 3484 1732 3502 numerus
1746 3479 1907 3501 numeratus.
1918 3490 1937 3495 —
1950 3476 2024 3508 PpE;
2043 3483 2060 3500 a
2077 3476 2136 3501 hab.
2150 3477 2209 3508 lac.;
2223 3477 2270 3502 sed
2289 3481 2328 3502 est
2346 3485 2438 3502 nume-

1391 3519 1437 3537 rus
1455 3513 1525 3544 quod
1544 3519 1712 3536 numeramus
1731 3512 1759 3541 F,
1773 3512 1820 3536 sed
1837 3515 1875 3536 est
1894 3518 2017 3536 numerus
2035 3511 2106 3543 quod
2124 3516 2278 3537 numeratur
2294 3513 2324 3543 L,
2338 3513 2384 3538 sed
2401 3516 2441 3537 est

1391 3547 1462 3579 quod
1480 3550 1635 3572 numeratur
1653 3552 1708 3576 cet„
1723 3547 1738 3571 b
1756 3551 1781 3570 et
1799 3546 1889 3570 Vener.
1906 3545 1980 3577 1545.
1999 3545 2037 3571 Cf.
2055 3551 2159 3571 textum.

1309 3613 1706 3641 ⁴354——

2454 548 2464 558 “
2479 547 2540 568 Lcet.
2556 553 2604 575 seq.

2549 596 2563 624 ζ

2456 1064 2467 1074 “
2488 1064 2560 1090 Supra
2580 1064 2602 1085 in
2624 1063 2668 1085 hoc

2456 1096 2551 1111 numero
2570 1093 2590 1111 et
2616 1090 2668 1111 lect.

2458 1122 2531 1143 praec.
2546 1122 2568 1137 n.
2584 1115 2606 1137 6.

2462 1486 2471 1496 “
2483 1485 2580 1512 ponitur
2595 1485 2662 1506 codd.

2462 1518 2510 1532 exc.
2525 1518 2562 1532 EN.

2461 1539 2471 1548 ⁸
2482 1539 2594 1558 causatur
2603 1537 2671 1558 codd.

2463 1570 2511 1585 exc.
2527 1570 2564 1585 εκ.

2464 1642 2474 1653 “
2488 1643 2636 1663 mensuratur
2650 1648 2673 1662 e-

2464 1668 2503 1689 dit.
2519 1668 2554 1688 ab
2569 1671 2590 1689 et
2604 1667 2673 1689 codd.

2464 1700 2512 1715 exc.
2527 1700 2563 1715 EN.

2463 1721 2485 1731 ‘⁴'
2500 1720 2569 1741 Num.
2584 1726 2606 1747 7.

2465 1914 2475 1924 ⁵
2489 1913 2548 1935 Num
2553 1929 2558 1935 .
2574 1919 2648 1941 praec.

2466 2071 2476 2082 *
2482 2070 2600 2097 pluralem
2608 2076 2678 2095 uum.

2466 2227 2477 2237 ⁴¹
2491 2226 2560 2248 Num.
2577 2232 2653 2254 praec.

2466 2386 2476 2396 ⁴¹
2491 2388 2567 2413 utpote
2581 2386 2634 2407 rab.
