2898 3996
1101 290 1211 326 CAP.
1241 291 1292 337 x,
1323 289 1472 326 LECT.
1502 291 1572 326 xn

253 370 399 407 accipitur.
421 386 441 391 —
463 370 489 397 3.
510 370 650 406 Exemplo
672 375 768 397 motus
789 368 928 405 sphaerici
955 369 1114 397 ostenditur
1141 369 1220 405 quod
1247 368 1312 395 licet

253 416 350 439 motus
370 408 494 445 partium
515 415 580 436 actu
601 409 636 436 sit
660 418 734 436 unus
756 418 822 436 cum
843 415 924 436 motu
945 408 1045 443 totius,
1066 408 1195 444 potentia
1215 413 1312 435 tamen

253 455 320 477 sunt
333 448 437 476 diversi
458 454 554 476 motus
567 448 691 484 partium
711 454 773 476 tum
794 448 831 476 ad
852 447 981 483 invicem,
996 453 1058 475 tum
1076 456 1093 475 a
1111 453 1193 475 motu
1213 446 1310 474 totius.

253 489 336 516 Unde
352 494 447 524 partes
468 487 509 515 sic
525 493 677 516 moventur
696 496 747 523 per
767 487 899 515 accidens
924 487 960 514 ad
981 492 1093 514 motum
1113 486 1210 520 totius,
1232 485 1312 522 quod

253 534 320 556 sunt
340 527 370 554 in
389 526 517 563 potentia
531 533 563 554 ut
576 533 746 555 moveantur
758 536 809 562 per
823 535 862 554 se.
878 542 898 547 -
911 535 939 560 4.
963 525 1124 553 Conclusio.
1139 524 1312 560 Impartibile

253 567 413 595 secundum
428 566 614 603 quantitatem
629 572 724 602 potest
737 565 847 594 moveri
860 574 911 601 per
924 564 1056 593 accidens
1070 565 1107 591 ad
1121 570 1233 592 motum
1248 572 1311 591 cor-

253 605 345 643 poris,
367 605 432 634 licet
458 615 519 633 non
545 611 682 642 tanquam
704 605 764 633 eius
791 613 870 641 pars·
892 604 942 632 sed
962 612 1014 640 per
1031 612 1061 631 se
1085 612 1146 630 non
1174 602 1312 639 contingit

254 645 372 674 moveri.
382 661 402 666 -
426 645 450 673 5.
473 645 614 672 Probatur
634 645 704 672 haec
730 644 855 672 secunda
875 652 959 680 pars.
987 644 1015 676 a)
1037 643 1080 670 Eo
1100 648 1231 678 tempore
1252 651 1311 678 quo

253 684 426 721 impartibile
439 683 544 712 mutari
558 683 737 720 supponitur,
751 688 865 718 oportet
881 682 961 718 quod
981 681 1017 709 sit
1036 687 1086 709 aut
1106 681 1135 709 in
1149 680 1272 709 termino
1294 690 1312 709 a

254 733 325 761 quo,
346 730 397 752 aut
416 723 447 751 in
464 723 587 751 termino
601 724 640 751 ad
653 731 745 766 quent,
760 727 809 750 aut
829 720 933 757 partim
954 720 983 748 in
1003 730 1077 755 uno,
1095 720 1199 757 partim
1220 720 1250 748 in
1271 720 1311 748 al-

253 770 330 791 tero:
358 763 414 791 hoc
434 762 549 790 tertium
570 761 631 791 dari
652 760 766 798 nequit,
786 758 915 796 alioquin
936 766 1009 788 esset
1029 742 1172 796 pai-tibile;
1194 769 1247 787 nec
1267 768 1311 787 se-

254 803 382 830 cundum
403 802 459 830 dici
479 807 591 838 potest,
613 800 681 838 quia
711 799 742 828 in
768 799 892 827 termino
915 799 954 826 ad
976 808 1058 836 quem
1080 799 1137 827 iam
1169 805 1311 827 mutatum

255 848 310 870 est:
331 848 394 870 toto
412 841 497 878 igitur
510 846 639 876 tempore
653 845 696 868 est
709 839 739 866 in
753 838 875 866 termino
889 848 907 866 α
921 847 984 875 quo,
1005 848 1038 867 ac
1052 838 1173 874 proinde
1193 838 1312 875 quiescit

254 882 324 909 dum
345 887 480 915 mutatur,
505 880 584 915 quod
605 885 647 907 est
666 877 850 915 impossibile.
873 894 892 899 -
917 879 1017 905 Posset
1045 878 1161 914 quidem
1189 877 1219 905 in
1239 884 1311 906 tem-

253 929 325 957 pore
345 919 469 954 moveri,
493 918 517 946 si
537 925 650 954 tempus
670 926 704 945 ex
724 917 792 954 ipsis
814 927 888 945 nunc
902 923 1059 952 constaret;
1081 917 1148 954 quia
1169 917 1198 945 in
1220 917 1310 945 diver-

253 959 292 987 sis
313 967 387 986 nunc
407 957 437 985 in
458 957 554 985 multis
575 966 636 985 esse
656 963 768 1002 posset,
790 956 862 984 sicut
883 956 912 984 in
934 956 1062 993 quolibet
1084 966 1158 985 nunc
1185 956 1214 984 in
1235 966 1310 984 uno:

253 998 311 1026 iam
325 1006 394 1026 vero
408 1003 521 1034 tempus
535 996 672 1033 componi
686 1005 720 1024 ex
733 995 801 1032 ipsis
816 1005 900 1031 nunc,
921 997 1075 1032 probatum
1090 1002 1132 1024 est
1159 995 1259 1031 (lectio
1276 996 1310 1031 3)

397 1149 408 1161 .
455 1142 465 1153 ⁴
493 1133 501 1145 “
518 1131 692 1172 ostquam
720 1122 975 1172 Philosophus
1002 1122 1114 1160 solvit
1147 1122 1310 1159 rationes

472 1176 683 1220 “tZenonis
710 1175 958 1225 improbantis
987 1183 1147 1221 motum,
1168 1175 1229 1211 hic
1257 1175 1311 1212 in-

463 1233 473 1247 ³
490 1267 500 1278 s
517 1229 635 1266 tendit
654 1228 853 1265 ostendere
868 1229 972 1277 quod
991 1228 1212 1277 impartibile
1233 1240 1311 1265 non

462 1274 499 1310 ’κ’
519 1289 706 1319 movetur.
727 1282 801 1318 Per
829 1281 934 1330 quod
958 1281 1158 1318 destruitur
1181 1281 1310 1330 opinio

253 1286 473 1393 Democriti,
502 1334 678 1383 ponentis
707 1341 856 1370 atomos
892 1346 962 1382 per
989 1347 1028 1371 se
1061 1334 1233 1370 mobiles.
1263 1335 1312 1371 Et

254 1386 354 1424 circa
372 1388 447 1424 hoc
476 1387 552 1424 duo
571 1386 672 1423 facit:
692 1386 816 1435 primo
835 1386 1016 1436 proponit
1042 1386 1310 1433 intentionem;

254 1440 422 1477 secundo
450 1440 586 1488 probat
621 1439 881 1487 propositum,
910 1439 978 1476 ibi:
1007 1440 1178 1476 ,Mutetur
1213 1441 1311 1477 enim

220 1512 227 1519 ·
254 1503 304 1528 ex
329 1493 402 1529 AB
420 1493 456 1529 in
485 1493 559 1528 BC
571 1493 590 1513 ²²²
609 1499 678 1528 etc.
699 1491 798 1528 Dicit
817 1504 905 1539 ergo
933 1492 1071 1541 primo,
1093 1492 1197 1542 quod
1225 1506 1312 1542 sup-

253 1545 384 1594 positis
407 1544 465 1582 his
489 1556 586 1593 quae
610 1556 724 1593 supra
742 1552 893 1581 ostensa
913 1552 1015 1592 sunt,
1037 1545 1239 1582 dicendum
1259 1553 1314 1582 est

255 1597 359 1646 quod
395 1597 621 1646 impartibile
658 1609 736 1633 non
771 1605 896 1652 potest
922 1598 1091 1645 moveri,
1121 1598 1190 1635 nisi
1218 1599 1312 1635 forte

253 1662 323 1699 per
342 1650 533 1696 accidens,
554 1649 649 1686 sicut
665 1657 850 1698 punctum
879 1658 1057 1687 movetur
1075 1651 1114 1687 in
1131 1658 1210 1687 toto
1232 1664 1312 1688 cor-

253 1715 360 1752 pore,
379 1703 442 1739 vel
461 1714 703 1752 quacumque
727 1703 798 1739 alia
816 1703 1074 1750 magnitudine
1101 1703 1140 1740 in
1163 1711 1239 1752 qua
1260 1711 1314 1741 est

254 1763 450 1804 punctum,
473 1755 611 1792 scilicet
638 1749 739 1791 linea
757 1756 819 1792 vel
848 1756 1058 1804 superficie.

310 1819 344 1845 2.
375 1808 526 1845 Moveri
546 1815 673 1844 autem
702 1807 750 1844 ad
778 1816 927 1844 motum
956 1808 1105 1845 alterius
1135 1808 1314 1856 contingit

255 1860 461 1909 dupliciter.
486 1861 572 1898 Uno
593 1860 711 1897 modo
731 1861 884 1908 quando
904 1861 994 1898 illud
1014 1861 1118 1909 quod
1137 1869 1315 1898 movetur

255 1913 304 1950 ad
323 1920 471 1950 motum
491 1913 652 1960 alterius,
674 1925 752 1949 non
771 1921 827 1950 est
846 1913 970 1962 aliqua
988 1926 1075 1962 pars
1096 1914 1193 1961 eius;
1219 1914 1315 1951 sicut

254 1965 346 2002 illud
374 1965 478 2014 quod
498 1973 553 2002 est
571 1965 609 2002 in
628 1965 716 2002 navi
745 1974 922 2003 movetur
949 1967 998 2003 ad
1026 1974 1175 2004 motum
1192 1967 1312 2015 navis,

256 2025 292 2055 et
311 2017 446 2055 albedo
468 2018 580 2055 etiarn
599 2026 776 2055 movetur
790 2019 839 2056 ad
854 2027 1003 2056 motum
1024 2020 1203 2069 corporis,
1225 2033 1312 2057 cum

255 2082 335 2107 non
354 2071 400 2108 sit
425 2083 512 2120 pars
542 2071 639 2108 eius:
671 2071 744 2107 alio
765 2072 883 2108 modo
913 2071 1006 2109 sicut
1023 2085 1112 2121 pars
1137 2081 1314 2110 movetur

255 2122 304 2160 ad
332 2131 481 2160 motum
509 2123 633 2160 totius.

309 2176 359 2212 Et
385 2175 475 2224 quia
502 2176 727 2225 impartibile
756 2175 889 2213 dicitur
916 2177 1184 2236 multipliciter,
1221 2179 1315 2215 sicut

257 2235 294 2264 et
320 2228 510 2277 partibile,
549 2229 712 2266 ostendit
739 2230 937 2277 quomodo
975 2230 1132 2279 accipiat
1157 2231 1218 2267 hic
1246 2231 1314 2268 im-

256 2281 444 2330 partibile:
467 2288 502 2317 et
522 2280 609 2318 dicit
627 2282 732 2330 quod
751 2282 974 2330 impartibile
995 2282 1055 2319 hic
1075 2283 1207 2320 dicitur
1225 2284 1315 2321 illud

257 2333 361 2382 quod
382 2341 437 2371 est
458 2334 683 2372 indivisibile
711 2334 921 2371 secundum
937 2335 1193 2383 quantitatem.
1215 2337 1314 2373 Dici-

256 2393 317 2422 tur
345 2386 446 2423 enim
475 2394 511 2423 et
531 2388 550 2408 '³‘
569 2386 709 2435 aliquid
736 2387 960 2436 impartibile
993 2389 1203 2425 secundum
1233 2401 1315 2438 spe-

257 2438 372 2486 ciem,
402 2438 497 2476 sicut
533 2439 564 2476 si
598 2439 768 2476 dicamus
801 2440 927 2487 ignem
955 2440 1222 2489 impartibilem
1251 2450 1316 2479 aut

256 2503 402 2539 aerem,
432 2491 521 2540 quia
549 2504 627 2529 non
644 2499 770 2541 potest
797 2493 961 2529 resolvi
954 2505 992 2530 in
1018 2494 1127 2542 plura
1156 2507 1316 2543 corpora

256 2544 381 2593 specie
411 2544 571 2582 diversa.
593 2545 670 2582 Sed
689 2546 761 2582 tale
782 2545 1006 2594 impartibile
1030 2546 1121 2583 nihil
1139 2548 1317 2596 prohibet

257 2597 423 2634 moveri:
450 2595 607 2634 intendit
634 2610 723 2646 ergo
758 2598 955 2635 excludere
985 2606 1133 2636 motum
1171 2601 1218 2637 ab
1246 2600 1316 2637 im-

257 2649 419 2698 partibili
447 2650 658 2687 secundum
686 2650 942 2699 quantitatem.

314 2703 348 2739 3.
378 2703 427 2739 Et
453 2702 541 2750 quia
561 2703 703 2740 dixerat
721 2705 825 2751 quod
851 2716 939 2752 pars
968 2712 1146 2741 movetur
1165 2705 1214 2742 ad
1233 2718 1315 2742 mo-

257 2761 340 2791 tum
378 2754 510 2802 totius,
546 2762 581 2791 et
609 2755 740 2804 aliquis
767 2764 896 2804 posset
928 2756 1051 2793 dicere
1090 2758 1192 2806 quod
1229 2771 1316 2806 pars

259 2807 362 2843 nullo
397 2808 516 2844 modo
545 2815 737 2854 movetur,
767 2808 956 2856 subiungit
975 2809 1079 2857 quod
1098 2818 1184 2846 sunt
1203 2811 1316 2859 aliqui

259 2866 386 2896 motus
410 2860 586 2908 partium,
615 2860 839 2909 inquantum
868 2868 954 2897 sunt
980 2869 1116 2910 partes,
1139 2863 1202 2911 qui
1231 2871 1318 2900 sunt

260 2912 399 2949 diversi
426 2925 448 2949 a
476 2921 584 2950 motu
612 2913 737 2960 totius,
766 2913 990 2961 inquantum
1019 2922 1074 2951 est
1101 2923 1229 2952 motus
1261 2923 1316 2953 to-

257 2964 343 3002 tius.
373 2966 422 3001 Et
448 2966 547 3002 hanc
575 2965 824 3003 differentiam
853 2967 985 3015 aliquis
1010 2967 1174 3004 maxime
1194 2977 1318 3017 potest

259 3017 499 3055 considerare
522 3018 561 3055 in
583 3026 691 3055 motu
715 3019 930 3067 sphaerico:
957 3020 1044 3068 quia
1072 3033 1150 3057 non
1175 3029 1229 3058 est
1258 3034 1317 3059 ea-

261 3069 351 3106 dem
368 3070 548 3107 velocitas
575 3071 738 3119 partium
759 3084 856 3120 quae
881 3081 1086 3110 moventur
1114 3073 1211 3110 circa
1231 3087 1316 3112 cen-

259 3129 381 3169 trum,
411 3130 447 3159 et
471 3123 633 3172 partium
662 3137 760 3172 quae
788 3132 874 3161 sunt
896 3131 1025 3172 extra,
1059 3125 1154 3163 idest
1184 3139 1317 3165 versus

261 3174 502 3222 superficiem
544 3176 766 3213 exteriorem
803 3178 1011 3226 sphaerae,
1050 3186 1085 3215 et
1121 3191 1219 3227 quae
1263 3188 1318 3217 est

262 3226 376 3263 etiam
403 3228 583 3265 velocitas
614 3229 744 3266 totius:
774 3242 817 3266 ac
846 3230 876 3266 si
908 3238 1034 3267 motus
1062 3231 1130 3267 iste
1159 3244 1238 3268 non
1273 3233 1318 3269 sit

261 3279 374 3316 unius
394 3281 460 3317 sed
480 3280 729 3318 diversorum.
752 3282 997 3319 Manifestum
1017 3290 1072 3319 est
1091 3284 1193 3320 enim
1213 3285 1317 3344 quod

261 3331 430 3368 velocius
459 3340 524 3379 est,
554 3334 657 3381 quod
685 3334 723 3370 in
751 3334 897 3382 aequali
921 3341 1094 3383 tempore
1121 3337 1319 3383 pertransit

263 3384 450 3421 maiorem
491 3386 801 3433 magnitudinem.
845 3387 948 3423 Dum
991 3395 1116 3424 autem
1158 3389 1318 3436 sphaera

263 3445 460 3484 movetur,
495 3437 736 3474 manifestum
769 3445 824 3475 est
852 3438 956 3487 quod
983 3439 1169 3476 maiorem
1203 3441 1318 3478 circu-

262 3489 344 3526 lum
363 3490 560 3538 pertransit
582 3503 669 3538 pars
694 3490 853 3527 exterior
881 3491 1062 3539 sphaerae
1088 3504 1203 3540 quam
1231 3505 1318 3541 pars

263 3541 435 3589 interior;
459 3543 562 3579 unde
581 3543 704 3579 maior
723 3550 778 3579 est
793 3544 974 3580 velocitas
992 3543 1107 3591 partis
1127 3545 1318 3582 exterioris

263 3607 380 3645 quam
399 3595 594 3632 interioris.
615 3597 766 3632 Tamen
779 3596 959 3633 velocitas
978 3596 1089 3633 totius
1110 3604 1163 3633 est
1183 3597 1317 3634 eadem

1350 2210 1352 2215 .
1368 2176 1441 2212 bile
1470 2176 1629 2213 moveri.
1641 2197 1665 2204 —

2349 287 2423 335 317

1366 376 1427 395 esse
1448 367 1634 404 impossibile.
1656 385 1675 390 -
1695 369 1722 396 6.
1745 369 1772 404 b)
1794 368 1824 396 Si
1851 374 1990 404 punctum
2019 373 2168 395 moveatur
2194 367 2353 395 secundum
2382 367 2427 394 lo-

1366 416 1453 442 cum,
1482 417 1542 435 non
1569 408 1750 452 pertransibit
1776 408 1854 444 prius
1887 407 2095 451 longitudinem
2127 406 2265 434 maiorem
2295 415 2342 440 se,
2370 406 2427 434 hoc

1366 446 1443 473 enim
1464 453 1538 474 esset
1552 453 1652 475 contra
1671 447 1813 475 rationem
1829 446 1956 481 mobilis3
1978 455 2031 474 nec
2046 446 2188 474 minorem
2210 455 2249 480 se,
2265 454 2331 473 cum
2352 454 2426 481 pun-

1366 491 1444 513 ctum
1475 485 1510 513 sit
1539 485 1727 521 indivisibile3
1751 487 1900 523 aequalem
1930 495 1998 522 ergo
2036 485 2089 513 sibi
2124 485 2202 521 prius
2232 484 2424 521 pertransibit.

1366 525 1443 552 Dum
1472 534 1540 561 ergo
1566 532 1697 553 movetur
1716 534 1767 562 per
1788 532 1878 553 totam
1899 525 2022 559 lineam,
2045 525 2144 552 omnia
2165 524 2224 552 eius
2246 530 2352 560 puncta
2372 533 2425 551 nu·

1366 563 1502 599 merabit;
1524 564 1599 592 linea
1626 574 1693 601 ergo
1721 574 1754 592 ex
1772 565 1885 600 punctis
1906 566 1979 592 esset
2003 564 2180 600 composita,
2202 564 2282 599 quod
2303 569 2345 591 est
2370 562 2426 591 im-

1365 603 1513 638 possibile:
1534 604 1611 631 unde
1639 613 1692 631 nec
1720 610 1859 640 punctum
1889 613 1942 632 nec
1971 603 2049 631 aliud
2079 603 2246 630 indivisibile
2278 602 2426 639 quidpiam

1366 642 1475 670 moveri
1495 649 1598 678 potest.
1621 659 1640 664 -
1668 653 1694 679 7.
1723 645 1748 678 c)
1780 643 1934 679 Supposita
1959 643 2060 670 eadem
2086 642 2247 676 velocitate,
2270 641 2299 669 in
2321 641 2427 669 minori

1365 687 1495 718 tempore
1516 682 1697 718 pertransibit
1715 682 1810 710 minus
1831 682 1938 710 mobile
1952 682 2070 719 aliquod
2085 682 2198 718 signum
2213 682 2322 716 datum,
2338 690 2426 717 quarn

1366 721 1458 749 maius
1479 721 1601 756 mobile3
1623 721 1691 758 quia
1719 731 1803 758 ergo,
1826 722 1848 749 si
1872 728 2010 758 punctum
2034 727 2197 756 moveatur,
2221 720 2272 748 erit
2298 720 2426 757 accipere

1365 766 1478 796 tempus
1497 760 1615 797 aliquod
1631 761 1725 788 minus
1748 767 1878 797 tempore
1899 761 1929 788 in
1953 770 2012 797 quo
2036 767 2175 795 movetur,
2198 760 2325 796 sequitur
2346 760 2427 796 quod

1365 799 1395 827 in
1423 799 1472 827 illo
1494 800 1600 828 minori
1625 806 1755 836 ternpore
1784 807 1932 828 moveatur
1953 800 2060 837 aliquid
2082 800 2176 827 minus
2198 806 2323 835 punct03
2346 800 2426 836 quod

1366 845 1408 867 est
1430 839 1616 875 impossibile.
1638 840 1739 867 Solum
1769 849 1837 876 ergo
1861 840 1916 867 hoc
1941 840 2030 867 modo
2052 839 2222 867 indivisibile
2243 845 2341 874 posset
2362 848 2427 866 mo-

1365 878 1441 913 veri,
1463 879 1487 906 si
1508 885 1581 906 esset
1595 879 1730 915 possibile
1751 879 1861 915 aliquid
1882 879 1990 907 moveri
2007 879 2038 906 in
2059 888 2133 906 nunc
2155 877 2331 906 indivisibili:
2354 878 2426 905 sicut

1365 917 1442 945 enim
1463 918 1493 945 in
1516 918 1572 946 hoc
1600 927 1667 946 casu
1694 928 1754 946 non
1775 925 1848 946 esset
1869 918 1996 954 accipere
2017 918 2124 954 aliquid
2142 917 2236 945 minus
2256 917 2318 953 ipso
2341 926 2429 951 nunc,

1365 957 1403 984 ita
1432 967 1493 985 non
1521 964 1667 993 oporteret
1687 957 1815 994 accipere
1836 957 1945 994 aliquid
1971 957 2066 985 minus
2087 957 2151 994 ipso
2180 956 2288 984 mobili.
2318 957 2374 984 Sed
2395 956 2426 984 in

1366 1005 1441 1024 nunc
1462 1003 1558 1024 motus
1579 996 1640 1024 fieri
1661 998 1769 1034 nequit.

1365 1134 1453 1158 cum
1484 1122 1682 1159 velocitate
1717 1122 1900 1159 interioris
1929 1130 1965 1159 et
1994 1125 2013 1144 ᾧ
2043 1123 2233 1159 exterioris
2256 1122 2423 1171 partis.-

1365 1175 1438 1211 Ista
1457 1182 1583 1210 autem
1605 1175 1799 1211 diversitas
1828 1182 2004 1212 motuum
2029 1175 2266 1223 intelligenda
2290 1182 2345 1211 est
2367 1178 2424 1211 se-

1366 1227 1533 1264 cundum
1558 1227 1662 1275 quod
1689 1227 1859 1275 partibus
1879 1228 2045 1264 continui
2066 1228 2242 1264 convenit
2261 1227 2424 1274 moveri,

1365 1279 1504 1316 scilicet
1517 1279 1555 1316 in
1569 1280 1747 1328 potentia.
1761 1280 1871 1316 Unde
1891 1287 1975 1316 actu
1992 1288 2046 1317 est
2059 1293 2158 1316 unus
2173 1288 2299 1317 motus
2315 1279 2427 1316 totius

1366 1339 1402 1369 et
1431 1332 1612 1381 partium:
1642 1332 1709 1369 sed
1727 1332 1895 1381 potentia
1923 1340 2009 1369 sunt
2041 1333 2178 1369 diversi
2198 1341 2323 1369 motus
2342 1345 2426 1380 par-

1365 1385 1471 1431 tium,
1493 1392 1530 1421 et
1548 1385 1596 1422 ad
1615 1385 1791 1432 invicem,
1813 1392 1849 1422 et
1868 1397 1890 1421 a
1909 1393 2017 1422 motu
2045 1385 2168 1422 totius.
2190 1386 2238 1421 Et
2258 1385 2310 1421 sic
2339 1397 2426 1421 cum

1367 1437 1499 1474 dicitur
1516 1450 1603 1486 pars
1623 1438 1771 1475 moveri
1789 1450 1858 1486 per
1876 1438 2051 1475 accidens
2071 1438 2118 1474 ad
2133 1445 2281 1474 motum
2301 1437 2426 1484 totius,

1367 1498 1423 1527 est
1450 1491 1531 1527 tale
1549 1503 1619 1539 per
1643 1491 1829 1538 accidens,
1851 1490 1955 1539 quod
1983 1498 2038 1527 est
2065 1491 2103 1527 in
2130 1490 2298 1539 potentia
2318 1490 2338 1510 ⁵¹¹
2359 1502 2427 1538 per

1367 1555 1423 1579 se:
1453 1544 1558 1592 quod
1585 1555 1663 1580 non
1684 1551 1740 1580 est
1768 1543 1815 1580 de
1843 1550 1951 1580 motu
1978 1556 2047 1592 per
2075 1543 2267 1589 accidens,
2294 1555 2427 1579 secun-

1368 1596 1461 1632 dum
1493 1596 1598 1644 quod
1632 1595 1805 1633 dicuntur
1846 1596 2053 1633 accidentia
2085 1596 2148 1633 vel
2180 1596 2326 1633 formae
2358 1608 2428 1644 per

1367 1648 1543 1685 accidens
1571 1649 1730 1686 moveri.

1419 1713 1455 1747 4.
1484 1701 1611 1738 Posita
1630 1701 1738 1749 igitur
1758 1701 1992 1738 distinctione
2013 1701 2093 1737 eius
2113 1701 2217 1749 quod
2237 1707 2424 1746 movetur,

1369 1754 1526 1802 explicat
1546 1766 1654 1790 suam
1678 1754 1937 1791 intentionem.
1959 1755 2007 1790 Et
2027 1753 2115 1790 dicit
2142 1754 2245 1801 quod
2265 1753 2302 1790 id
2323 1753 2427 1802 quod

1369 1814 1423 1842 est
1442 1806 1666 1854 impartibile
1687 1808 1897 1843 secundum
1924 1806 2180 1855 quantitatem,
2201 1813 2325 1855 potest
2343 1818 2427 1842 mo-

1367 1858 1448 1895 veri
1481 1859 1636 1907 quidem
1670 1859 1718 1896 ad
1746 1867 1896 1896 motum
1930 1859 2097 1908 corporis
2130 1872 2199 1908 per
2231 1859 2426 1896 accidens:

1368 1923 1446 1948 non
1479 1919 1660 1961 tanquam
1688 1924 1793 1961 pars,
1822 1912 1910 1961 quia
1938 1913 2040 1948 nulla
2069 1912 2288 1959 magnitudo
2324 1924 2427 1948 corn-

1367 1964 1520 2012 ponitur
1548 1977 1593 2001 ex
1621 1964 1921 2011 indivisibilibus,
1941 1972 1982 2001 ut
2007 1972 2201 2001 ostensum
2231 1972 2286 2001 est
2304 1965 2339 2010 *;
2361 1964 2464 2001 sed

1368 2017 1462 2054 sicut
1490 2025 1668 2055 movetur
1686 2017 1826 2067 aliquid
1846 2019 1865 2039 ‘³³
1891 2018 1939 2054 ad
1967 2025 2116 2054 motum
2146 2017 2294 2054 alterius
2323 2017 2465 2066 quod

1368 2083 1446 2107 non
1463 2078 1518 2107 est
1533 2082 1622 2119 pars
1642 2070 1734 2118 eius,
1751 2070 1845 2107 sicut
1863 2070 1999 2107 sedens
2019 2070 2057 2107 in
2076 2070 2164 2107 navi
2184 2077 2361 2107 movetur
2379 2070 2428 2107 ad

1369 2130 1517 2160 motum
1546 2123 1665 2160 navis.
1697 2124 1772 2160 Sed
1791 2136 1860 2172 per
1888 2135 1928 2160 se
1957 2135 2035 2160 non
2055 2123 2233 2171 contingit
2260 2123 2426 2172 imparti-

1682 2177 1767 2213 Hoc
1787 2184 1914 2213 autem
1934 2176 2037 2213 idem
2058 2189 2171 2225 supra
2197 2177 2216 2197 '¹‘
2238 2176 2426 2224 probavit,

1369 2241 1448 2265 non
1467 2241 1512 2264 ex
1529 2228 1724 2277 principali
1748 2229 1966 2276 intentione,
1987 2229 2054 2266 sed
2073 2229 2290 2266 incidenter.
2316 2229 2427 2266 Unde

1368 2288 1517 2329 praeter
1545 2281 1730 2318 rationem
1759 2294 1873 2330 supra
1909 2282 2088 2330 positam,
2117 2281 2178 2318 hic
2209 2281 2329 2329 magis
2368 2294 2428 2318 ex-

1368 2334 1482 2382 plicat
1512 2333 1730 2381 veritatem,
1770 2341 1805 2370 et
1837 2334 2000 2371 rationes
2037 2334 2141 2371 addit
2169 2334 2342 2371 efficaces
2380 2334 2429 2371 ad

1369 2386 1607 2435 propositum
1637 2387 1928 2423 ostendendum.

1428 2441 1458 2476 5.
1481 2439 1629 2476 Deinde
1659 2451 1746 2476 cum
1776 2439 1880 2476 dicit:
1909 2440 2081 2476 Mutetur
2108 2439 2206 2476 enim
2235 2447 2318 2488 etc.,
2343 2452 2430 2488 pro-

1370 2493 1434 2529 bat
1460 2492 1699 2541 propositum
1719 2492 1837 2528 tribus
1865 2492 2084 2529 rationibus.
2106 2492 2279 2538 Quarum
2306 2493 2431 2540 prima

1369 2545 1451 2581 talis
1480 2552 1545 2582 est.
1568 2545 1608 2582 Si
1634 2552 1797 2593 ponatur
1833 2545 1937 2593 quod
1969 2544 2194 2593 impartibile
2232 2552 2429 2592 movetur,

1371 2605 1571 2634 moveatur
1592 2610 1636 2634 ex
1664 2598 1730 2634 AB
1751 2597 1788 2634 in
1816 2598 1894 2634 BC.
1914 2598 1998 2634 Nec
2027 2597 2150 2634 differt
2169 2605 2352 2646 quantum
2382 2597 2429 2634 ad

1370 2651 1468 2687 hanc
1488 2651 1686 2698 rationem,
1701 2658 1828 2687 utrum
1847 2650 1916 2687 ista
1938 2651 2026 2696 duo,
2048 2650 2186 2686 scilicet
2204 2651 2270 2686 AB
2293 2657 2329 2686 et
2347 2650 2429 2696 BC,

2452 1132 2585 1154 'interioris
2599 1135 2624 1155 et

2453 1165 2500 1180 om.
2515 1159 2584 1181 codd.

2455 1501 2464 1509 “
2479 1499 2513 1520 ad
2522 1500 2574 1522 add.
2588 1507 2613 1522 n.

2479 1977 2543 1999 Lect.
2551 1983 2567 2004 1
2578 1983 2643 2005 seqq.

2480 2029 2572 2057 aliquid
2592 2036 2641 2051 om.

2455 2055 2523 2103 0οὲιά
2535 2062 2584 2077 cxc.
2595 2060 2641 2077 net

2454 2087 2469 2103 a

2455 2187 2464 2196 ¹
2480 2187 2543 2208 Lect.
2551 2193 2573 2214 v,
2584 2193 2607 2208 n.
2617 2193 2649 2208 10.

1371 2703 1443 2740 sint
1463 2704 1559 2740 duae
1579 2703 1868 2751 magnitudines,
1889 2702 1969 2740 sive
1990 2703 2066 2740 duo
2086 2703 2182 2750 loca,
2202 2710 2244 2739 ut
2266 2703 2304 2739 in
2323 2710 2431 2739 motu
2466 2727 2468 2729 -

1371 2756 1479 2793 locali
1505 2764 1540 2793 et
1569 2756 1760 2804 augmenti
1789 2763 1825 2792 et
1853 2756 2104 2801 decrementi;
2134 2756 2197 2792 vel
2227 2755 2324 2792 duae
2351 2767 2431 2803 spe-

1371 2809 1455 2855 cies,
1477 2809 1571 2846 idest
1600 2809 1698 2846 duae
1726 2809 1941 2856 qualitates,
1971 2809 2066 2845 sicut
2093 2808 2131 2844 in
2163 2816 2275 2851 motu·
2300 2809 2430 2844 altera-

1371 2862 1499 2907 tionis;
1527 2862 1590 2898 vel
1619 2861 1690 2898 sint
1711 2863 1730 2883 ’³³
1751 2862 1827 2898 duo
1857 2861 2142 2898 contradictorie
2172 2861 2361 2909 opposita,
2391 2869 2432 2897 ut

1371 2915 1409 2951 in
1437 2914 1677 2962 generatione
1707 2922 1743 2951 et
1768 2914 2020 2963 corruptione.
2041 2915 2090 2950 Et
2118 2913 2162 2950 sit
2188 2922 2339 2962 tempus
2360 2915 2429 2950 ED

1371 2967 1409 3004 in
1437 2980 1514 3015 quo
1544 2967 1684 3016 aliquid
1712 2975 1877 3004 mutatur
1906 2968 1952 3004 de
1980 2980 2058 3004 uno
2086 2966 2247 3003 termino
2277 2967 2315 3003 in
2343 2968 2431 3003 alte-

1372 3033 1456 3057 rum
1478 3021 1618 3068 primo,
1640 3020 1735 3057 idest
1753 3032 1832 3056 non
1860 3020 2004 3056 ratione
2023 3019 2149 3068 partis.
2172 3021 2214 3056 In
2242 3020 2316 3056 hoc
2341 3016 2429 3066 ergo

1371 3081 1543 3121 tempore
1573 3085 1727 3109 necesse
1757 3081 1812 3109 est
1840 3073 1943 3121 quod
1971 3073 2008 3110 id
2037 3073 2142 3121 quod
2169 3080 2346 3119 mutatur,
2368 3079 2432 3108 aut

1371 3126 1417 3163 sit
1444 3126 1482 3162 in
1509 3126 1588 3172 AB,
1609 3125 1703 3162 idest
1731 3125 1750 3147 *
1779 3126 1817 3162 in
1845 3125 2005 3162 termino
2035 3138 2057 3161 a
2077 3138 2170 3174 quo;
2195 3133 2259 3161 aut
2285 3125 2323 3161 in
2351 3125 2428 3171 BC,

1371 3178 1467 3215 idest
1494 3179 1530 3214 in
1558 3178 1721 3215 termino
1751 3178 1800 3215 ad
1837 3190 1974 3226 quem;
2004 3185 2067 3214 aut
2096 3177 2235 3225 aliquid
2269 3177 2348 3213 eius
2377 3184 2432 3212 est

1371 3231 1410 3267 in
1437 3244 1514 3267 uno
1543 3231 1717 3277 termino,
1739 3231 1810 3267 alia
1829 3243 1922 3267 vero
1942 3242 2029 3278 pars
2059 3229 2137 3266 eius
2163 3237 2218 3265 est
2242 3229 2280 3265 in
2299 3229 2428 3265 altero.

1373 3284 1501 3320 Omne
1522 3284 1623 3320 enim
1650 3284 1754 3332 quod
1782 3290 1966 3329 mutatur,
1996 3289 2144 3330 oportet
2171 3281 2276 3328 quod
2304 3281 2429 3328 aliquo

1373 3337 1510 3372 horum
1539 3336 1651 3372 trium
1685 3335 1891 3372 modorum
1911 3347 1950 3370 se
1979 3335 2127 3380 habeat,
2155 3334 2249 3370 sicut
2277 3346 2390 3382 supra
2411 3334 2431 3355 *
2458 3342 2467 3351 ‘

1373 3388 1515 3425 dictum
1544 3396 1610 3425 est.
1632 3389 1723 3424 Non
1743 3395 1869 3424 autem
1888 3394 2011 3434 potest
2031 3386 2110 3423 dari
2139 3386 2289 3422 tertium
2309 3398 2430 3423 mem-

1373 3441 1496 3488 brum,
1517 3441 1654 3477 scilicet
1682 3440 1786 3488 quod
1814 3439 1859 3476 sit
1887 3439 1924 3475 in
1947 3446 2109 3487 utroque
2137 3440 2347 3476 secundum
2377 3439 2430 3475 di—

1371 3495 1507 3530 versas'
1529 3501 1654 3541 partes
1683 3492 1755 3528 sui:
1777 3492 1864 3540 quia
1885 3491 1937 3528 sic
1961 3499 2181 3539 sequeretur
2199 3491 2304 3540 quod
2334 3499 2431 3528 esset

1372 3545 1554 3593 partibile,
1576 3553 1612 3581 et
1639 3545 1804 3593 positum
1834 3551 1913 3580 erat
1940 3544 2044 3592 quod
2065 3551 2162 3581 esset
2190 3544 2467 3594 impartibile.

1374 3598 1451 3634 Sed
1472 3599 1492 3619 ‘³²
1511 3597 1678 3634 similiter
1707 3609 1784 3633 non
1811 3604 1935 3645 potest
1963 3597 2042 3634 dari
2071 3597 2280 3634 secundum
2309 3609 2429 3634 mem-

2459 2874 2468 2883 ·
2479 2873 2538 2894 sicut
2544 2872 2609 2899 rzab,
2621 2879 2668 2894 om.

2458 2905 2526 2920 nsua.

2458 3132 2467 3141 ·
2482 3131 2571 3153 scilicet
2583 3138 2671 3159 anuq

2458 3158 2541 3179 nrxab.

2458 3373 2472 3389 n
2490 3341 2551 3389 hec-t.
2560 3343 2657 3369 praeced
2663 3359 2669 3364 .

2459 3584 2517 3605 'Si
2535 3590 2591 3611 Axv,
2615 3590 2663 3606 om.

2458 3614 2500 3632 cet.
2517 3616 2565 3631 e.xc
2581 3601 2596 3631 ι’.
