2898 3996
747 330 811 350 cAP.
833 331 873 351 vx.

616 389 755 417 LECTIO
777 389 1005 418 DUODECIMA

277 453 334 480 Per
354 451 494 489 principia
516 452 663 481 moventia
690 461 738 488 se,
767 462 840 490 quae
869 454 1044 491 quandoque
1073 459 1139 481 sunt

339 497 367 519 et
380 492 556 529 quandoque
571 501 632 520 non
646 498 727 528 sunt,
750 493 910 521 ostenditur
930 493 1055 529 primum
1076 501 1140 520 mo-

338 539 409 559 vens
429 540 524 568 neque
544 540 597 568 per
617 540 646 559 se
674 540 768 568 neque
788 541 840 568 per
860 531 992 560 accidens
1014 531 1138 566 moveri,

339 570 391 598 sed
411 579 474 599 esse
493 577 666 607 perpetuum
687 577 715 600 et
731 579 827 598 unum
835 591 1140 599 ...........

585 636 725 664 LECTIO
747 636 1035 664 DECIMATERTIA

280 700 449 730 Ostenditur
461 701 589 738 primum
602 711 722 730 movens
739 711 801 730 esse
817 707 987 738 perpetuum
1002 707 1030 728 et
1043 700 1138 728 omni-

339 750 379 769 no
399 741 562 776 immobile,
585 741 697 770 ratione
717 747 834 777 sumpta
851 749 887 768 ex
906 739 1054 776 principiis
1074 749 1138 768 mo-

339 779 509 808 ventibus.-
520 780 689 808 Ostenditur
709 780 827 815 insuper
846 780 926 815 quod
946 779 1055 815 primus
1074 788 1139 807 mo-

339 825 385 847 tus
406 825 449 848 est
469 818 659 856 sempiternus
683 839 1136 847 ................

737 898 802 918 CAP-
825 898 874 918 vn.

577 938 716 984 LECle
738 956 1043 990 DECIMAQUARTA

276 1013 426 1058 Multiplici
445 1012 556 1058 ratione
584 1013 744 1042 ostenditur
764 1014 844 1050 quod
869 1013 925 1042 loci
952 1006 1073 1042 inutatio
1095 1019 1137 1042 est

336 1062 430 1090 prima
449 1059 524 1081 mter
544 1062 645 1081 omnes
666 1059 762 1082 motus
771 1074 1135 1081 .............

579 1119 718 1148 LECTIO
740 1120 1032 1154 DECIMAQUINTA

277 1179 379 1207 Nullus
399 1185 496 1207 motus
511 1186 624 1216 praeter
644 1179 765 1208 localem
786 1185 881 1216 potest
901 1188 963 1207 esse
983 1179 1137 1208 continuus

338 1225 366 1246 et
385 1225 540 1255 perpetuus
559 1240 1134 1247 ....................

733 1300 797 1320 CAP.
819 1300 881 1320 vm.

590 1352 730 1380 LECTIO
752 1351 1023 1380 DECIMASEXTA

277 1417 508 1446 Demonstrative
533 1417 693 1446 ostenditur
720 1418 800 1454 quod
825 1418 903 1446 nulla
929 1417 986 1446 loci
1015 1413 1136 1446 mutatio

334 1462 431 1493 potest
450 1465 512 1485 esse
533 1457 670 1485 continua
690 1463 718 1485 et
737 1463 876 1493 perpetua
900 1457 955 1485 nisi
981 1457 1133 1486 circularis.

570 1522 711 1550 LECTIO
732 1522 1043 1550 DECIMASEPTIMA

274 1581 319 1608 Ex
339 1579 420 1608 dictis
447 1580 478 1608 in
497 1580 679 1616 praecedenti
706 1580 827 1608 lectione
853 1580 1002 1608 solvuntur
1023 1580 1135 1609 dubita-

337 1618 431 1648 tiones
451 1620 593 1657 quaedam
621 1641 1133 1648 ..................

1283 246 1446 283 INDEX

1178 577 1251 608 pag.
1279 578 1336 606 4⁰7

1198 1230 1213 1245 2>

1197 1631 1212 1646 ὓ

1276 829 1330 855 41.1

1275 1052 1332 1087 415

1275 1227 1334 1255 420

1274 1458 1330 1493 423

1273 1627 1331 1656 427

1690 326 1828 354 LECTIO
1850 327 2153 355 DECIMAOCTAVA

1394 380 1561 410 Rationibus
1588 382 1686 428 logicis
1714 384 1872 412 ostenditur
1899 385 1979 421 quod
2006 391 2101 413 motus
2128 384 2249 413 reflexus

1452 429 1513 448 non
1533 427 1575 449 est
1596 429 1747 451 continuus
1765 445 2245 452 .................

1857 491 1920 510 εΑΡ.
1943 491 1982 510 lx.

1713 535 1852 563 LECTIO
1874 536 2126 563 DECIMANONA

1392 590 1446 618 Per
1465 591 1590 620 rationes
1610 592 1740 629 proprias
1762 593 1921 621 ostenditur
1941 595 2021 630 quod
2042 600 2137 622 motus
2158 594 2248 622 circu-

1450 630 1517 658 laris
1537 637 1631 667 potest
1652 641 1712 660 esse
1734 633 1923 661 continuus.-
1937 634 2007 661 Item
2028 634 2108 669 quod
2128 640 2170 661 est
2190 633 2247 669 pri-

1450 678 1515 698 mus
1536 677 1668 699 motuum
1676 692 2246 700 ....................

1747 731 1887 759 LECTIO
1908 732 2087 759 VIGESIMA

1390 782 1445 809 Per
1464 781 1589 810 rationes
1609 782 1715 819 logicas
1743 789 1770 810 et
1791 792 1959 811 communes
1986 783 2146 811 ostenditur
2166 783 2246 820 quod

1450 827 1546 849 motus
1567 821 1710 850 circularis
1732 829 1774 850 est
1794 822 1946 862 continuus
1967 829 1995 850 et
2012 823 2130 859 primus.
2143 839 2161 844 -
2176 823 2246 850 Item

1448 869 1500 896 per
1513 860 1664 897 opiniones
1685 861 1869 898 antiquorum
1889 861 2129 898 philosophorum
2150 868 2246 889 osten-

1417 915 1423 920 ·
1450 899 1524 927 ditur
1546 901 1625 936 quod
1645 907 1740 929 motus
1761 901 1858 929 localis
1880 901 1915 928 sit
1935 901 2043 937 primus
2065 907 2212 929 motuum.
2237 922 2243 928 .

1855 975 1919 995 CAP.
1941 975 1970 994 x.

1689 1018 1828 1046 LECTIO
1849 1019 2145 1047 VIGESIMAPRIMA

1389 1068 1556 1096 Ostenditur
1577 1070 1656 1106 quod
1677 1079 1796 1098 movens
1817 1071 1928 1099 finitum
1956 1072 2113 1099 secundum
2141 1077 2244 1108 poten-

1447 1107 1527 1143 tiam,
1542 1117 1602 1136 non
1616 1115 1710 1145 potest
1728 1119 1843 1137 movere
1862 1119 1913 1146 per
1932 1116 2045 1147 tempus
2065 1110 2246 1138 infinitum.-

1448 1147 1519 1174 Item
1540 1148 1620 1183 quod
1634 1147 1663 1175 in
1678 1148 1873 1185 magnitudine
1894 1149 1974 1178 finita
1994 1159 2055 1178 non
2075 1156 2170 1186 potest
2183 1158 2245 1178 esse

1447 1186 1578 1222 potentia
1597 1186 1723 1222 infinita,
1752 1197 1844 1224 neque
1868 1188 1899 1216 in
1919 1189 2114 1225 magnitudine
2135 1189 2246 1217 infinita

1447 1225 1576 1262 potentia
1596 1226 1676 1254 finita
1701 1247 2243 1256 ...................

1659 1286 1799 1313 LECTIO
1820 1283 2176 1314 VIGESIMASECUNDA

1388 1343 1556 1372 Ostenditur
1577 1344 1656 1380 quod
1676 1351 1793 1380 propter
1816 1345 2006 1373 diversitatem
2025 1352 2181 1381 motorum,
2196 1346 2245 1374 de-

1447 1383 1506 1411 ficit
1526 1383 1698 1412 continuitas
1717 1384 1762 1412 vel
1781 1384 1875 1412 unitas
1896 1391 2002 1420 motus,
2023 1384 2053 1413 in
2074 1385 2245 1422 quibusdam

1447 1431 1520 1459 quae
1541 1422 1672 1451 videntur
1693 1423 1828 1451 continue
1849 1424 1959 1452 moveri
1969 1445 2243 1452 ..........

1674 1483 1813 1510 LECTIO
1834 1483 2155 1511 VIGESIMATERTIA

1387 1542 1511 1570 Ostensa
1523 1542 1632 1570 unitate
1645 1541 1731 1578 primi
1751 1542 1881 1578 motoris,
1897 1552 1914 1571 a
1928 1552 1986 1580 quo
2001 1550 2044 1571 est
2057 1550 2153 1572 motus
2168 1553 2243 1572 sem-

1445 1591 1497 1618 per
1517 1581 1669 1615 continuus
1690 1588 1718 1609 et
1737 1582 1897 1617 uniformis,
1918 1583 2098 1611 concluditur
2117 1583 2243 1620 primum
2261 1594 2263 1596 ’

1447 1630 1566 1649 movens
1586 1621 1695 1649 nullam
1719 1621 1824 1649 habere
1844 1622 1930 1658 p‘osse
1955 1622 2190 1660 magnitudinem.
2234 1644 2240 1651 .

2370 253 2447 298 463

2283 423 2367 464 pag.²
2387 425 2443 460 433

2307 1239 2322 1254 »

2307 1436 2321 1451 »

2305 1634 2320 1650 2

2383 1426 2442 1460 452

2380 1624 2438 1658 455
