2898 3996
1106 306 1216 342 CAP.
1247 306 1278 353 I,
1308 305 1458 342 LECT.
1489 307 1521 342 II

241 384 346 433 quod
366 383 517 431 dixerat,
539 384 728 432 subiungit
745 383 850 433 quod
869 391 995 420 motus
1018 395 1179 420 numero
1199 395 1297 419 unus

243 444 297 474 est
324 448 370 472 ex
398 436 536 473 eodem
564 437 603 473 in
631 437 745 483 idem,
771 436 865 473 sicut
893 449 937 472 ex
963 438 1034 472 hoc
1061 435 1162 481 albo,
1193 435 1296 483 quod

241 489 424 536 significat
450 501 571 526 unum
609 501 791 535 numero,
820 489 859 525 in
886 490 956 525 hoc
992 489 1166 537 nigrum,
1193 486 1297 535 quod

241 541 353 578 etiam
382 541 553 578 nominat
580 541 722 590 aliquid
758 541 860 578 idem
888 552 1071 590 numero,
1101 547 1137 575 et
1164 551 1295 575 secun-

241 594 333 631 dum
351 595 422 630 hoc
449 599 591 642 tempus
620 593 928 640 determinatum,
953 593 1056 640 quod
1076 591 1188 628 etiam
1205 592 1224 612 Ψ
1243 599 1297 628 est

238 659 360 683 unum
394 658 577 683 numero:
615 646 703 695 quia
735 645 766 682 si
798 652 895 682 esset
922 651 1048 680 motus
1084 643 1295 680 secundum

240 699 341 736 aliud
377 705 545 747 tempus,
574 698 659 734 licet
685 697 863 745 aequale,
893 708 972 732 non
1001 703 1097 732 esset
1131 708 1294 732 numero

237 764 349 799 unus,
369 751 437 788 sed
464 750 589 799 specie
611 757 768 786 tantum.
790 748 867 785 Sed
886 755 1012 784 motus
1041 755 1095 784 est
1113 760 1212 784 unus
1230 760 1295 798 ge-

239 817 339 850 nere,
369 803 432 852 qui
452 810 507 839 est
523 803 562 839 in
590 801 727 838 eodem
749 800 1069 849 praedicamento,
1094 801 1156 837 vel
1173 802 1192 822 ’Ψ
1208 802 1294 837 sub-

240 856 396 894 stantiae
423 855 485 892 vel
522 850 796 900 cuiuscumque
828 853 976 889 alterius
1004 853 1170 900 generis;
1201 853 1296 890 sicut

239 908 363 946 omnis
399 906 589 954 generatio
623 905 850 942 substantiae
880 913 934 941 est
963 906 1097 942 eadem
1135 917 1293 953 genere,

239 969 274 998 et
301 959 425 996 omnis
452 957 619 995 alteratio
639 957 816 994 similiter.
839 957 916 994 Sed
940 964 1066 994 motus
1095 965 1150 994 est
1175 958 1295 1005 specie

236 1024 355 1059 unus,
386 1011 448 1060 qui
478 1018 534 1047 est
566 1022 611 1047 ex
639 1010 777 1047 eodem
814 1010 1023 1046 secundum
1062 1010 1228 1057 speciem
1256 1010 1295 1046 in

236 1064 340 1102 idem
369 1063 580 1100 secundum
599 1062 781 1111 speciem;
811 1062 907 1099 sicut
929 1061 1053 1098 omnis
1074 1062 1292 1109 denigratio,

200 1138 202 1140 v
239 1129 337 1165 quae
366 1123 420 1153 est
449 1128 494 1152 ex
521 1116 608 1152 albo
636 1115 676 1152 in
703 1115 869 1162 nigrum,
900 1121 955 1150 est
982 1115 1118 1151 eadem
1146 1114 1291 1162 specie,

239 1177 276 1206 et
303 1168 427 1206 omnis
455 1168 697 1216 depravatiO,
726 1179 824 1215 quae
853 1174 909 1203 est
936 1179 980 1203 ex
1016 1167 1120 1203 bono
1147 1166 1187 1203 in
1214 1179 1294 1203 ma-

237 1223 329 1258 lum.
350 1222 400 1258 Et
416 1222 511 1258 haec
541 1220 652 1257 etiam
667 1219 706 1257 in
735 1220 864 1268 quinto
887 1220 907 1240 '¹‘
926 1219 1024 1256 dicta
1051 1226 1148 1256 sunt.

292 1273 360 1310 His
379 1273 488 1321 igitur
509 1273 658 1309 duobus
678 1271 890 1320 suppositis,
903 1271 1040 1308 scilicet
1059 1271 1163 1320 quod
1183 1271 1295 1308 simul

238 1333 416 1363 movetur
435 1333 472 1362 et
490 1327 651 1362 'movens
671 1332 707 1361 et
725 1331 886 1371 motum,
913 1332 949 1360 et
970 1324 1073 1372 quod
1093 1331 1217 1372 potest
1236 1336 1295 1360 ac-

239 1378 311 1427 cipi
340 1385 466 1415 motus
493 1377 786 1426 uniuscuiusque
815 1377 1014 1413 mobilium
1042 1384 1222 1425 tanquam
1251 1377 1294 1413 fi-

239 1431 337 1467 nitus
353 1438 389 1467 et
401 1443 516 1476 unus;
532 1430 735 1478 accipiatur
753 1437 879 1466 motus
898 1429 1009 1466 huius
1024 1429 1173 1466 mobilis
1189 1429 1295 1478 quod

241 1490 296 1519 est
313 1485 359 1530 A,
378 1491 413 1520 et
432 1483 478 1520 sit
495 1483 528 1519 E
542 1481 575 1528 ¹⁹3
597 1490 634 1519 et
651 1489 778 1519 motus
797 1481 913 1530 ipsius
932 1482 962 1518 B
983 1481 1028 1518 sit
1046 1482 1093 1528 Z,
1115 1489 1151 1518 et
1169 1489 1295 1518 motus

241 1536 308 1572 CD
336 1542 372 1571 et
398 1535 572 1571 omnium
601 1534 912 1582 consequentium
936 1533 982 1570 sit
1009 1535 1061 1570 IT
1076 1539 1102 1570 ⁷.
1123 1535 1295 1582 Tempus

239 1595 366 1624 autem
394 1587 431 1624 in
451 1600 527 1635 quo
556 1595 732 1624 movetur
750 1589 795 1633 A,
818 1586 863 1622 sit
882 1587 926 1623 K.
955 1587 1030 1623 Sed
1059 1587 1146 1635 quia
1169 1594 1295 1623 motus

238 1639 355 1688 ipsius
373 1641 407 1676 A
428 1647 483 1676 est
501 1640 775 1685 determinatus,
796 1639 891 1676 idest
909 1639 1047 1685 finitus,
1070 1639 1180 1675 etiam
1201 1646 1294 1676 tem-

237 1704 309 1740 pus
337 1692 375 1728 in
403 1705 479 1740 quo
510 1700 564 1728 est
591 1692 657 1728 iste
686 1699 824 1740 motus,
851 1691 990 1728 scilicet
1018 1693 1063 1738 K,
1093 1699 1148 1727 est
1176 1692 1294 1728 deter-

238 1744 424 1781 minatum
453 1751 489 1781 et
515 1757 594 1781 non
621 1744 830 1780 infinitum:
860 1743 947 1792 quia
975 1743 1069 1780 sicut
1096 1744 1135 1780 in
1153 1752 1256 1780 sexto
1275 1745 1295 1765 Ψ

176 1817 182 1823 -
238 1804 432 1833 ostensum
452 1804 518 1843 est,
539 1797 688 1833 finitum
718 1804 753 1833 et
772 1796 960 1833 infinitum
986 1796 1097 1832 simul
1114 1798 1133 1817 Ψ
1149 1796 1293 1833 inveni-

236 1857 296 1885 tur
321 1849 361 1886 in
387 1856 558 1898 tempore
588 1856 624 1885 et
655 1856 773 1885 motu.
803 1849 861 1885 Ex
890 1848 995 1885 dictis
1024 1855 1151 1886 autem
1178 1857 1291 1897 patet,

236 1901 341 1949 quod
359 1901 398 1937 in
417 1901 555 1938 eodem
574 1908 746 1949 tempore
774 1901 812 1937 in
836 1913 912 1950 quo
942 1909 1121 1938 movetur
1139 1903 1189 1948 A,
1211 1914 1293 1938 mo-

234 1961 344 1990 vetur
359 1954 379 1975 *
394 1960 428 1990 et
455 1955 498 2000 B,
521 1960 556 1990 et
575 1953 703 1990 omnia
722 1953 807 1990 alia:
838 1965 926 2001 ergo
951 1961 1078 1990 motus
1104 1954 1289 2002 omnium,

235 2006 300 2054 qui
329 2014 384 2043 est
411 2007 554 2053 EZIT,
587 2012 641 2042 est
670 2006 709 2042 in
745 2013 918 2054 tempore
955 2006 1073 2042 finito.
1113 2006 1190 2043 Sed
1226 2006 1294 2043 iste

235 2066 362 2095 motus
391 2052 446 2095 es‘t
463 2058 641 2104 infinitus,
664 2071 751 2095 cum
782 2058 827 2094 sit
850 2058 1094 2095 infinitorum.
1115 2059 1217 2106 Ergo
1237 2072 1296 2096 se-

237 2118 371 2159 quetur
390 2110 494 2159 quod
513 2118 640 2147 motus
659 2111 828 2147 infinitus
849 2110 894 2147 sit
912 2110 951 2147 in
969 2118 1141 2159 tempore
1165 2111 1292 2158 finito;

237 2162 341 2211 quod
370 2169 425 2199 est
451 2162 694 2211 impossibile.
723 2163 808 2199 Hoc
836 2170 963 2199 autem
996 2163 1081 2199 ideo
1111 2163 1294 2212 sequitur,

237 2215 326 2263 quia
343 2215 383 2251 in
401 2227 476 2263 quo
496 2222 669 2263 tempore
685 2222 863 2251 movetur
881 2217 927 2262 A,
943 2223 1147 2251 moventur
1165 2216 1294 2252 omnia

237 2267 321 2314 alia,
341 2279 438 2315 quae
459 2274 544 2303 sunt
562 2267 706 2304 infinita
725 2279 897 2304 numero.
918 2268 1002 2303 Nec
1022 2267 1145 2304 differt
1173 2280 1291 2316 quan-

236 2327 318 2356 tum
337 2319 386 2356 ad
395 2319 633 2368 propositum
647 2319 821 2368 pertinet,
837 2327 964 2356 utrum
979 2327 1106 2356 motus
1121 2320 1293 2357 omnium

236 2371 435 2408 mobilium
473 2372 519 2408 sit
554 2372 719 2420 aequalis
754 2372 982 2419 velocitatis,
1013 2379 1077 2408 aut
1117 2372 1293 2409 inferiora

236 2424 391 2461 mobilia
410 2424 550 2461 tardius
578 2432 804 2462 moveantur
824 2432 859 2461 et
886 2424 923 2461 in
942 2424 1076 2461 maiori
1099 2432 1290 2473 tempore;

236 2477 324 2525 quia
352 2477 508 2514 omnino
547 2484 723 2525 sequetur
751 2478 855 2526 quod
892 2485 1019 2513 motus
1053 2477 1220 2514 infinitus
1249 2478 1294 2514 sit

235 2529 273 2566 in
301 2537 473 2578 tempore
501 2530 619 2576 finito,
641 2530 729 2578 quia
755 2530 1059 2578 unumquodque
1092 2530 1291 2567 mobilium

236 2593 390 2618 necesse
428 2589 483 2618 est
510 2583 614 2630 quod
641 2583 779 2618 habeat
810 2582 1050 2619 velocitatem
1079 2589 1115 2618 et
1141 2582 1289 2619 tardita-

236 2641 313 2670 tem
341 2634 500 2671 finitam.
522 2635 608 2671 Hoc
634 2642 761 2671 autem
790 2642 845 2671 est
872 2634 1123 2682 impossibile,
1154 2635 1292 2671 scilicet

236 2694 386 2723 motum
418 2686 606 2723 infinitum
644 2699 724 2723 esse
757 2686 795 2723 in
830 2694 1002 2735 tempore
1038 2687 1158 2724 finito.
1188 2688 1289 2735 Ergo

237 2747 273 2775 et
300 2738 467 2787 primum
496 2745 551 2775 est
577 2739 829 2788 impossibile,
859 2739 997 2775 scilicet
1024 2740 1127 2787 quod
1159 2752 1289 2788 proce-

238 2792 346 2828 datur
372 2790 412 2828 in
441 2791 643 2828 mobilibus
673 2799 708 2828 et
735 2792 977 2828 moventibus
1005 2792 1043 2828 in
1070 2792 1269 2829 infinitum.

292 2845 326 2881 3.
347 2844 495 2881 Deinde
524 2856 611 2880 cum
650 2843 754 2880 dicit:
783 2844 844 2880 Sic
871 2844 987 2893 igitur
1013 2852 1100 2891 etc.,
1130 2845 1291 2882 ostendit

189 2919 195 2925 ·
237 2896 590 2946 quodbpraecedens
610 2896 702 2933 ratio
722 2908 800 2933 non
828 2896 1028 2933 efficaciter
1048 2897 1236 2934 concludit
1257 2899 1287 2934 Ψ.

236 2949 285 2985 Et
305 2949 391 2986 dicit
409 2950 513 2997 quod
531 2949 723 2997 praedicto
743 2949 860 2986 modo
875 2949 1024 2986 videtur
1043 2949 1289 2987 demonstrari

235 3001 440 3050 principale
467 3001 716 3050 propositum,
741 3001 879 3038 scilicet
906 3002 1009 3049 quod
1037 3014 1115 3039 non
1142 3002 1180 3038 in
1208 3003 1290 3040 infi-

237 3053 356 3090 nitum
392 3054 618 3101 procedatur
643 3054 682 3090 in
715 3054 955 3100 moventibus
985 3062 1021 3090 et
1048 3055 1180 3100 motis;
1210 3068 1289 3092 non

236 3112 364 3141 tamen
389 3105 590 3142 efficaciter
609 3106 895 3153 demonstratur,
926 3106 1014 3155 quia
1031 3107 1050 3128 Ψ
1070 3108 1214 3143 nullum
1234 3108 1288 3145 in-

237 3157 467 3194 conveniens
496 3158 628 3195 accidit
656 3171 700 3195 ex
727 3158 953 3207 praemissis.
976 3159 1206 3207 Contingens
1235 3168 1289 3196 est

237 3209 339 3246 enim
364 3216 400 3245 et
426 3210 616 3258 possibile,
637 3211 740 3259 quod
759 3211 797 3247 in
816 3218 987 3259 tempore
1015 3212 1121 3248 finito
1143 3212 1187 3248 sit
1206 3224 1288 3248 mo-

235 3269 295 3298 tus
332 3261 514 3307 infinitus3
542 3262 592 3298 ita
628 3269 755 3299 tamen
793 3263 896 3311 quod
933 3276 1010 3300 non
1047 3263 1092 3300 sit
1127 3276 1224 3300 unus
1253 3272 1289 3301 et

236 3314 350 3360 idem,
372 3313 439 3349 sed
467 3313 559 3350 alius
588 3321 624 3350 et
651 3315 764 3360 alius;
791 3315 1012 3362 inquantum
1041 3315 1179 3352 scilicet
1206 3316 1287 3352 infi-

236 3366 312 3402 nita
340 3372 426 3402 sunt
458 3377 555 3413 quae
594 3373 805 3402 moventur.
835 3366 937 3403 Nihil
976 3367 1077 3403 enim
1113 3367 1288 3415 prohibet

288 3502 313 3536 β)
333 3507 358 3528 et
374 3494 411 3528 sit
430 3504 489 3528 E.—
503 3503 617 3528 PNsFGI
636 3508 661 3527 et
679 3503 708 3533 b;
726 3506 752 3527 et
769 3502 805 3527 sit
823 3502 849 3527 in
864 3510 915 3535 quo
931 3503 965 3532 E,
985 3503 1018 3532 B;
1037 3506 1063 3527 et
1080 3503 1115 3527 sit
1133 3506 1219 3528 motus
1233 3504 1287 3528 eius

2338 307 2411 354 327

1352 383 1497 420 infinita
1524 383 1562 419 in
1582 390 1754 431 tempore
1782 383 1889 420 finito
1911 383 2059 420 moveri
2087 383 2210 420 simul.
2236 384 2286 420 Et
2301 385 2319 402 Ψ
2335 384 2411 420 hoc

1353 436 1602 472 concludebat
1629 436 1721 472 ratio
1750 435 1951 484 praedicta.
1979 437 2097 472 Erant
2124 436 2226 472 enim
2255 435 2411 472 mobilia

1350 487 1497 524 infinita
1517 488 1676 535 diversa,
1703 495 1739 524 et
1757 488 1810 524 sic
1831 495 1957 524 motus
1977 500 2111 525 eorum
2131 495 2236 524 erant
2255 487 2408 532 diversi;

1351 540 1440 587 quia
1468 539 1516 576 ad
1551 540 1735 576 unitatem
1770 547 1896 576 motus
1934 553 2012 577 non
2049 541 2174 588 solum
2211 540 2411 588 requiritur

1349 591 1472 628 unitas
1500 592 1682 640 temporis
1703 600 1739 628 et
1765 592 1926 639 termini,
1948 593 2016 630 sed
2036 593 2148 630 etiam
2176 592 2298 629 unitas
2327 605 2409 629 mo-

1351 644 1443 691 bilis,
1463 651 1506 680 ut
1532 644 1570 680 in
1599 644 1728 692 quinto
1751 641 1769 665 Ψ
1791 645 1933 681 dictum
1963 652 2028 681 est.

1402 708 1439 743 4.
1456 696 1605 733 Deinde
1621 709 1708 732 cum
1726 697 1827 733 dicit:
1848 698 1922 733 Sed
1933 698 1966 733 si
1978 698 2017 733 id
2029 698 2129 745 quod
2141 703 2311 734 movetur
2325 704 2407 744 etc.,

1350 749 1511 785 ostendit
1525 749 1722 797 quomodo
1733 749 1923 797 praedicta
1938 749 2031 786 ratio
2048 750 2256 786 efficaciam
2269 750 2409 786 habere

1348 801 1483 849 possit:
1515 809 1551 837 et
1577 802 1701 849 primo
1731 801 1928 849 quomodo
1957 803 2096 838 habeat
2124 802 2331 838 efficaciam
2362 814 2407 838 ex

1349 854 1609 902 suppositione
1638 854 1749 900 faeta3
1771 854 1939 891 secundo
1960 854 2156 903 quomodo
2176 855 2314 890 habeat
2329 854 2409 890 effi-

1350 906 1492 942 caciam
1513 906 1739 954 simpliciter,
1757 906 1822 943 ibi:
1843 906 1952 943 Nihil
1978 912 2102 943 autem
2131 907 2282 955 differat
2298 907 2318 927 ’¹‘
2338 914 2406 943 etc.

1348 958 1448 994 Dicit
1476 971 1564 1005 ergo
1591 959 1729 1006 primo,
1751 959 1855 1007 quod
1885 958 1923 995 id
1950 959 2055 1008 quod
2074 959 2240 995 localiter
2268 966 2304 994 et
2328 971 2408 994 cor-

1347 1010 1526 1058 poraliter
1552 1018 1730 1047 movetur
1756 1011 1881 1059 primo
1911 1019 1947 1048 et
1965 1011 2185 1047 immediate
2205 1011 2252 1047 ab
2282 1011 2407 1060 aliquo

1348 1062 1480 1098 mobili
1499 1063 1730 1109 *movente‚
1761 1075 1915 1100 necesse
1945 1071 2000 1100 est
2027 1064 2133 1111 quod
2161 1071 2333 1110 tangatur
2360 1064 2407 1099 ab

1349 1127 1407 1161 eo,
1429 1114 1523 1151 sicut
1542 1115 1696 1150 baculus
1724 1115 1886 1162 tangitur
1905 1129 1927 1152 a
1946 1128 2079 1161 manu3
2103 1116 2165 1153 vel
2193 1116 2299 1164 quod
2319 1128 2407 1152 con-

1347 1166 1513 1203 tinuetur
1528 1167 1574 1214 ei,
1586 1166 1680 1203 sicut
1700 1168 1937 1204 continuatur
1954 1170 2060 1204 una*
2070 1181 2156 1216 pars
2177 1168 2272 1204 aeris
2292 1168 2405 1215 alteri,

1349 1226 1386 1255 et
1404 1219 1498 1256 sicut
1515 1231 1602 1267 pars
1619 1220 1638 1240 Ψ
1655 1219 1892 1256 continuatur
1911 1221 2073 1257 animali.
2100 1222 2148 1256 Et
2166 1221 2240 1256 hoc
2259 1220 2410 1257 videtur

1349 1272 1564 1319 contingere
1578 1272 1617 1308 in
1637 1272 1825 1318 omnibus,
1847 1273 1951 1320 quod
1970 1285 2132 1310 movens
2152 1285 2304 1320 semper
2319 1285 2407 1309 con-

1348 1323 1511 1372 iungitur
1529 1324 1661 1360 mobili
1680 1324 1796 1360 altero
1821 1324 1979 1361 istorum
1999 1326 2215 1361 modorum.
2237 1325 2407 1373 Accipia-

1348 1385 1408 1413 tur
1437 1389 1525 1424 ergo
1564 1377 1654 1413 alter
1688 1377 1845 1413 istorum
1874 1377 2102 1424 modorum,
2133 1377 2271 1413 scilicet
2304 1377 2408 1425 quod

1349 1442 1394 1466 ex
1415 1430 1592 1466 omnibus
1620 1429 1772 1466 infinitis
1800 1429 2004 1466 mobilibus
2034 1437 2070 1465 et
2092 1429 2335 1466 moventibus
2357 1430 2406 1465 ef-

1348 1482 1495 1519 ficiatur
1521 1494 1654 1528 unum,
1685 1482 1823 1518 scilicet
1850 1482 1976 1530 ipsum
2004 1489 2125 1518 totum
2162 1482 2406 1528 universum,

1349 1547 1417 1583 per
1451 1534 1772 1571 continuationem
1809 1535 2015 1582 quandam.
2055 1535 2140 1570 Hoc
2169 1546 2279 1582 ergo,
2319 1534 2407 1582 quia

1350 1587 1568 1635 contingens
1589 1595 1654 1634 est,
1676 1594 1927 1635 supponatur:
1958 1594 1994 1623 et
2012 1586 2110 1624 istud
2138 1594 2272 1634 totum,
2302 1587 2407 1635 quod

1350 1648 1405 1676 est
1432 1640 1622 1687 quaedam
1659 1639 1879 1687 magnitudo
1910 1647 1945 1676 et
1978 1639 2220 1685 continuum,
2249 1646 2408 1676 vocetur

1349 1693 1511 1739 ABCD,
1542 1699 1578 1728 et
1605 1699 1732 1728 motus
1758 1692 1836 1728 eius
1864 1699 2023 1729 vocetur
2056 1693 2176 1728 EZIT
2197 1689 2220 1728 δ.
2252 1693 2299 1728 Et
2318 1691 2407 1739 quia

1347 1753 1476 1793 posset
1509 1745 1641 1793 aliquis
1671 1744 1794 1781 dicere
1823 1744 1927 1792 quod
1951 1746 2072 1781 EZIT
2101 1751 2179 1780 erat
2206 1751 2334 1780 motus
2362 1744 2405 1780 fi-

1348 1793 1514 1833 n'itorum
1542 1797 1754 1842 mobilium,
1777 1804 1812 1832 et
1838 1797 1888 1833 ita
1916 1809 1994 1833 non
2021 1804 2145 1844 potest
2169 1809 2250 1833 esse
2279 1803 2405 1832 motus

1347 1849 1460 1886 totius
1489 1849 1642 1895 infiniti3
1670 1849 1858 1895 subiungit
1885 1849 1989 1896 quod
2018 1849 2106 1885 nihil
2136 1848 2259 1885 differt
2287 1861 2404 1897 quan-

1347 1910 1428 1938 tum
1457 1902 1506 1938 ad
1533 1901 1771 1950 propositum
1790 1901 1962 1949 pertinet,
1982 1909 2109 1937 utrum
2138 1901 2339 1949 accipiatur
2361 1901 2405 1937 fi-

1347 1954 1424 1991 nita
1451 1954 1671 2001 magnitudo
1697 1966 1793 2002 quae
1822 1962 2010 2000 movetur,
2033 1961 2096 1990 aut
2122 1953 2278 1990 infinita.
2301 1953 2406 1989 Sicut

1348 2007 1449 2043 enim
1487 2007 1598 2043 simul
1636 2006 1789 2056 quando
1827 2007 2055 2043 movebatur
2081 2008 2136 2053 A,
2166 2006 2203 2042 in
2231 2013 2404 2054 tempore

1347 2059 1486 2096 scilicet
1513 2059 1641 2105 finito,
1662 2059 1766 2107 quod
1796 2066 1850 2095 est
1879 2060 1923 2105 K,
1944 2066 2121 2096 movetur
2149 2058 2343 2106 quodlibet
2361 2059 2404 2094 fi-

1347 2111 1511 2148 nitorum
1531 2111 1742 2153 mobilium,
1763 2123 1861 2159 quae
1889 2118 1975 2147 sunt
1994 2123 2154 2147 numero
2174 2111 2334 2156 infinita3
2356 2111 2405 2147 ita

1347 2164 1460 2215 etiam
1480 2164 1591 2200 simul
1610 2164 1648 2200 in
1677 2164 1815 2200 eodem
1835 2171 2008 2212 tempore
2032 2171 2209 2200 movetur
2227 2171 2305 2200 tota
2324 2176 2403 2199 ma-

1346 2216 1501 2263 gnitudo
1531 2216 1685 2253 infinita.
1708 2216 1884 2264 Sequitur
1904 2228 1992 2263 ergo
2012 2216 2254 2264 impossibile,
2282 2215 2402 2264 quod-

1348 2280 1510 2317 cumque
1538 2269 1677 2304 horum
1707 2269 1833 2315 detur,
1863 2268 1942 2305 sive
1971 2269 2076 2316 quod
2109 2269 2154 2305 sit
2181 2268 2402 2316 magnitudo

1346 2320 1451 2357 finita
1480 2327 1654 2357 constans
1683 2333 1728 2357 ex
1747 2319 2067 2368 magnitudinibus
2092 2333 2252 2357 numero
2281 2321 2404 2357 infini-

1345 2373 1401 2420 tis,
1419 2373 1498 2410 sive
1519 2373 1622 2421 quod
1642 2374 1687 2409 sit
1705 2373 1926 2422 magnitudo
1945 2373 2100 2420 infinita,
2123 2381 2159 2409 et
2177 2381 2304 2409 motus
2325 2373 2403 2410 eius

1345 2425 1383 2461 in
1402 2421 1574 2473 tempore
1593 2425 1716 2470 finito;
1738 2437 1825 2461 cum
1846 2426 1892 2462 sit
1911 2433 2104 2462 ostensum
2134 2438 2247 2474 supra
2263 2426 2282 2446 *
2300 2426 2404 2474 quod

1346 2478 1487 2514 mobile
1515 2478 1701 2515 infinitum
1732 2490 1810 2514 non
1837 2485 1961 2526 potest
1988 2478 2137 2515 moveri
2165 2485 2338 2526 tempore
2358 2479 2401 2515 fi-

1346 2530 1434 2566 nito.
1457 2531 1558 2577 Ergo
1586 2530 1819 2578 impossibile
1849 2538 1904 2566 est
1930 2531 2004 2567 hoc
2039 2543 2084 2566 ex
2112 2543 2188 2578 quo
2218 2531 2403 2578 sequeba-

1344 2590 1415 2629 tur,
1436 2582 1574 2619 scilicet
1601 2583 1703 2631 quod
1731 2583 1958 2630 procedatur
1976 2583 2015 2619 in
2043 2583 2233 2619 infinitum
2262 2583 2300 2619 in
2320 2595 2404 2619 mo-

1343 2635 1518 2672 ventibus
1539 2642 1574 2671 et
1597 2635 1720 2671 motis.
1743 2635 1985 2672 Manifestum
2006 2643 2060 2672 est
2079 2647 2168 2683 ergo
2197 2635 2301 2683 quod
2328 2636 2403 2672 hoc

1345 2688 1449 2736 quod
1476 2700 1596 2724 unum
1625 2696 1827 2724 moveatur
1846 2688 1892 2724 ab
1922 2689 2050 2735 altero,
2071 2700 2150 2724 non
2172 2688 2344 2736 procedit
2362 2688 2401 2725 in

1343 2740 1549 2777 infinitum:
1579 2740 1646 2777 sed
1674 2740 1783 2777 stabit
1812 2740 1958 2788 alicubi,
1989 2748 2025 2776 et
2053 2741 2120 2776 erit
2147 2741 2300 2789 aliquod
2327 2741 2401 2788 pri-

1344 2805 1452 2829 mum
1481 2793 1641 2840 mobile,
1672 2793 1775 2841 quod
1804 2793 1940 2829 scilicet
1976 2801 2176 2830 moveatur
2209 2794 2256 2829 ab
2286 2793 2401 2829 altero

1344 2845 1540 2881 immobili.

1400 2898 1431 2934 5.
1462 2899 1511 2934 Et
1540 2897 1640 2946 quia
1675 2898 1868 2946 praedicta
1902 2898 2075 2946 probatio
2117 2898 2288 2946 procedit
2315 2910 2401 2946 sup-

1341 2949 1465 2998 posito
1490 2950 1670 2998 quodam,
1692 2950 1830 2987 scilicet
1857 2950 1960 2999 quod
1989 2950 2117 2987 omnia
2146 2951 2291 2987 infinita
2319 2963 2400 2987 mo-

1342 3003 1470 3039 ventia
1495 3010 1530 3039 et
1558 3010 1661 3039 mota
1690 3003 1954 3039 continuentur
1982 3003 2030 3040 ad
2058 3003 2221 3040 invicem
2251 3011 2286 3039 et
2310 3016 2398 3039 con-

1343 3055 1493 3092 stituant
1520 3068 1636 3092 unam
1665 3055 1976 3103 magnitudinem,
1998 3063 2034 3092 et
2061 3056 2113 3092 sic
2136 3064 2264 3104 posset
2292 3056 2400 3092 alicui

1342 3107 1463 3144 videri
1496 3108 1599 3156 quod
1637 3120 1715 3144 non
1753 3108 1968 3156 simpliciter
2005 3108 2273 3152 concludatur;
2312 3108 2398 3144 ideo

1343 3160 1534 3207 subiungit
1553 3160 1657 3209 quod
1676 3173 1754 3196 non
1774 3160 1896 3197 differt
1919 3161 2017 3196 hanc
2037 3160 2398 3196 demonstrationem

1341 3212 1569 3260 processisse
1598 3213 1768 3260 quodam
1807 3213 2028 3260 supposit03
2058 3212 2146 3259 quia
2175 3224 2219 3248 ex
2253 3212 2397 3247 contin-

1342 3265 1441 3311 genti
1470 3265 1683 3313 supposito,
1714 3265 1826 3301 etiam
1856 3265 1885 3300 si
1914 3265 1959 3300 sit
1987 3265 2143 3310 falsum,
2169 3276 2246 3299 non
2273 3271 2398 3311 potest

1343 3317 1449 3364 sequi
1486 3317 1638 3365 aliquod
1674 3316 1915 3364 impossibile.
1948 3317 2047 3352 Cum
2082 3327 2170 3362 ergo
2207 3316 2397 3364 praedicta

1342 3369 1434 3404 ratio
1463 3369 1575 3405 ducat
1602 3369 1650 3405 ad
1677 3368 1919 3417 impossibile,
1941 3367 2030 3404 illud
2058 3367 2290 3416 impossibile
2319 3381 2397 3405 non

1339 3506 1406 3529 xima
1424 3513 1483 3537 pars
1503 3496 1576 3530 codd.
1591 3511 1616 3530 et
1633 3513 1724 3529 omnes
1744 3505 1801 3530 edd.
1816 3505 1913 3536 priores
1930 3505 2020 3536 Piana3
2040 3506 2085 3530 sed
2105 3505 2168 3530 infra
2183 3513 2230 3538 pro
2244 3506 2342 3531 scilicet
2355 3506 2394 3537 K,

236 3538 273 3568 E,
288 3539 325 3568 D3
345 3542 370 3563 et
385 3539 427 3563 ille
440 3539 475 3563 sit
491 3539 526 3567 E,
542 3539 595 3568 LS;
615 3541 640 3562 et
659 3541 744 3562 motus
758 3538 813 3562 eius
832 3538 866 3562 sit
886 3538 920 3566 E,
942 3538 977 3569 R;
995 3538 1031 3562 sit
1046 3538 1082 3566 E,
1101 3538 1135 3568 Z;
1155 3541 1180 3562 et
1201 3538 1237 3563 sit
1260 3539 1285 3563 in
1339 3540 1439 3564 scilicet
1447 3541 1480 3570 R,
1491 3541 1511 3564 Ρ
1522 3549 1580 3565 cum
1593 3540 1719 3573 prioribus
1731 3540 1788 3564 edd.
1799 3545 1824 3564 et
1834 3540 1907 3564 codd.
1915 3547 1967 3564 exc.
1978 3540 2132 3565 DLS.-Pro
2146 3541 2237 3570 EZIT,
2255 3541 2357 3566 EZGT
2366 3542 2392 3566 Ρ.

233 3580 286 3605 quo
304 3576 343 3598 est
361 3574 397 3603 E,
418 3574 469 3604 sH;
489 3576 515 3608 qt
534 3576 618 3598 motus
638 3573 718 3604 ipsius
736 3572 771 3597 sit
789 3573 826 3601 E,
847 3573 899 3603 sQ;
918 3580 970 3596 om.
985 3578 1032 3597 cet.
1048 3578 1072 3597 et
1086 3580 1112 3597 a.

287 3608 313 3641 γ)
332 3608 367 3633 sit
386 3608 507 3633 IT.-sit
528 3607 590 3636 GT,
610 3608 664 3632 P.-
679 3608 729 3632 Pro
747 3607 782 3632 sit
800 3607 839 3636 K,
860 3608 929 3640 quod
950 3607 1007 3632 hab.
1021 3607 1118 3638 PDLS,
1139 3607 1174 3632 sit
1191 3607 1217 3632 R
1231 3615 1285 3632 ma-

1392 3573 1417 3607 δ)
1439 3578 1544 3599 vocetur
1567 3575 1659 3599 EZIT.
1672 3588 1691 3593 —-
1709 3578 1815 3599 vocetur
1839 3575 1945 3599 EFGH
1960 3575 1994 3604 P;
2019 3576 2080 3599 item
2099 3575 2143 3600 lin.
2157 3583 2213 3608 seq.
2226 3590 2245 3595 -—
2264 3576 2329 3601 lnfra
2347 3584 2394 3608 pro

1339 3609 1410 3640 quod
1423 3612 1463 3633 est
1475 3609 1515 3639 K,
1531 3610 1601 3641 quod
1614 3612 1653 3634 est
1665 3609 1690 3634 R
1705 3610 1762 3634 edd.
1776 3610 1826 3639 ab,
1842 3610 1932 3634 Venet.
1944 3609 2090 3642 1504‚1545
2105 3615 2130 3635 et
2144 3611 2218 3635 codd.
2229 3619 2281 3636 exc.
2292 3612 2392 3636 LORS.

2439 394 2449 404 *¹
2463 399 2492 415 ex
2505 394 2558 417 add.
2573 401 2614 417 nn.

2437 656 2446 665 ¹
2460 655 2523 676 Lect.
2534 661 2564 683 vr,
2573 661 2596 677 n.
2607 661 2626 682 5.

2436 914 2446 924 ⁸*
2460 913 2530 935 Num.
2541 919 2590 941 seq.

2435 1066 2445 1075 ³
2459 1061 2538 1086 mobili
2551 1071 2598 1086 om.
2612 1071 2642 1087 BD

2434 1097 2573 1119 erm-oszpo.

2435 1174 2444 1184 '¹
2459 1179 2506 1195 una
2521 1179 2568 1195 om.
2582 1179 2620 1195 EG.

2435 1226 2444 1235 ·
2455 1231 2500 1252 pes
2514 1231 2538 1247 n.

2431 2437 2440 2447 *
2455 2436 2525 2458 Num.
2535 2442 2556 2458 2.
