2898 3996
403 256 481 304 480
515 272 517 274 ·

438 333 602 358 -Invenitur
620 332 646 357 in
664 331 779 365 quolibet
796 338 890 364 genere
909 335 1005 356 motus.
1022 330 1055 361 V,
1067 338 1092 361 x,

440 375 466 399 4.
484 382 503 387 -
522 367 636 398 Qualiter
660 367 802 392 inveniatur
820 367 846 391 in
870 367 946 391 motis
965 373 980 390 a
999 365 1091 398 seipsis

439 404 481 428 vei
501 402 532 428 ab
551 403 609 427 aiio.
634 402 701 433 VIII,
719 409 770 433 vu,
792 401 816 427 3.
832 415 852 420 -
870 401 1008 431 Quomodo
1027 401 1091 425 acci-

438 438 522 470 piatur
540 438 650 462 maxima
663 436 783 462 distantia
796 436 821 461 in
835 436 948 461 motibus
962 435 1092 461 violentis.

437 473 481 503 Vl,
500 480 554 503 χιιι,
575 472 598 497 3.
615 486 634 491 -
652 472 738 497 Motus
761 471 890 497 violentus
909 475 950 496 est
972 477 1091 495 recessus

437 515 452 532 a
465 507 552 540 quiete
570 507 686 532 naturali.
699 507 764 536 vul,
778 514 814 535 vr.
828 513 852 531 2.
865 520 884 525 -
897 506 944 531 Est
963 506 1091 538 quaedam

438 542 574 567 declinatio
594 550 609 567 a
627 546 700 567 motu
718 542 835 566 naturali.
853 541 901 572 IV,
923 548 964 572 xt,
985 540 1010 566 5.
1026 553 1046 559 ·-
1063 540 1091 565 In

436 577 561 610 principio
585 575 731 602 intendit‘ur.
750 576 820 606 VIII,
844 584 888 608 xx,
910 575 933 602 3.
950 575 1016 600 -In
1039 574 1091 600 fine

437 612 583 637 remittitur.
601 613 632 641 V,
651 620 675 643 x,
698 619 738 637 11.
755 625 774 631 -
792 611 866 642 Quae
884 615 1020 636 moventur
1044 618 1092 644 per

437 647 595 678 violentiam,
615 647 646 672 ab
665 647 716 672 alio
733 651 878 672 moventur.
892 646 956 676 VIII,
970 653 1014 677 vn,
1032 653 1060 677 4.
1072 659 1092 665 -

439 683 475 707 Ita
493 683 563 715 quod
581 687 668 707 motus
687 689 778 707 eorum
797 687 836 707 est
854 686 924 706 extra
947 681 1090 706 naturalem

438 718 555 750 ipsorum
573 717 723 750 potentiam.
744 716 784 751 Cf.
798 716 866 746 vm.
885 723 943 747 vm,
962 724 983 741 1.
999 729 1020 735 --
1035 716 1091 740 Ali-

439 753 542 785 quando
564 757 648 777 cessat
670 757 757 777 motus
775 751 917 783 violentus,
943 751 987 776 ubi
1006 749 1091 776 deficit

437 788 600 820 repercussio
618 787 660 812 vel
678 787 801 820 impulsio
819 787 893 812 aeris.
914 786 960 817 1v,
977 794 1016 817 xx,
1032 794 1056 819 7.
1071 800 1091 805 -

438 823 467 848 In
490 827 562 847 motu
585 822 698 847 violento
723 826 819 855 quanto
842 822 927 855 aliqua
948 828 1015 854 quae
1033 829 1090 846 mo-

437 862 530 883 ventur
543 858 602 891 plus
617 858 712 882 distant
721 857 752 882 ab
763 857 853 882 ultima
867 857 953 889 quiete
966 857 999 882 ad
1009 864 1089 889 quam

437 893 589 918 termInatur
606 897 701 923 motus,
721 897 791 917 tanto
808 892 924 917 velocius
942 896 1089 916 moventur.

437 927 502 959 VIII,
520 936 559 959 xx,
581 927 605 953 3.

472 962 527 987 Erit
545 963 701 996 quandoque
719 962 794 995 quies
811 962 931 987 violenta.
951 961 984 992 V,
1002 969 1026 991 x,
1048 969 1088 986 ιι.

436 1011 455 1017 -
469 997 548 1028 Quies
565 999 677 1023 violenta
695 1005 748 1028 non
768 1002 904 1030 generatur
922 1004 968 1029 per
986 1001 1087 1022 motum

437 1033 588 1058 naturalem.
607 1033 638 1062 V.
655 1041 679 1063 x,
699 1031 725 1058 8.
742 1046 762 1051 -
773 1032 831 1057 Non
849 1031 927 1057 habet
944 1032 1086 1065 generatio-

436 1075 509 1093 nem:
527 1068 601 1093 ratio.
619 1069 657 1098 V,
675 1075 703 1098 x,
722 1075 748 1100 7.
765 1081 784 1087 —
802 1067 859 1092 Non
882 1066 960 1092 habet
979 1075 1087 1100 genera-

435 1103 532 1128 tionem
550 1103 662 1136 proprie,
681 1103 728 1127 sed
746 1110 792 1135 per
810 1102 936 1127 accidens.
954 1103 986 1132 V,
999 1110 1024 1133 x,
1047 1110 1087 1128 ιι.

471 1138 510 1163 De
529 1138 704 1163 contrarietate
722 1138 748 1162 in
761 1142 834 1162 motu
854 1143 879 1162 et
897 1137 984 1170 quiete
1002 1145 1050 1170 per
1061 1138 1087 1162 id

437 1173 508 1206 quod
527 1178 567 1198 est
585 1173 700 1198 naturale
715 1178 740 1198 et
752 1173 902 1198 violentum.
921 1171 952 1203 V,
966 1179 990 1203 x,
1004 1171 1031 1203 6,
1047 1179 1086 1198 12.

400 1208 493 1233 Vnuzs.
513 1222 545 1227 ——
564 1209 638 1233 Vires
658 1209 758 1233 animae
777 1215 843 1241 quae
861 1212 922 1232 sunt
940 1213 1012 1233 actus
1031 1215 1087 1233 cor-

436 1243 563 1276 poralium
581 1250 749 1276 organorum,
774 1250 821 1276 per
839 1243 957 1268 accidens
980 1250 1087 1268 moven-

435 1283 478 1303 tur
495 1286 510 1303 a
529 1279 673 1303 continente
691 1278 811 1304 exterius.
828 1277 892 1310 vm,
910 1285 946 1309 xv,
964 1285 989 1311 7.

399 1314 499 1339 vim-us
518 1327 553 1334 --
572 1313 640 1344 Quid
658 1314 700 1339 sit.
717 1313 772 1344 VII,
790 1321 815 1343 v,
835 1311 860 1338 6.
874 1326 894 1332 —
906 1313 981 1338 Ratio
1000 1317 1103 1349 extem,

436 1349 516 1374 sionis
533 1349 639 1374 virtutis.
659 1349 689 1380 II,
706 1356 741 1380 vt,
762 1347 786 1373 3.
803 1362 822 1368 -
838 1348 927 1373 Virtus
949 1353 974 1373 et
991 1348 1087 1372 malitia

436 1384 553 1409 dicuntur
565 1384 603 1409 ad
615 1383 726 1416 aliquid.
743 1383 797 1413 VII,
811 1391 836 1413 v.
851 1382 876 1408 6.
888 1397 909 1402 -
922 1383 1010 1408 Virtus
1030 1390 1085 1408 cor-

434 1419 505 1452 poris
524 1424 549 1444 et
567 1420 676 1444 animae.
695 1418 757 1444 ibid.
770 1432 789 1437 —-
802 1419 843 1443 Au
861 1418 894 1443 sit
912 1419 1026 1443 alteratio
1044 1425 1085 1442 se-

435 1454 548 1479 cundum
566 1454 673 1479 virtutes
687 1459 713 1479 et
726 1454 834 1478 malitias
849 1454 972 1486 corporis.
991 1453 1054 1478 ibid.
1066 1467 1086 1472 -

433 1490 474 1514 An
499 1490 641 1514 secundum
665 1489 772 1514 virtutes
791 1493 817 1514 et
835 1489 943 1513 malitias
969 1489 1084 1513 animae.

1195 252 1361 290 INDEX
1387 250 1785 288 ALPHABETICUS

1180 330 1234 361 VII,
1249 337 1276 355 vx
1289 337 1341 362 per
1359 333 1406 355 tot.
1419 343 1439 349 ·-
1451 330 1540 355 Virtus
1559 334 1598 354 est
1611 328 1734 362 perfectio
1753 336 1832 362 quae-

1182 365 1250 390 dam.
1268 364 1321 395 VII,
1339 372 1375 396 vt,
1395 372 1420 396 a.
1437 378 1457 384 -
1474 365 1568 397 Opinio
1586 365 1731 390 Stoicorum
1745 369 1771 389 et
1785 364 1833 389 Pe-

1173 400 1372 460 {ipategcorum
1383 400 1448 440 circa
1458 399 1578 459 virtuteffn
1589 405 1614 424 et
1623 399 1754 440 maiitiam.
1769 399 1833 459 ibgd.

1199 453 1206 460 .
1223 448 1244 454 -
1286 442 1354 460 mnis
1371 439 1453 460 virtus
1477 442 1551 460 mora
1561 442 1583 459 is
1608 439 1724 459 consisut
1742 442 1769 459 in
1806 442 1833 459 e—

1181 470 1315 495 lectatione
1333 474 1359 494 et
1376 469 1485 495 tristitia.
1510 470 1573 495 ibid.
1596 477 1622 502 4.
1639 483 1659 489 -
1676 469 1832 495 Exercitium

1179 505 1304 530 virtutum
1322 504 1461 530 moralium
1483 505 1596 530 multum
1613 505 1681 530 valet
1699 505 1731 530 ad
1749 505 1833 530 scien-

1179 540 1242 565 tiam
1273 539 1465 572 acquirendam.
1495 540 1558 566 ἰδία.
1586 548 1612 574 7.
1637 554 1656 560 -
1683 540 1832 565 Secundum

1179 576 1300 600 vittutem
1317 575 1359 600 vel
1376 575 1468 600 vitium
1485 575 1586 607 operari
1606 575 1734 600 invenitur
1751 575 1777 600 in
1791 574 1831 600 his

1180 610 1225 643 qui
1244 609 1339 635 habent
1356 609 1499 635 dominium
1517 610 1557 635 sui
1574 615 1655 636 actus.
1674 611 1703 642 II,
1720 618 1745 642 x,
1763 618 1790 642 4.

1214 645 1303 671 Virtus
1328 652 1395 678 quae
1418 649 1458 670 est
1482 645 1510 669 in
1527 645 1702 678 magnitudine
1723 652 1832 670 necesse

1179 685 1220 705 est
1242 684 1272 705 ut
1295 680 1505 713 proportionetur
1533 681 1700 714 magnitudini
1724 680 1752 705 in
1779 688 1832 714 qua

1179 719 1227 740 est.
1245 715 1308 746 vm,
1327 723 1375 747 xxi,
1395 713 1411 740 6
1424 723 1484 748 sqq.
1498 729 1516 735 -
1529 715 1617 741 Virtus
1635 715 1744 741 motoris
1761 723 1831 740 sem-

1179 758 1226 783 per
1244 755 1284 776 est
1302 751 1383 775 manr
1401 757 1480 783 quam
1493 750 1576 775 virtus
1594 750 1707 776 mobilis.
1725 750 1789 776 ibid.
1803 758 1831 783 4.

1145 803 1147 805 .
1161 800 1163 802 -
1177 798 1197 806 —-
1210 785 1318 818 Semper
1331 789 1452 810 manente
1466 785 1557 810 eadem
1569 786 1662 811 virtute
1674 785 1768 819 poterit
1781 786 1831 811 rei—

1178 825 1262 846 terare
1275 821 1387 846 eundem
1405 820 1534 845 effectum.
1553 818 1616 846 ibid.
1636 819 1661 846 5.

1142 856 1259 881 Vrsinus
1268 869 1304 877 —
1315 855 1424 881 Nonnisi
1436 855 1547 881 visibilia
1559 863 1574 881 a
1587 856 1667 889 vulgo
1680 859 1831 889 reputantur

1179 890 1319 916 existentia.
1332 890 1402 922 VIII,
1415 898 1447 921 11,
1459 890 1482 915 3.
1491 903 1510 910 —-
1521 890 1626 923 Aliquid
1639 895 1726 924 potest
1734 891 1830 916 discer-

1178 927 1217 957 ni,
1236 925 1294 951 licet
1311 925 1370 951 visu
1385 933 1438 951 non
1450 925 1612 959 percipiatur.
1627 926 1669 960 CJ.
1678 926 1720 956 IV,
1732 933 1786 958 xm,
1806 926 1830 952 3.

1142 961 1210 986 VrrA
1235 975 1270 980 -
1293 961 1335 986 Ad
1358 961 1484 986 rationem
1507 961 1574 986 vitae
1591 961 1703 994 pertinet
1725 968 1830 987 movere

1177 996 1302 1029 seipsum.
1325 996 1395 1027 VIII,
1417 1003 1467 1026 vn,
1487 995 1513 1021 6.
1529 1009 1549 1016 —
1565 997 1624 1022 Vita
1645 996 1755 1029 practica
1775 997 1830 1022 sive

1177 1031 1258 1056 activa
1275 1035 1316 1056 est
1333 1037 1426 1066 eorum
1447 1031 1491 1064 qui
1509 1030 1604 1056 habent
1622 1032 1766 1057 dominium
1789 1032 1829 1057 sui

1177 1071 1258 1092 actus.
1277 1066 1306 1096 11,
1323 1074 1348 1091 x.
1366 1067 1487 1098 4.-Vita
1505 1067 1652 1092 animalium
1665 1067 1829 1100 cognoscitur

1177 1109 1208 1127 ex
1231 1106 1314 1127 motu.
1332 1101 1397 1132 VIII,
1414 1108 1432 1131 ι,
1447 1108 1472 1127 2.
1482 1114 1502 1121 -·
1515 1101 1674 1127 Naturalium
1690 1109 1829 1134 corporum

1177 1141 1264 1162 motus
1289 1136 1464 1161 consideratur
1481 1141 1510 1161 ut
1526 1137 1579 1162 vita
1603 1137 1740 1170 quaedam.
1765 1136 1828 1161 ibid.

1174 1185 1194 1192 -
1211 1171 1411 1205 incorruptibilis
1434 1172 1486 1196 vita
1503 1172 1546 1196 vel
1564 1173 1659 1197 misera
1679 1171 1722 1196 vel
1745 1171 1827 1196 beata.

1176 1206 1240 1237 vm.
1258 1214 1287 1238 n,
1310 1205 1349 1231 16.

1212 1242 1327 1272 Qaedam
1345 1241 1455 1266 viventia
1479 1245 1542 1266 sunt
1564 1241 1666 1274 penitus
1685 1240 1839 1266 immobssia'

1176 1277 1319 1302 secundum
1338 1277 1434 1301 locum.
1451 1276 1515 1306 vul,
1533 1283 1583 1307 xw,
1602 1284 1628 1310 9.

1140 1313 1272 1337 Vmerus
1284 1325 1318 1330 --
1333 1311 1402 1342 Quid
1420 1311 1485 1336 sint:
1503 1316 1591 1337 utrum
1604 1311 1667 1337 fiant
1679 1310 1706 1336 in
1723 1311 1828 1345 plantIS.

1176 1347 1204 1377 11,
1223 1354 1274 1378 xxv,
1294 1346 1318 1371 5.

1138 1382 1332 1407 Votununmx
1344 1395 1381 1401 -
1399 1381 1539 1412 Quomodo
1563 1381 1699 1415 accipiatur
1716 1382 1827 1407 maxima

1175 1417 1293 1442 distantia
1310 1417 1336 1442 in
1354 1417 1467 1443 motibus
1485 1417 1644 1443 voluntariis.
1666 1417 1709 1449 V1,
1728 1424 1781 1448 xm,
1793 1416 1826 1442 ’3.

1173 1466 1192 1471 -
1205 1452 1339 1482 Quaenam
1353 1452 1494 1477 differentia
1505 1452 1571 1477 inter
1586 1460 1695 1478 movens
1708 1452 1827 1478 volunta-

1173 1487 1242 1512 rium
1256 1491 1281 1512 et
1300 1488 1424 1513 naturale.
1442 1487 1502 1518 VII,
1517 1495 1560 1517 m.
1579 1487 1604 1513 8.

1887 329 2030 355 Vomrrraa
2053 343 2089 350 —
2107 330 2176 361 Quid
2199 330 2234 356 nit
2257 331 2411 365 principium
2435 333 2526 365 agendi
2551 333 2578 360 in

1923 364 2058 397 agentibus
2082 372 2129 398 per
2152 365 2322 392 voluntatem.
2345 367 2416 397 vlu,
2441 375 2474 398 11,
2501 367 2541 395 18.
2558 383 2577 390 -

1925 399 2012 430 Quare
2029 400 2150 425 voluntas
2169 405 2309 434 postponat
2321 401 2406 427 facere
2423 403 2495 435 quod
2513 404 2577 429 vult.

1923 435 1985 460 ibid.
2004 442 2044 468 ¹9·
2057 447 2076 455 —-
2088 435 2146 460 Non
2160 435 2240 460 utitur
2252 443 2350 468 organo
2364 443 2498 469 corporeo.
2511 439 2576 470 VIII,

1921 477 1957 501 iv,
1976 477 2002 503 7.
2019 483 2040 489 -
2058 470 2111 495 Per
2127 470 2251 496 accidens
2269 475 2390 496 movetur
2407 471 2438 496 ab
2457 473 2575 499 maiori

1921 505 2080 566 ςῖξῖίηεηιε,
2099 505 2198 531 scilicet
2208 513 2269 531 aere
2283 506 2326 531 vel
2341 510 2450 540 corpore
2463 508 2575 534 caelesti.

1921 548 1929 565 1
1947 547 1956 566 ι
1977 557 1984 565 .

1955 575 2083 601 Voluntas
2108 580 2211 601 aeterna
2239 580 2327 609 potest
2350 576 2575 609 produceret-eni

1921 618 1974 636 non
1993 615 2132 636 aeternam.
2149 611 2213 642 VIII,
2231 618 2260 643 n,
2282 610 2323 636 18.

1883 646 1993 672 Vumus
2015 659 2050 664 —
2072 646 2111 671 Ex
2133 645 2254 679 opinione
2275 645 2347 679 vulgi
2363 647 2478 680 assignat
2492 647 2574 673 Aver-

1920 689 1979 706 roes
1999 681 2063 706 duas
2076 688 2176 713 causas,
2189 689 2220 707 ex
2235 681 2331 715 quibus
2343 681 2440 714 positio
2454 683 2572 716 antiquo-

1919 724 1978 741 rum
1991 716 2216 749 philosophorum,
2235 724 2288 749 qua
2306 717 2437 749 ponebant
2448 724 2479 742 ex
2492 717 2572 743 nihilo

1919 751 1979 776 nihil
1999 750 2061 781 fieri,
2080 756 2167 777 ortum
2184 751 2281 781 habuit.
2300 751 2363 783 VIII,
2381 759 2409 782 n,
2429 751 2454 778 3.

1883 786 1940 812 Vox
1958 800 1992 807 --
2011 787 2069 812 Vox
2087 787 2180 816 ultz’ma
2199 787 2225 812 in
2248 787 2376 812 melodiis.
2399 786 2460 819 vn,
2479 794 2528 817 vn.
2547 786 2573 821 7'.

1917 835 1936 841 —
1959 821 2052 847 MecIIa
2074 829 2123 847 vox
2141 822 2208 847 inter
2229 829 2336 855 gravem
2358 827 2385 847 et
2407 827 2517 848 acutam.
2534 823 2573 854 V,

1918 864 1943 888 ι,
1966 864 2005 882 ιι.
2587 867 2591 870 ·

2205 941 2242 977 X

1882 1033 1990 1058 xis-raus
2008 1047 2042 1052 —
2061 1033 2128 1058 Dixit
2150 1037 2234 1057 totum
2252 1031 2405 1058 universum
2425 1039 2480 1058 uno
2498 1037 2571 1058 motu

1917 1068 2024 1093 moveri.
2044 1067 2091 1098 IV,
2109 1074 2165 1096 xxv,
2185 1074 2210 1092 2.
2381 1081 2390 1086 -

2211 1147 2240 1184 Z

1880 1241 1954 1267 zxso
1977 1253 2013 1260 -
2035 1241 2127 1275 Arguit
2144 1246 2234 1267 contra
2257 1241 2417 1274 existentiam
2439 1241 2498 1267 Ioci.
2521 1242 2571 1273 lv,

1915 1284 1943 1308 ιι,
1953 1275 1981 1302 6.
1991 1290 2011 1296 -
2022 1277 2165 1302 Refutatur.
2175 1277 2217 1306 lv,
2226 1284 2261 1308 tv,
2275 1284 2284 1302 ι
2293 1284 2315 1301 ι.
2326 1289 2346 1295 -
2358 1277 2430 1302 Zeno
2442 1277 2499 1302 vult
2511 1284 2572 1311 pro-

1915 1311 1978 1337 bare
1995 1312 2058 1337 nihil
2073 1312 2172 1337 moveri
2191 1312 2224 1337 de
2241 1319 2295 1337 uno
2309 1312 2368 1336 loco
2379 1311 2412 1336 ad
2425 1311 2514 1337 alium.
2528 1311 2570 1343 VI,

1915 1354 1951 1378 xv,
1971 1346 1995 1373 3.
2007 1361 2028 1367 -
2040 1346 2183 1373 Refutatur.
2195 1347 2258 1372 thia.
2271 1360 2291 1366 -
2302 1347 2444 1372 Solvuntur
2462 1347 2518 1372 elus
2530 1354 2572 1372 ra-

1916 1382 1999 1408 tiones
2023 1387 2112 1408 contra
2135 1387 2246 1409 motum.
2264 1381 2313 1414 VI,
2331 1389 2357 1407 xx
2369 1388 2423 1414 per
2440 1384 2488 1407 tot.
2506 1381 2573 1414 vm,

1915 1424 1976 1449 xvn,
1992 1417 2006 1442 3
2023 1425 2083 1451 sqq.
2105 1418 2145 1451 Cf.
2163 1417 2234 1449 VIII,
2252 1425 2278 1448 v,
2301 1424 2340 1442 10.
2352 1430 2373 1436 -
2385 1417 2498 1442 Solvitur
2515 1417 2572 1442 eiua

1917 1452 1995 1484 ratio,
2015 1460 2068 1486 qua
2091 1452 2196 1478 volebat
2213 1452 2324 1485 probare
2346 1452 2418 1486 quod
2442 1451 2574 1486 quaelibet

1911 1494 1981 1520 pars
1999 1488 2067 1514 milia·
2083 1487 2167 1514 sonet.
2184 1486 2239 1519 vn,
2257 1495 2291 1518 ix,
2311 1486 2337 1513 5.
