2982 4022
17 482 19 486 ⁴
73 478 83 488 ·
96 476 167 499 Num.
186 481 236 503 seq.

75 794 86 804 ·
96 794 121 814 et
133 795 231 819 uscue
245 795 288 814 cet.

74 825 125 841 exc.
140 825 187 840 nm

75 950 86 962 ⁸
105 955 134 971 ea
155 955 216 977 quae
236 950 292 970 eunt

77 982 126 998 om.
148 975 217 997 codd.
239 980 290 996 exc.

78 1007 149 1024 run.

78 1029 87 1039 ·
105 1033 206 1049 sensum.
216 1028 222 1052 (
232 1029 275 1047 cet.

80 1055 136 1079 om.)
148 1052 212 1075 Unde
225 1052 277 1080 qui·-

80 1079 135 1102 dam
148 1086 170 1101 ι.

79 1156 92 1168 “
104 1155 198 1177 notiora
213 1161 234 1176 z.

23 1187 26 1189 ·
79 1182 192 1209 ”priora
215 1181 292 1203 moab

81 1319 92 1330 ⁸
107 1317 143 1340 illi
156 1323 204 1340 om.
218 1323 255 1339 er..

2 1444 13 1456 m
83 1424 94 1434 ·
109 1424 132 1444 et
144 1422 231 1444 addunt
245 1422 288 1444 rab

2 1457 29 1486 f:-
83 1449 195 1496 μ,ιξίἶὲιιμ
208 1480 295 1496 meon<

83 1507 189 1527 mqrvx.

84 1633 94 1642 ·
109 1635 166 1654 vero
179 1638 228 1654 om.
241 1636 286 1653 mz-

85 1948 96 1958 ¹
114 1946 208 1975 quidam
227 1946 286 1968 codd
291 1963 296 1968 .

84 1979 206 2022 ⁵¹51·AEss

90 2261 103 2273 ¹⁸
133 2260 290 2282 attribuebant

92 2287 161 2309 codd.
169 2293 218 2308 exc.
225 2293 288 2308 mxu.

91 2320 100 2328 ·
117 2317 289 2339 indivisibilita-

92 2346 136 2366 tem
150 2349 171 2365 ε.

91 2371 103 2382 ”
115 2371 236 2398 sequentes
248 2369 303 2390 Em—

87 2395 207 2424 pedoclem
213 2396 301 2417 addas.

92 2475 101 2484 ·
116 2473 204 2495 scilicet
217 2478 301 2500 sequa-

92 2506 130 2522 ces
157 2499 302 2526 Empedoclis

92 2532 140 2548 om.
155 2531 218 2547 mz.

90 2553 103 2564 ⁸
120 2551 209 2573 Unde...
224 2550 303 2572 diver-

93 2578 155 2600 sitas
168 2584 217 2600 orn.
230 2583 267 2599 uz.

1183 275 1293 311 CAP.
1322 274 1375 322 V,
1405 275 1557 310 LECT.
1587 275 1622 310 X

311 359 439 398 nendo
458 356 642 407 principia
662 368 745 393 esse
765 355 966 400 contraria;
987 354 1155 391 secundo
1177 352 1375 401 quomodo

313 413 424 450 simul
444 411 668 449 differebant
696 417 733 446 et
761 409 1056 455 conveniebant,
1085 407 1153 443 ibi:
1179 407 1306 448 Quare
1325 411 1379 442 est

313 466 443 503 eadem
472 464 595 500 dicere
615 464 634 484 ἧς
656 469 724 499 etc.

365 517 466 555 Dicit
499 529 587 564 ergo
623 515 748 564 primo
782 513 888 562 quod
919 511 1157 561 philosophi,
1190 517 1377 559 ponentes

312 569 496 620 principia
515 581 598 606 esse
617 567 812 613 contraria,
830 565 1024 613 dupliciter
1044 563 1277 601 differebant.
1298 562 1378 598 Pri-

314 636 381 661 mo
409 622 566 673 quidem
594 621 682 670 quia
710 619 822 668 aliqui
850 629 984 654 eorum
1014 615 1281 653 rationabiliter
1308 628 1376 664 po-

315 683 459 723 nentes,
475 674 708 723 accipiebant
725 683 795 720 pro
815 670 1009 719 principiis
1027 669 1155 718 priora
1174 668 1376 713 contraria3

317 729 378 766 alii
396 740 489 766 vero
505 725 631 763 minus
649 724 809 773 provide
831 722 1123 768 considerantes,
1145 721 1380 769 accipiebant

316 781 525 831 posteriora
553 777 738 814 contraria
765 774 1048 824 ut*principia.
1079 776 1127 811 Et
1156 786 1290 810 eorum
1315 774 1379 822 qui

317 832 550 882 accipiebant
571 830 698 879 priora
726 828 923 875 contraria,
953 827 1109 876 quidam
1138 827 1381 864 attendebant

316 886 366 923 ad
399 897 443 921 ea
484 882 582 932 quae
611 889 716 919 erant
747 881 895 918 notiora
928 880 1140 917 secundum
1173 880 1378 924 rationem3

317 937 473 986 quidam
491 947 585 973 vero
606 936 654 972 ad
674 947 718 971 ea
737 947 835 983 quae
864 941 951 970 sunt
965 934 984 954 *
1001 933 1150 970 notiora
1165 931 1380 969 'secundum

317 1001 484 1027 sensum.
505 989 524 1009 *
538 989 608 1025 Vel
626 994 751 1036 potest
769 987 842 1024 dici
857 986 962 1035 quod
975 998 1045 1034 per
1058 986 1157 1022 hanc
1172 985 1381 1022 secundam

318 1041 571 1080 differentiam
597 1040 805 1088 assignatur
833 1038 926 1075 ratio
954 1038 1099 1087 primae
1129 1037 1380 1074 differentiae:

318 1107 408 1132 nam
438 1106 483 1131 ea
510 1106 607 1143 quae
636 1100 723 1130 sunt
754 1091 902 1129 notiora
930 1091 1142 1128 secundum
1175 1091 1381 1135 rationem,

319 1155 406 1185 sunt
418 1147 546 1196 priora
561 1148 581 1167 ’ᾗ
597 1145 830 1194 simpliciter;
851 1157 947 1194 quae
961 1156 1055 1181 vero
1075 1151 1163 1180 sunt
1181 1143 1329 1180 notiora
1340 1144 1382 1164 ’Μ’

320 1201 531 1237 secundum
560 1211 728 1245 sensum,
757 1205 845 1235 sunt
870 1197 1080 1246 posteriora
1108 1196 1324 1245 simpliciter
1349 1204 1384 1233 et

318 1253 446 1302 priora
477 1252 607 1301 quoad
639 1264 721 1288 nos.
757 1250 1002 1287 Manifestum
1031 1257 1086 1286 est
1117 1257 1245 1286 autem
1279 1250 1384 1298 quod

320 1312 470 1354 oportet
491 1304 674 1354 principia
703 1316 784 1340 esse
807 1303 940 1351 prima.
969 1303 1080 1340 Unde
1104 1302 1190 1339 illi*
1205 1302 1270 1350 qui
1290 1302 1384 1339 iudi-

321 1359 458 1395 cabant
479 1357 584 1407 prius
605 1357 816 1394 secundum
836 1356 874 1393 id
894 1355 997 1404 quod
1018 1363 1072 1392 est
1093 1355 1217 1392 notius
1238 1355 1382 1402 rationi,

319 1411 515 1460 ponebant
541 1409 726 1459 principia
754 1408 939 1445 contraria
955 1409 975 1429 ’¹‘
989 1406 1116 1456 priora
1144 1408 1383 1456 simpliciter:

321 1464 386 1513 qui
412 1471 506 1501 vero
539 1463 756 1500 iudicabant
788 1461 893 1510 prius
927 1461 1138 1498 secundum
1166 1461 1205 1498 id
1233 1461 1252 1480 '¹‘
1282 1461 1386 1509 quod

322 1524 378 1554 est
409 1517 534 1554 notius
567 1515 705 1561 sensui,
738 1515 933 1563 ponebant
964 1514 1148 1562 principia
1175 1514 1387 1562 posteriora

322 1569 548 1618 simpliciter.
578 1568 689 1605 Unde
718 1567 874 1615 quidam
906 1567 1102 1614 ponebant
1127 1567 1251 1614 prima
1285 1567 1386 1614 prin-

323 1623 420 1671 cipia
448 1621 612 1658 calidum
641 1627 677 1656 et
705 1619 902 1667 frigidum,
939 1619 998 1656 alii
1027 1631 1121 1655 vero
1142 1620 1162 1640 ’³‘
1182 1619 1386 1655 humidum

324 1683 360 1712 et
378 1675 541 1712 siccum:
563 1681 599 1710 et
617 1680 776 1721 utraque
796 1679 883 1708 sunt
901 1671 1049 1709 notiora
1073 1671 1284 1708 secundum
1304 1684 1387 1708 sen-

323 1740 420 1765 sum.
450 1728 601 1763 Tamen
622 1725 786 1762 calidum
809 1732 844 1761 et
859 1725 1047 1772 frigidum,
1073 1736 1172 1771 quae
1192 1731 1278 1760 sunt
1297 1737 1388 1773 qua-

322 1781 442 1818 litates
461 1779 617 1825 activae,
639 1786 726 1815 sunt
747 1777 875 1826 priora
902 1777 1062 1814 humido
1092 1784 1129 1813 et
1156 1777 1268 1822 sicco,
1290 1789 1387 1825 quae

323 1840 410 1870 sunt
437 1832 631 1881 qualitates
658 1830 854 1879 passivae:
889 1830 978 1879 quia
1006 1829 1173 1866 activum
1203 1837 1259 1865 est
1284 1830 1388 1878 prius

322 1885 540 1922 naturaliter
565 1884 731 1932 passivo.
762 1883 834 1919 Alii
857 1895 952 1919 vero
976 1889 1186 1930 posuerunt
1205 1881 1389 1931 principia

322 1938 471 1975 notiora
489 1937 700 1975 secundum
721 1936 918 1972 rationem.
945 1936 1122 1982 Quorum
1147 1934 1260 1983 aliqui
1281 1936 1300 1956 ’³⁴
1319 1947 1388 1983 po-

323 1998 479 2028 suerunt
495 1989 679 2039 principia
696 2001 830 2037 parem
852 1996 888 2025 et
902 1988 1102 2036 imparem,
1123 1987 1264 2024 scilicet
1314 1989 1387 2036 Py-

323 2043 516 2091 thagorici,
547 2042 800 2079 existimantes
829 2041 1076 2078 substantiam
1106 2041 1280 2077 omnium
1305 2053 1388 2077 esse

325 2108 518 2140 numerOS,
549 2103 585 2132 et
612 2095 716 2143 quod
736 2094 865 2130 omnia
885 2101 1167 2142 componuntur
1187 2106 1232 2130 ex
1251 2094 1332 2141 pari
1354 2102 1389 2130 et

325 2148 461 2196 impari
489 2147 584 2183 sicut
612 2159 657 2183 ex
693 2146 818 2182 forma
846 2154 882 2182 et
909 2146 1085 2182 materia:
1108 2143 1198 2182 narn
1226 2146 1307 2194 pari
1336 2154 1387 2182 at-

326 2200 541 2236 tribuebant
567 2199 791 2235 infinitatem
820 2205 856 2233 et
875 2198 1096 2234 alteritatem
1124 2205 1280 2246 propter
1308 2198 1388 2235 eius

328 2251 638 2297 divisibilitatem,
664 2250 799 2298 impari
818 2262 911 2286 vero
939 2250 1183 2286 tribuebant*
1203 2250 1388 2286 finitatem

329 2312 365 2341 et
389 2304 620 2342 identitatem
640 2310 794 2351 propter
812 2315 922 2339 suam
944 2302 1213 2339 indivisionem
1234 2303 1265 2338 ²³².
1297 2303 1389 2348 Qui-

329 2357 419 2394 dam
437 2369 531 2394 vero
552 2358 571 2378 ²¹²
591 2363 800 2404 posuerunt
824 2367 956 2391 causas
984 2355 1234 2402 generationis
1255 2362 1291 2391 et
1310 2368 1389 2391 cor-

329 2409 512 2457 ruptionis
549 2407 776 2446 discordiam
810 2415 846 2444 et
875 2407 1137 2453 concordiam,
1168 2408 1305 2444 scilicet
1333 2420 1389 2444 se-

328 2474 467 2511 quaces
494 2460 738 2509 Empedoclis
766 2461 806 2505 ²⁸,
837 2472 933 2507 quae
972 2467 1058 2496 sunt
1092 2460 1203 2496 etiam
1242 2460 1390 2497 notiora

329 2514 540 2551 secundum
569 2513 765 2550 rationem.
800 2513 911 2549 Unde
939 2514 959 2532 ⁴’
983 2520 1087 2561 patet
1114 2514 1218 2560 quod
1246 2513 1284 2549 in
1312 2513 1389 2550 istis

328 2566 578 2616 positionibus
606 2573 763 2614 apparet
784 2565 976 2613 praedicta
1004 2565 1210 2602 diversitas.

2442 273 2487 309 35

1484 365 1519 400 7.
1532 352 1680 388 Deinde
1698 364 1787 388 cum
1804 351 1908 389 dicit:
1925 353 2053 394 Quare
2067 357 2121 388 est
2134 351 2263 388 eadem
2279 352 2401 388 dicere
2412 359 2493 400 etc.,

1431 405 1594 441 ostendit
1608 405 1807 453 quomodo
1829 405 1867 441 in
1889 405 2098 441 differentia
2115 404 2395 453 praedictarum
2416 404 2496 453 opi-

1431 458 1591 494 nionum
1627 465 1681 494 est
1715 458 1827 494 etiam
1863 458 2053 506 quaedam
2092 457 2374 503 convenientia,
2405 470 2494 494 con-

1432 511 1587 547 cludens
1609 523 1653 547 ex
1672 510 1873 559 praedictis
1902 510 2007 558 quod
2032 510 2323 559 quodammodo
2353 510 2494 558 antiqui

1431 562 1649 612 philosophi
1679 563 1850 599 dixerunt
1879 563 2014 599 eadem
2034 563 2217 611 principia
2246 570 2281 599 et
2309 563 2495 611 quodam-

1433 616 1551 652 modo
1582 616 1716 652 altera:
1747 616 1863 652 altera
1892 616 2048 664 quidem
2077 616 2288 652 secundum
2317 616 2423 664 quod
2442 615 2495 652 di-

1431 669 1533 706 versi
1554 668 1705 705 diversa
1721 668 1905 704 contraria
1925 676 2220 717 assumpserunt,
2238 669 2333 705 sicut
2351 668 2495 705 dictum

1434 729 1490 758 est
1507 722 1544 768 *3
1566 721 1702 757 eadem
1725 733 1819 758 vero
1845 721 2055 758 secundum
2079 722 2311 771 analogiam,
2336 721 2430 758 idest
2453 722 2495 743 *²¹*
2523 744 2545 755 ..

1432 774 1733 822 proportionem,
1755 773 1842 822 quia
1860 774 2042 822 principia
2071 782 2224 822 accepta
2249 775 2296 810 ab
2318 775 2496 811 omnibus

1434 827 1576 863 habent
1604 827 1765 863 eandem
1794 827 2094 875 proportionem.
2117 828 2165 863 Et
2193 828 2267 862 hoc
2294 827 2494 875 tripliciter.

1435 879 1564 916 Primo
1582 879 1738 928 quidem
1752 879 1771 899 '⁴⁸
1786 879 1873 927 quia
1889 892 2153 928 quaecumque
2172 886 2180 900 ‘
2201 879 2382 928 principia
2401 880 2496 916 acci-

1435 932 1589 981 piuntur
1612 933 1660 968 ab
1688 932 1753 978 eis,
1775 944 1815 968 se
1834 933 1975 968 habent
1999 932 2046 969 ad
2067 932 2231 969 invicem
2253 934 2272 953 ‘¹²
2291 940 2333 968 ut
2353 940 2496 969 contra-

1437 985 1506 1021 ria:
1529 992 1565 1021 et
1583 985 1657 1021 hoc
1678 992 1732 1021 est
1751 985 1855 1033 quod
1876 985 1973 1031 dicit,
1991 986 2096 1032 quod
2117 986 2136 1006 '¹‘
2156 998 2290 1022 omnes
2310 985 2498 1034 accipiunt

1436 1037 1620 1086 principia
1644 1049 1693 1073 ex
1716 1038 1845 1073 eadem
1866 1038 2164 1085 coordinatione,
2186 1038 2324 1074 scilicet
2353 1046 2497 1075 contra-

1437 1090 1598 1136 riorum3
1620 1102 1755 1126 omnes
1776 1090 1877 1126 enim
1898 1090 2085 1138 accipiunt
2104 1090 2290 1127 contraria
2307 1103 2378 1139 pro
2398 1091 2498 1139 prin-

1438 1143 1558 1191 cipiis,
1589 1143 1657 1179 sed
1684 1150 1814 1179 tamen
1842 1142 2002 1179 diversa.
2031 1144 2115 1179 Nec
2143 1151 2198 1180 est
2226 1143 2366 1180 mirum
2395 1143 2425 1180 si
2455 1156 2500 1180 ex

1438 1195 1723 1232 coordinatione
1753 1195 2027 1231 contrariorum
2056 1196 2205 1232 diversa
2234 1196 2462 1245 accipiantur
2480 1197 2500 1217 ²²²

1437 1248 1640 1297 principia;
1662 1247 1750 1296 quia
1768 1247 1864 1284 inter
1885 1248 2070 1284 contraria
2089 1249 2280 1297 quaedam
2305 1257 2391 1286 sunt
2411 1262 2500 1286 con-

1437 1301 1682 1347 tinentia,*ut
1709 1300 1836 1348 priora
1865 1308 1900 1336 et
1929 1302 2210 1348 communiora,
2246 1309 2281 1338 et
2309 1302 2500 1349 quaedam

1440 1361 1626 1400 contenta,
1647 1360 1689 1390 ut
1715 1353 1927 1401 posteriora
1948 1361 1984 1389 et
2015 1354 2140 1390 minus
2174 1355 2406 1391 communia.
2429 1357 2501 1391 Iste

1440 1414 1495 1443 est
1521 1406 1631 1454 igitur
1649 1412 1662 1427 κ
1685 1418 1784 1442 unus
1813 1406 1952 1442 modus
1973 1418 2048 1455 quo
2078 1406 2246 1443 similiter
2274 1407 2417 1454 dicunt,
2447 1408 2501 1444 in-

1440 1467 1624 1508 quantum
1640 1471 1775 1495 omnes
1795 1459 1982 1507 accipiunt
1995 1459 2180 1508 principia
2200 1472 2244 1496 ex
2264 1460 2396 1496 ordine
2412 1473 2501 1497 con—

1440 1512 1653 1549 trariorum.
1675 1533 1698 1539 -
1714 1512 1821 1548 Alius
1849 1512 1989 1548 modus
2016 1512 2054 1548 in
2083 1525 2160 1560 quo
2195 1513 2427 1549 conveniunt
2446 1525 2501 1549 se-

1442 1566 1609 1602 cundum
1638 1564 1851 1612 analogiam
1873 1572 1938 1612 est,
1956 1564 2061 1612 quod
2082 1577 2347 1614 quaecumque
2365 1566 2502 1614 princi-

1439 1618 1503 1666 pia
1531 1617 1765 1666 accipiuntur
1788 1618 1836 1653 ab
1866 1617 1930 1663 eis,
1950 1629 2072 1653 unum
2098 1629 2231 1654 eorum
2261 1631 2300 1654 se
2329 1619 2444 1655 habet
2462 1627 2504 1655 ut

1441 1670 1576 1706 melius
1596 1677 1632 1706 et
1650 1669 1752 1706 aliud
1770 1677 1812 1706 ut
1829 1669 1955 1717 peius;
1976 1670 2071 1706 sicut
2087 1671 2105 1690 ⁹⁵
2122 1671 2326 1715 concordia
2343 1673 2405 1707 vel
2424 1673 2503 1720 ple-

1442 1735 1535 1759 num
1554 1723 1616 1759 vel
1645 1722 1810 1758 calidum
1834 1730 1876 1758 ut
1899 1723 2051 1769 melius,
2074 1722 2261 1760 discordia
2288 1737 2382 1761 vero
2403 1725 2422 1744 ⁴*
2441 1726 2503 1762 vel
2529 1734 2540 1745 ⁶

1440 1787 1608 1811 vacuum
1636 1775 1698 1811 vel
1726 1774 1902 1821 frigidum
1930 1783 1971 1811 ut
1997 1775 2125 1823 peius;
2156 1784 2192 1812 et
2215 1776 2268 1812 sic
2300 1785 2355 1813 est
2383 1778 2504 1814 consi-

1442 1828 1573 1864 derare
1602 1827 1640 1863 in
1669 1827 1760 1863 aliis.
1782 1828 1831 1863 Et
1859 1828 1932 1863 hoc
1960 1827 2047 1864 ideo
2077 1836 2144 1875 est,
2167 1829 2254 1877 quia
2283 1842 2435 1878 semper
2454 1831 2504 1866 al-

1441 1888 1565 1917 terum
1585 1880 1859 1916 contrariorum
1879 1880 1993 1916 habet
2006 1881 2260 1928 privationem
2280 1882 2502 1919 admixtam:

1440 1933 1669 1982 principium
1698 1932 1800 1968 enirn
1829 1933 2099 1970 contrarietatis
2129 1941 2184 1970 est
2213 1935 2402 1982 oppositio
2430 1936 2504 1983 pri-

1441 1986 1604 2023 vationis
1633 1993 1669 2022 et
1692 1986 1853 2032 habitus,
1874 1994 1916 2022 ut
1943 1986 2078 2022 dicitur
2097 1986 2134 2022 in
2154 1988 2188 2023 X
2207 1988 2422 2036 Metaphys.
2446 1990 2464 2007 ³³·
2481 2010 2504 2016 —

1442 2039 1572 2076 Tertio
1611 2038 1731 2075 modo
1771 2038 2003 2075 conveniunt
2039 2039 2251 2076 secundum
2291 2041 2503 2088 analogiam

1441 2093 1480 2129 in
1506 2093 1581 2128 hoc
1609 2091 1716 2140 quod
1744 2103 1879 2131 omnes
1908 2091 2096 2139 accipiunt
2126 2092 2309 2140 principia
2337 2094 2503 2130 notiora:

1442 2145 1509 2182 sed
1542 2144 1700 2192 quidam
1734 2144 1882 2180 notiora
1910 2142 1922 2164 λ
1950 2145 2162 2181 secundum
2187 2145 2392 2193 rationem,
2423 2147 2503 2194 qui-

1443 2198 1533 2234 dam
1570 2209 1664 2234 vero
1702 2196 1913 2233 secundum
1949 2210 2115 2235 sensum.
2147 2198 2247 2234 Cum
2277 2199 2378 2235 enim
2411 2200 2504 2235 ratio

1442 2250 1488 2286 sit
1515 2249 1750 2295 universalis,
1771 2261 1903 2286 sensus
1930 2262 2025 2287 vero
2046 2251 2290 2298 particularis,
2311 2252 2505 2289 universa-

1443 2302 1491 2338 lia
1520 2302 1539 2322 *
1568 2309 1655 2338 sunt
1690 2302 1839 2338 notiora
1874 2303 2086 2339 secundum
2120 2304 2326 2350 rationem,
2357 2311 2397 2340 ut
2425 2317 2504 2341 ma-

1443 2367 1560 2401 gnum
1590 2361 1626 2390 et
1643 2366 1826 2401 parvum;
1847 2355 2047 2402 singularia
2074 2368 2169 2392 vero
2190 2357 2402 2393 secundum
2415 2370 2506 2394 *sen-

1444 2419 1541 2453 sum,
1562 2414 1604 2443 ut
1623 2419 1750 2443 rarum
1771 2414 1807 2442 et
1833 2407 2006 2453 densum,
2029 2421 2125 2456 quae
2146 2417 2232 2445 sunt
2255 2409 2382 2446 minus
2402 2423 2505 2447 com-

1444 2459 1585 2496 munia.
1597 2480 1621 2486 -
1633 2460 1681 2495 Et
1695 2459 1748 2495 sic
1762 2459 1894 2495 ultimo
1910 2461 1930 2480 '¹‘
1945 2461 2051 2508 quasi
2072 2461 2297 2509 epilogando
2319 2464 2508 2500 concludit

1443 2512 1548 2560 quod
1576 2511 1828 2560 principaliter
1847 2512 2016 2560 intendit,
2037 2514 2176 2550 scilicet
2195 2515 2300 2562 quod
2323 2515 2506 2564 principia

1444 2573 1530 2602 sunt
1560 2566 1578 2586 ²⁹
1607 2564 1804 2601 contraria.

385 2723 402 2755 ι)
421 2729 624 2755 quaecumque...
642 2721 712 2754 quod
730 2721 829 2746 dicit.—
846 2722 916 2746 Haec
929 2722 1008 2746 verba
1021 2729 1074 2746 om.
1087 2721 1128 2746 hic
1144 2722 1167 2745 R
1181 2726 1206 2746 et
1224 2722 1296 2754 ponit
1315 2722 1391 2752 infm;

331 2758 362 2783 cf.
377 2763 430 2782 not.
443 2757 586 2790 seq.—-Pro
600 2757 736 2788 principia
754 2764 791 2781 ex
809 2757 907 2786 eadem,
922 2757 1056 2788 principia
1074 2757 1210 2782 contraria
1235 2757 1342 2781 diversa
1355 2764 1392 2781 ex

331 2793 422 2818 eadem
441 2791 692 2824 B,princ1·p1·a(om.
714 2791 816 2825 GMNa)
836 2791 896 2816 licet
915 2791 1021 2816 diversa
1040 2798 1077 2816 ex
1095 2792 1186 2816 eadem
1206 2793 1246 2816 ed.
1265 2799 1282 2816 a
1301 2797 1326 2816 et
1344 2797 1391 2816 cet.

332 2828 407 2853 codd.
428 2835 480 2852 exc.
499 2828 658 2851 R.—omnes
676 2826 790 2851 enim...
809 2830 896 2851 tamen
913 2826 1019 2851 diversa
1039 2834 1091 2850 om.
1104 2834 1122 2851 a
1140 2832 1165 2851 et
1183 2828 1257 2851 codd.
1272 2835 1325 2851 exc.
1339 2827 1391 2857 RZ,

332 2863 377 2896 qui
405 2867 492 2887 tamen
520 2862 641 2894 incipiunt
666 2861 734 2886 idest
759 2869 848 2886 omnes
875 2861 1020 2893 accipiunt,
1046 2862 1156 2894 ideoque
1179 2869 1193 2886 a
1224 2862 1332 2886 lectione
1355 2862 1392 2886 Pb

332 2898 438 2923 omnino
457 2897 589 2922 recedunt.

384 2933 409 2965 κ)
430 2933 482 2957 Iste
500 2936 539 2957 est
558 2931 741 2965 igitur.—H1'c
759 2934 798 2956 est
823 2931 907 2964 igitur·
926 2931 962 2961 R,
982 2931 1037 2956 Hic
1054 2934 1093 2956 est
1111 2931 1143 2962 Z;
1164 2939 1231 2956 unus
1256 2940 1309 2957 om.
1329 2933 1360 2956 D.
1373 2946 1393 2951 -

331 2969 382 2993 Pro
401 2968 565 2999 inquantum,
580 2967 748 3000 manifestum
763 2966 1092 2991 ACIKLOSTVXY.—Ad
1105 2966 1168 2991 haec
1186 2967 1273 2996 verba,
1287 2975 1338 2999 quo
1357 2967 1392 2992 si-

332 3003 432 3028 militer
451 3003 568 3027 dicunt...
587 3002 657 3034 quod
676 3008 852 3033 quaecumque
865 3001 1010 3033 principia,
1028 3002 1192 3026 amanuensis
1214 3003 1231 3026 S
1251 3002 1348 3027 notavit
1366 3002 1392 3026 in

333 3038 460 3070 margine:
486 3037 522 3061 al.
544 3037 649 3062 littera:
673 3037 699 3061 in
725 3044 775 3068 quo
800 3043 889 3061 omnes
913 3037 1085 3066 conveniunt,
1107 3037 1263 3069 inquantum
1293 3038 1392 3062 scilicet

334 3079 423 3097 omnes
440 3072 573 3104 accipiunt
591 3072 737 3097 contraria.
752 3072 817 3096 Item
836 3071 994 3096 conueniunt
1012 3072 1038 3096 in
1062 3072 1111 3096 hoc
1129 3073 1200 3104 quod
1224 3079 1392 3104 quaecunque

330 3107 467 3139 principia
485 3107 620 3132 eta—Pro
634 3114 684 3139 quo
698 3107 820 3132 similiter
833 3106 931 3136 dicunt,
948 3107 973 3131 in
990 3114 1040 3139 quo
1055 3114 1144 3132 omnes
1163 3107 1320 3132 conveniunt
1336 3108 1390 3139 RZ;

1445 2722 1536 2754 pergit.
1551 2723 1587 2752 R,
1609 2722 1765 2754 inquantum
1789 2722 1887 2747 scilicet
1912 2729 2002 2746 omnes
2026 2722 2245 2757 communiter-(i)
2264 2725 2403 2749 contraria
2427 2733 2506 2757 quae-

1445 2764 1555 2789 cumque
1570 2757 1706 2789 principia
1730 2757 1897 2789 accipiuntur
1915 2757 1948 2781 ab
1967 2757 2004 2782 eis
2017 2765 2045 2782 se
2063 2758 2159 2782 habent
2171 2759 2207 2783 ad
2226 2759 2336 2784 invicem
2353 2763 2381 2784 ut
2399 2764 2505 2785 contra-

1446 2793 1502 2822 ria,
1522 2795 1548 2817 et
1566 2793 1615 2817 hoc
1633 2795 1672 2816 est
1685 2792 1756 2824 quod
1776 2792 1840 2816 dicit
1855 2792 1904 2823 (cf.
1923 2797 1976 2816 not.
1995 2791 2095 2826 praec.)
2111 2794 2302 2818 conveniuntur
2321 2795 2389 2819 enim
2411 2795 2437 2820 in
2458 2796 2507 2821 hoc

1447 2827 1517 2859 quod
1535 2834 1712 2859 quaecumque
1725 2827 1862 2859 principia
1880 2827 2048 2859 accipiuntur
2066 2828 2098 2852 ab
2122 2828 2159 2853 eis
2175 2836 2254 2854 unum
2270 2837 2364 2863 'eorum
2385 2837 2412 2855 se
2430 2830 2508 2856 habet

1447 2865 1476 2887 ut
1495 2863 1596 2887 melius.

1498 2896 1526 2930 λ)
1545 2898 1593 2922 sed
1611 2897 1719 2930 quidam
1734 2897 1955 2922 notiora.—Haec
1968 2905 2021 2922 om.
2036 2898 2256 2931 AlKOQVXYpC
2275 2905 2301 2924 et
2319 2907 2351 2929 a;
2363 2901 2409 2925 sed
2427 2908 2506 2932 quae-

1448 2932 1509 2957 dam
1529 2933 1635 2957 notiora
1647 2933 1742 2957 habent
1756 2933 1809 2956 PH.
1819 2933 1946 2963 -Statim‚
1961 2941 2008 2965 pro
2028 2934 2137 2965 quidam
2157 2941 2218 2958 vero
2232 2935 2374 2959 secundum
2393 2943 2506 2965 sensum,

1447 2968 1555 2999 quidam
1575 2974 1637 2992 vero
1657 2968 1763 2992 notiora
1780 2968 1923 2992 secundum
1947 2975 2051 2992 sensum
2076 2969 2357 3001 BCDEGIKOQSXY,
2376 2971 2506 3002 quaedam

1446 3010 1508 3027 vero
1528 3003 1634 3027 notiora
1657 3003 1799 3028 secundum
1825 3010 1928 3027 sensum
1953 3004 1994 3033 H,
2018 3004 2126 3035 quidam
2151 3005 2294 3029 secundum
2319 3013 2422 3030 sensum
2449 3006 2507 3030 RZ:

1447 3045 1526 3070 quare
1545 3038 1731 3062 correxerimus
1751 3038 1880 3070 quaedam
1895 3038 1939 3062 PH
1959 3038 1984 3063 in
2003 3039 2110 3070 quidam
2128 3044 2175 3064 cet.
2195 3045 2220 3064 et
2237 3041 2279 3064 ab
2298 3045 2368 3072 patet
2387 3048 2416 3065 ex
2435 3049 2506 3065 num.

1446 3073 1649 3105 praec.-Paulo
1668 3073 1773 3097 inferius
1793 3076 1822 3098 ut
1841 3080 1967 3106 magnum
1986 3076 2012 3098 et
2025 3081 2142 3105 parvum
2161 3082 2214 3099 om.
2229 3075 2257 3106 Z,
2277 3081 2302 3100 et
2320 3076 2363 3100 lin.
2378 3083 2435 3108 seq.
2449 3077 2506 3100 loco

1447 3110 1476 3132 ut
1495 3115 1587 3132 rarum
1606 3111 1633 3133 et
1651 3109 1761 3133 densum
1780 3108 1841 3141 legit
1859 3116 1985 3141 magnum
2005 3112 2032 3134 et
2044 3116 2170 3141 parvum.

2523 718 2532 729 “
2546 717 2616 739 Num.
2632 724 2706 745 praec.

2563 744 2686 765 secundum

2524 770 2577 791 add.
2592 777 2689 791 ΑΒεῐ-Ἰιςι.

2524 802 2645 821 nom-vu.

2524 884 2533 895 “
2542 882 2633 911 quidem
2641 889 2689 904 om.
2699 889 2735 904 η.

2632 920 2639 935 ι

2524 945 2535 956 ⁸
2543 944 2678 966 adinvicem
2688 950 2737 965 om.

2525 977 2560 991 εο.

2525 998 2535 1008 “
2550 997 2613 1025 quod
2627 1003 2675 1018 om.
2692 1003 2728 1018 ιιι.

2527 1202 2535 1210 ·
2543 1202 2664 1221 sumuntur
2670 1200 2738 1221 codd.

2529 1233 2578 1248 exc.
2593 1233 2662 1247 munz.

2531 1679 2538 1687 ·
2555 1678 2653 1700 sicut...

2531 1711 2578 1726 om.
2594 1711 2618 1726 a.

2556 1741 2612 1756 vero
2629 1741 2677 1756 om.
2694 1735 2706 1755 b
2721 1738 2743 1756 et

2532 1761 2600 1783 codd.
2620 1768 2669 1783 exc.
2687 1767 2743 1782 rm«.

2675 1678 2742 1705 peius

2533 1999 2541 2007 ·
2550 1997 2575 2019 S.
2583 1998 2627 2019 Th.
2639 1998 2693 2019 lect.
2702 2005 2744 2019 vr.-

2532 2024 2584 2045 Did.
2595 2025 2634 2045 lib.
2643 2024 2682 2051 IX,
2693 2031 2743 2052 cap.

2532 2057 2563 2077 iv,
2579 2057 2601 2072 n.
2618 2051 2640 2072 6.

2628 2153 2645 2178 λ

2534 2320 2544 2330 “
2559 2319 2735 2340 universaliora

2534 2345 2584 2366 Pub.

2534 2477 2544 2488 ⁸*
2559 2476 2638 2498 ultimo
2649 2483 2696 2498 om.
2707 2483 2744 2498 EG.

2535 2556 2542 2563 ”
2562 2555 2609 2576 sint
2629 2561 2744 2580 A1KLOQST

2534 2587 2571 2602 vv.
