2898 3996
256 727 338 774 'agnda
358 727 424 749 codd.
444 730 466 749 et

250 1203 259 1211 '
274 1201 390 1222 alteratur
403 1206 459 1222 macr

250 1233 413 1249 IKNORTVYZSX.

248 1408 256 1416 ”
271 1406 394 1428 secundam
408 1406 444 1428 ΡΙ).

248 1464 257 1472 '¹
271 1465 325 1484 sunt
338 1469 457 1485 nmnvx

496 276 571 313 336

495 364 593 401 quae
613 365 691 389 non
710 351 898 388 invenitur
915 351 954 388 in
974 350 1196 399 corporibus
1210 349 1434 386 inanimatis.
1456 350 1547 386 Non

496 405 596 442 enim
626 416 786 453 corpora
805 403 1009 440 inanimata
1038 409 1270 450 cognoscunt
1288 413 1398 439 suam
1418 402 1548 438 altera-

494 457 649 503 tionem,
680 456 747 494 sed
766 456 853 493 latet
882 467 944 501 ea;
969 454 1072 502 quod
1101 466 1178 491 non
1206 453 1404 501 accideret,
1432 453 1462 490 si
1490 465 1546 490 se-

495 509 663 546 cundum
687 520 841 546 sensum
870 509 1123 544 alterarentur.
1153 507 1202 542 Et
1229 518 1277 542 ne
1309 505 1441 554 aliquis
1473 506 1548 541 hoc

494 568 682 610 reputaret
717 559 947 609 impossibile
963 588 972 606 ‚
1011 559 1115 607 quod
1152 557 1293 607 aliquid
1330 559 1548 594 alteraretur

494 613 704 651 secundum
724 612 939 649 sensibilem
959 610 1175 659 qualitatem
1195 611 1339 658 absque
1359 622 1472 647 sensu
1496 609 1546 645 al-

493 665 704 712 terationis,
743 663 931 712 subiungit
967 663 1071 711 quod
1108 675 1187 699 non
1222 663 1347 699 solum
1380 663 1454 698 hoc
1491 668 1547 697 est

491 730 628 755 verum
655 717 695 754 in
722 717 835 754 rebus
862 715 1094 762 inanimatis,
1125 714 1192 751 sed
1211 715 1231 735 '¹‘
1258 715 1332 751 hoc
1367 713 1547 761 contingit

492 770 605 807 etiam
641 769 679 806 in
716 769 829 806 rebus
866 767 1051 804 animatis.
1090 766 1193 803 Nihil
1232 766 1332 803 enim
1369 765 1546 815 prohibet

491 822 593 871 quod
622 821 734 858 etiam
758 821 922 858 animata
946 831 1106 868 corpora
1134 820 1246 855 lateat
1271 830 1359 855 cum
1388 819 1546 855 alteran-

489 882 569 920 tur;
605 874 699 910 sicut
727 885 814 914 cum
851 873 975 920 aliqua
1013 871 1180 908 alteratio
1219 870 1353 908 accidit
1389 870 1427 907 in
1455 869 1545 920 ipsis

489 927 633 974 absque
662 925 877 963 alteratione
902 936 1044 971 sensus,
1071 923 1166 960 sicut
1187 925 1206 945 *
1226 935 1314 960 cum
1343 923 1546 960 alterantur

490 979 699 1015 secundum
717 985 842 1026 partes
870 989 948 1013 non
977 975 1183 1013 sensitivas.
1204 997 1228 1003 -
1249 977 1306 1012 Ex
1333 976 1408 1012 hoc
1434 975 1546 1024 igitur

487 1039 599 1080 patet,
630 1030 734 1079 quod
762 1030 791 1066 si
818 1029 1013 1078 passiones
1033 1041 1165 1065 sensus
1194 1035 1280 1065 sunt
1306 1029 1409 1076 tales,
1438 1029 1544 1077 quod

486 1083 576 1120 nihil
596 1090 650 1119 est
677 1082 847 1119 medium
872 1082 968 1118 inter
987 1093 1101 1129 agens
1126 1088 1162 1118 et
1178 1081 1342 1130 patiens3
1364 1088 1400 1117 et
1419 1082 1544 1118 omnis

486 1135 652 1172 alteratio
683 1142 737 1172 est
767 1147 836 1183 per
857 1134 1075 1171 huiusmodi
1101 1133 1299 1182 passiones
1326 1133 1464 1182 quibus
1492 1135 1543 1171 al-

486 1195 649 1225 terantur
678 1188 698 1208 *
725 1199 872 1234 sensus,
907 1186 1076 1234 sequitur
1111 1186 1216 1235 quod
1253 1187 1414 1223 alterans
1451 1186 1543 1224 infe—

485 1253 570 1278 rens
588 1239 786 1289 passiones
810 1246 845 1276 et
863 1240 1061 1276 alteratum
1089 1239 1236 1288 patiens
1259 1239 1332 1276 sint
1355 1239 1478 1287 simul,
1509 1247 1544 1276 et

484 1294 630 1330 nullum
659 1293 704 1329 sit
731 1292 901 1342 ipsorum
929 1291 1112 1328 medium.

539 1347 573 1383 3.
594 1345 741 1382 Deinde
771 1357 859 1382 cum
888 1345 990 1382 dicit:
1018 1345 1124 1381 Huic
1145 1350 1270 1381 autem
1300 1351 1383 1392 etc.‚
1406 1344 1544 1392 probat

484 1398 694 1435 secundum
713 1399 748 1446 *,
769 1398 872 1447 quod
907 1397 945 1434 in
973 1397 1188 1434 alteratione
1221 1409 1354 1434 sensus
1382 1397 1544 1434 alterans

484 1458 520 1488 et
539 1452 735 1487 alteratum
756 1451 864 1488 sint*
879 1450 1001 1497 simul,
1024 1450 1111 1499 quia
1125 1450 1223 1495 huic,
1244 1449 1384 1486 scilicet
1402 1450 1540 1497 sensui,

482 1511 574 1552 puta
600 1503 710 1551 visui,
735 1516 799 1540 aer
826 1503 1021 1539 continuus
1039 1509 1102 1548 est,
1122 1502 1219 1540 idest
1246 1503 1388 1551 absque
1412 1502 1541 1540 medio

484 1556 716 1602 coniunctus,
746 1555 823 1592 aeri
849 1567 944 1592 vero
970 1567 1107 1604 corpus
1125 1554 1289 1601 visibile;
1320 1562 1356 1592 et
1384 1556 1542 1604 superfi-

483 1608 556 1645 cies
583 1608 738 1656 quidem
756 1607 911 1645 visibilis
936 1608 1116 1660 corporis,
1138 1620 1234 1657 quae
1255 1616 1311 1646 est
1330 1607 1561 1645 subiectum

483 1660 628 1707 coloris,
649 1660 869 1697 terminatur
895 1661 947 1697 ad
971 1661 1117 1706 lumen,
1147 1661 1242 1698 idest
1269 1661 1318 1699 ad
1346 1673 1475 1698 aerem
1502 1661 1543 1698 il-

480 1713 717 1759 luminatum,
739 1713 803 1762 qui
821 1713 1045 1750 terminatur
1065 1714 1113 1751 ad
1132 1713 1271 1751 visum.
1301 1714 1350 1750 Et
1368 1713 1422 1750 sic
1440 1721 1544 1763 patet

481 1765 586 1814 quod
604 1778 668 1802 aer
686 1766 874 1814 alteratus,
895 1773 932 1802 et
950 1767 1111 1803 alterans
1129 1766 1267 1815 ipsum,
1284 1773 1371 1803 sunt
1389 1766 1500 1803 simul
1516 1764 1541 1813 ⁸3

481 1825 517 1854 et
553 1818 718 1855 similiter
754 1818 859 1856 visus
892 1819 1066 1856 alteratus
1106 1831 1194 1856 cum
1228 1831 1314 1855 aere
1349 1819 1540 1856 alterante.

480 1871 529 1907 Et
551 1870 719 1908 similiter
747 1879 803 1909 est
830 1871 869 1908 in
892 1871 1022 1909 auditu
1052 1879 1087 1908 et
1114 1871 1152 1908 in
1182 1872 1353 1918 odoratu,
1378 1871 1409 1908 si
1438 1883 1542 1908 com-

1110 271 1455 309 PHYSICORUM
1481 270 1828 308 ARISTOTELIS
1857 271 1951 307 LIB.
1980 271 2048 308 VII

1602 348 1776 385 sensibile
1815 360 1971 397 corpus;
2001 348 2090 397 quia
2117 349 2156 386 hi
2195 361 2327 388 sensus
2364 359 2451 389 sunt
2476 365 2547 402 per
2569 365 2662 392 ·me-

1602 400 1709 437 dium
1736 400 2000 438 extrinsecum.
2032 401 2173 439 Gustus
2210 410 2338 440 autem
2367 411 2404 441 et
2435 417 2550 455 sapor
2575 413 2663 444 sunt

1601 452 1731 499 simul;
1760 464 1839 489 non
1868 452 1969 489 enim
1999 453 2279 502 coniunguntur
2304 467 2374 504 per
2400 457 2554 506 aliquod
2580 470 2661 496 me-

1601 505 1707 541 dium
1736 504 2006 542 extrinsecum:
2029 513 2064 542 et
2091 506 2211 543 simile
2241 515 2297 545 est
2321 508 2368 545 de
2395 516 2507 547 tactu.
2528 510 2578 547 Et
2597 523 2660 548 eo-

1601 556 1690 594 dem
1719 557 1838 594 modo
1867 570 1907 594 se
1935 558 2051 596 habet
2077 558 2114 596 in
2153 560 2266 597 rebus
2299 559 2514 599 inanimatis
2543 569 2580 599 et
2606 562 2660 601 in-

1600 609 1859 657 sensibilibus,
1889 610 2028 648 scilicet
2055 611 2161 660 quod
2198 613 2358 650 alterans
2397 622 2433 651 et
2462 614 2661 653 alteratum

1601 669 1689 699 sunt
1716 662 1839 699 simul.

1652 726 1689 761 4.
1719 714 1868 752 Deinde
1897 727 1986 752 cum
2024 715 2128 753 dicit:
2157 717 2207 754 Et
2242 717 2343 766 quod
2377 723 2540 768 augetur
2568 726 2658 768 etc.‚

1598 767 1737 815 probat
1772 766 1876 804 idem
1911 767 1951 804 in
1979 776 2088 806 motu
2124 769 2317 818 augmenti
2346 777 2383 807 et
2417 771 2659 810 decrementi.

1600 820 1649 855 Et
1674 819 1800 868 primo
1821 819 1860 856 in
1888 827 1996 857 motu
2015 822 2220 869 augmenti.
2243 823 2406 872 Oportet
2433 823 2535 860 enim
2555 825 2660 873 quod

1599 879 1758 920 augetur
1786 879 1822 909 et
1849 879 1962 920 auget
1989 884 2072 910 esse
2101 873 2225 922 simul,
2255 874 2345 924 quia
2373 883 2623 924 augmentum
2641 877 2661 899 '⁸
2688 883 2697 892 ·

1600 931 1655 961 est
1682 923 1872 973 quaedam
1910 925 2113 973 appositio:
2141 938 2212 975 per
2239 927 2519 977 appositionem
2557 929 2660 967 enirn
2699 924 2712 956 '-

1599 976 1754 1013 alicuius
1792 977 1921 1025 quanti
1949 977 2089 1026 aliquid
2127 987 2294 1027 augetur.
2324 981 2374 1017 Et
2401 981 2570 1018 similiter
2606 989 2661 1025 est

1598 1029 1636 1066 in
1665 1029 1929 1075 decremento;
1950 1030 2039 1078 quia
2067 1042 2181 1068 causa
2201 1032 2432 1070 decrementi
2461 1041 2517 1070 est
2544 1045 2659 1082 quae-

1599 1082 1688 1119 dam
1716 1082 1918 1119 subtractio
1939 1082 2096 1119 alicuius
2119 1083 2262 1131 quanti.
2283 1085 2332 1121 Et
2358 1091 2483 1133 potest
2509 1085 2660 1135 intelligi

1597 1134 1692 1171 haec
1718 1134 1894 1183 probatio
1915 1135 1935 1156 '⁸
1955 1134 2162 1184 dupliciter.
2191 1137 2278 1173 Uno
2308 1137 2428 1174 modo
2447 1138 2660 1178 secundum

1597 1186 1703 1236 quod
1730 1186 1856 1236 ipsum
1876 1194 2062 1236 quantum
2091 1189 2309 1237 appositum
2326 1190 2390 1226 vel
2412 1190 2658 1240 subtractum,

1599 1246 1654 1276 est
1679 1239 1900 1288 proximum
1920 1252 2083 1278 movens
2111 1240 2181 1278 illis
2199 1241 2383 1279 motibus:
2411 1254 2503 1281 nam
2523 1250 2560 1281 et
2576 1243 2660 1282 Ari-

1597 1292 1749 1329 stoteles
1778 1291 1865 1329 dicit
1892 1292 1932 1330 in
1960 1293 2128 1330 secundo
2157 1294 2203 1330 de
2224 1294 2365 1332 Anima
2385 1296 2417 1342 ³⁸⁸,
2438 1296 2541 1344 quod
2570 1308 2658 1334 caro

1597 1352 1709 1393 auget
1734 1352 1848 1394 prout
1886 1352 1942 1382 est
1969 1353 2120 1394 quanta.
2154 1347 2205 1383 Et
2231 1346 2285 1384 sic
2312 1347 2509 1385 manifeste
2547 1348 2660 1387 simul

1589 1410 1686 1434 ·cum
1714 1404 1896 1435 movente
1915 1406 2065 1436 motum
2094 1406 2151 1436 est
2167 1404 2199 1436 ⁸:
2226 1411 2305 1437 non
2325 1399 2427 1437 enim
2445 1408 2573 1450 potest
2594 1400 2660 1439 ali-

1597 1450 1690 1499 quid
1712 1451 1854 1499 apponi
1881 1451 1944 1488 vel
1972 1451 2139 1489 subtrahi
2167 1451 2288 1500 alicui,
2318 1453 2348 1490 si
2376 1465 2455 1490 non
2473 1453 2519 1491 sit
2547 1454 2659 1492 simul

1598 1515 1686 1540 cum
1715 1515 1774 1540 eo.
1795 1503 1972 1540 Procedit
2000 1504 2114 1541 etiam
2141 1505 2238 1542 haec
2262 1505 2356 1542 ratio
2385 1505 2432 1543 de
2459 1506 2659 1556 principali

1597 1563 1742 1604 agente.
1762 1556 1962 1605 Appositio
1983 1556 2086 1594 enim
2101 1558 2122 1579 *
2137 1557 2262 1595 omnis
2282 1558 2522 1607 congregatio
2542 1570 2659 1608 quae-

1597 1608 1687 1646 dam
1708 1615 1774 1655 est,
1795 1609 1999 1646 subtractio
2019 1617 2148 1647 autem
2169 1611 2190 1632 ²¹²
2209 1610 2432 1659 disgregatio
2453 1612 2656 1661 quaedam.

1598 1662 1721 1710 Supra
1742 1663 1762 1683 ²⁸³
1781 1669 1909 1699 autem
1938 1669 2134 1700 ostensum
2154 1670 2220 1710 est,
2240 1665 2345 1712 quod
2364 1663 2403 1701 in
2430 1671 2540 1702 motu
2567 1677 2658 1703 con-

1596 1714 1821 1762 gregationis
1850 1722 1887 1751 et
1914 1715 2197 1763 disgregationis
2234 1728 2398 1754 movens
2435 1724 2472 1754 et
2507 1724 2657 1755 motum

1596 1774 1684 1804 sunt
1712 1768 1732 1788 *
1761 1766 1894 1804 simul:
1927 1767 2031 1804 unde
2063 1768 2303 1817 relinquitur,
2333 1769 2440 1819 quod
2473 1769 2587 1807 etiam
2618 1770 2656 1808 in

1596 1827 1704 1856 motu
1742 1820 1935 1867 augmenti
1963 1827 1999 1857 et
2031 1820 2274 1859 decrementi.
2295 1843 2320 1850 -
2336 1823 2385 1859 Et
2417 1822 2470 1859 sic
2501 1822 2657 1861 ulterius

1597 1872 1787 1910 concludit
1813 1872 2085 1920 universaliter,
2116 1874 2220 1923 quod
2249 1874 2345 1911 inter
2367 1874 2544 1912 ultimum
2571 1886 2657 1914 mo-

478 1931 657 1971 parentur
684 1924 733 1961 ad
759 1924 799 1962 id
828 1924 931 1973 quod
958 1924 1127 1973 primum
1155 1932 1299 1972 movet,
1326 1924 1466 1961 scilicet
1493 1924 1542 1962 ad
1567 1921 1571 1974 Ι
1595 1937 1691 1962 vens
1721 1933 1756 1962 et
1773 1925 1942 1974 primum
1971 1933 2120 1963 motum
2148 1926 2238 1963 nihil
2268 1935 2323 1964 est
2350 1927 2534 1965 medium.

531 2054 555 2087 δ)
574 2063 622 2080 aer
636 2056 774 2085 alteratus,
789 2059 816 2081 et
829 2056 947 2081 alterans
961 2057 1054 2089 ipsum,
1069 2059 1132 2081 sunt
1143 2056 1229 2082 simul.
1243 2070 1261 2076 -
1272 2063 1320 2081 aer·
1339 2057 1471 2082 alteratur
1491 2055 1541 2090 (al-

481 2094 582 2116 teratus
594 2091 630 2123 Q)
650 2095 676 2116 et
688 2091 832 2116 secundum
847 2092 965 2117 alterans
979 2092 1065 2123 ipsum
1080 2095 1143 2116 sunt
1156 2092 1235 2116 simul
1243 2092 1455 2122 ACIKMTVXY,
1470 2092 1540 2124 quod

479 2133 497 2150 a
512 2126 626 2158 corrigit:
646 2133 694 2151 aer
708 2127 842 2152 alteratur
855 2130 881 2152 et
894 2127 1037 2153 secundum
1053 2127 1102 2152 hoc
1115 2127 1234 2152 alterans
1246 2130 1272 2152 et
1283 2127 1369 2159 ipsum
1379 2130 1441 2152 sunt
1452 2127 1539 2152 simul.

1646 2057 1669 2092 ε)
1690 2058 1828 2091 manifeste
1845 2058 1926 2083 simul
1940 2065 1999 2083 cum
2014 2061 2134 2083 movente
2153 2061 2253 2084 motum
2267 2062 2316 2084 est.
2328 2074 2347 2078 —
2362 2059 2411 2089 Pl„-
2431 2060 2569 2093 mang'seste
2588 2059 2656 2094 (ma-

1593 2092 1668 2118 xime
1686 2093 1718 2123 G,
1737 2093 1889 2118 immediate
1909 2093 1956 2124 s1-1,
1977 2094 2097 2118 maxime
2115 2097 2229 2126 apparet
2247 2094 2319 2127 quod
2336 2095 2368 2128 F)
2387 2101 2493 2121 movens
2511 2098 2538 2122 et
2554 2097 2656 2121 motam

1593 2131 1632 2153 est
1650 2128 1724 2161 (sunt
1741 2128 1941 2159 BFHOLQRV,
1961 2136 2015 2154 om.
2034 2129 2062 2161 S)
2082 2129 2161 2154 simul
2179 2129 2254 2155 codd.
2273 2134 2299 2154 et
2316 2137 2342 2155 a.

2686 1146 2871 1176 'annom‘

2687 1300 2714 1349 ὲ.
2762 1306 2876 1350 ἰ’ἔειῗ·

2685 1564 2696 1574 '
2710 1565 2836 1586 numm·
2857 1564 2874 1581 -’

2683 1595 2747 1638 :paz
2758 1593 2781 1612 et
2794 1590 2839 1619 ab,
2856 1592 2870 1598 ’

2684 1643 2780 1679 ζνέΥοΡ

2708 1668 2771 1691 Loeg„
2781 1648 2845 1687 ’.ω’
2855 1631 2859 1634 -

2685 1773 2694 1783 ·
2709 1774 2746 1795 εστ
2761 1778 2805 1796 m
2820 1781 2848 1791 -a-
2865 1771 2866 1774 ’

2683 1805 2778 1828 vxrzpo,
2791 1802 2865 1822 eta-³,
