2950 4004
1108 283 1218 320 CAP.
1246 283 1332 331 vn,
1362 283 1512 320 LECT.
1541 285 1611 320 ΧΠ
2378 295 2445 331 141

283 362 388 412 quod
416 369 472 398 est
498 361 568 398 sub
596 360 828 410 privatione:
862 361 950 410 quia
984 361 1122 399 scilicet
1147 360 1337 398 infinitum

283 414 416 454 dicitur
441 426 511 463 per
542 414 796 451 remotionem
832 414 1071 463 perfectionis
1109 421 1145 450 et
1177 413 1336 450 termini.

282 468 332 504 Et
357 474 513 516 propter
538 467 614 504 hoc
641 466 831 515 subiungit
858 466 963 515 quod
996 467 1067 515 ipsi
1092 466 1234 514 infinito
1263 477 1340 502 esse

282 525 338 557 est
355 520 533 568 privatio,
561 519 658 556 idest
685 519 778 556 ratio
807 518 941 556 infiniti
962 518 1002 555 in
1018 517 1230 567 privatione
1251 530 1340 555 con·

283 572 385 610 sistit.
420 573 470 610 Et
495 585 544 610 ne
573 571 704 621 aliquis
731 571 908 619 intelligat
935 570 1040 620 quod
1066 570 1256 607 infinitum
1285 577 1340 607 est

283 625 441 662 materia
469 624 564 662 sicut
590 624 748 662 materia
774 623 909 673 prima,
939 622 1130 670 subiungit
1149 623 1254 671 quod
1271 635 1340 671 per

283 690 324 714 se
343 677 556 716 subiectum
573 675 805 726 privationis,
827 686 925 724 quae
945 675 1134 712 constituit
1153 675 1339 712 rationem

282 730 430 778 infiniti,
456 738 511 768 est
537 730 753 767 continuum
779 727 959 765 sensibile.
989 728 1038 764 Et
1065 728 1139 764 hoc
1163 735 1338 777 apparet,

283 782 373 832 quia
399 782 588 820 infinitum
616 781 720 830 quod
749 787 804 817 est
830 780 869 817 in
896 780 1064 817 numeris
1093 788 1267 818 causatur
1295 793 1340 818 ex

283 834 428 873 infinita
446 834 631 872 divisione
649 832 935 881 magnitudinis3
966 840 1001 870 et
1024 833 1191 870 similiter
1218 833 1340 871 infini-

1391 368 1473 397 turn
1506 363 1544 399 in
1571 369 1743 411 tempore
1778 369 1814 399 et
1841 369 1949 400 motu
1986 369 2160 400 causatur
2194 374 2239 399 ex
2266 362 2450 410 magnitu-

1393 413 1499 450 dine:
1533 414 1634 452 unde
1664 415 1882 464 relinquitur
1909 415 2014 464 quod
2040 415 2209 464 primum
2238 415 2449 452 subiectum

1391 466 1525 503 infiniti
1553 467 1598 504 sit
1627 467 1858 505 continuum.
1889 469 1937 505 Et
1961 468 2048 517 quia
2068 467 2288 516 magnitudo
2318 480 2451 504 secun—

1393 518 1487 555 dum
1511 531 1592 556 esse
1611 532 1689 557 non
1709 528 1764 557 est
1781 528 1953 569 separata
1972 533 1995 557 a
2014 520 2262 562 sensibilibus,
2283 520 2452 568 sequitur

1393 571 1498 620 quod
1525 571 1736 609 subiectum
1770 573 1905 610 infiniti
1932 573 1978 610 sit
2010 573 2196 610 sensibile.
2235 574 2284 610 Et
2310 572 2349 609 in
2376 573 2451 609 hoc

1395 623 1507 660 etiarn
1536 626 1767 662 concordant
1800 638 1934 662 omnes
1963 626 1984 647 *
2012 626 2174 675 antiqui,
2205 625 2269 674 qui
2295 632 2452 662 utuntur
2476 630 2677 679 gffissgorffigssgf

1392 676 1539 713 infinito
1568 676 1663 714 sicut
1688 677 1872 726 principio
1901 678 2094 716 materiali.
2129 677 2240 715 Unde
2268 677 2452 715 inconve-
2473 663 2584 711 phiec-¹⁷

1393 728 1500 766 niens
1533 729 1600 766 fuit
1634 730 1740 778 quod
1773 730 2019 768 attribuerunt
2056 731 2203 768 infinito
2241 731 2449 777 continere,

1396 782 1681 841 cum-materiae
1705 795 1784 820 non
1802 783 1849 820 sit
1868 784 2075 832 continere,
2105 783 2171 821 sed
2190 783 2309 831 magis
2323 784 2343 805 *
2363 795 2451 820 con·
2477 788 2575 836 251²'fu‘
2584 794 2677 815 mom·

1394 841 1512 871 tinen.
