2950 4004
75 1554 85 1562 '
99 1552 171 1575 Num.
186 1551 208 1575 8.

75 1605 86 1616 ¹⁸
101 1604 126 1625 in
145 1603 198 1627 ndd.
216 1610 241 1631 P,
261 1603 290 1625 de

281 2641 405 2678 »do*

1139 275 1250 312 CAP.

307 359 388 384 tanto
410 352 503 382 maior
519 351 672 381 multitudo
687 351 842 390 consurgit.
865 353 944 381 Sicut
962 361 1029 390 ergo
1051 351 1153 380 divisio
1173 353 1203 380 in
1223 350 1367 380 infinitum

309 393 418 422 excedit
439 402 557 420 omnem
579 392 797 421 determinatam
825 392 1052 430 magnitudinem
1073 391 1103 419 in
1125 391 1235 426 minus,
1257 390 1296 418 ita
1317 391 1367 419 ad-

309 433 379 461 ditio
401 431 532 460 infinita'
525 441 554 461 ιιι
575 432 710 467 numeris,
733 432 841 460 excedit
862 441 979 460 omnem
1001 430 1219 459 determinatam
1241 429 1367 458 multitu-

307 471 416 500 dinem.
439 472 494 500 Sed
517 471 590 499 sicut
613 471 724 499 infinita
746 471 848 499 divisio
870 470 1074 508 magnitudinis
1095 478 1155 497 non
1177 476 1218 497 est
1239 469 1269 497 in
1290 475 1368 503 actu,

309 512 360 540 sed
388 511 418 539 in
444 511 596 547 potentia,
616 511 655 539 ita
682 510 791 539 additio
819 510 930 538 infinita
952 518 1150 538 numerorum.
1167 525 1187 530 -
1211 509 1237 536 5.
1259 509 1370 545 Duplex

309 550 422 584 divisio,
437 551 580 589 formalis
601 559 674 587 quae
696 556 738 578 est
758 559 809 586 per
823 549 958 585 opposita
976 555 1003 576 et
1024 554 1122 577 causat
1140 547 1369 582 multitudinem,

310 599 384 627 quae
406 596 448 618 est
469 591 505 618 de
525 589 807 623 transcendentibus,
830 595 857 616 et
878 597 952 624 quae
973 596 1035 615 non
1055 593 1256 624 augmentatur
1277 587 1306 614 in
1328 587 1370 614 in-

309 629 440 665 finitum3
455 636 483 657 et
497 629 665 662 materialis,
681 637 754 665 quae
775 634 818 656 est
835 627 994 655 secundum
1015 627 1215 671 quantitatem,
1230 633 1258 654 ει
1274 633 1372 654 causat

310 678 480 704 numerum,
509 669 558 706 qui
579 675 622 696 est
642 668 750 704 species
774 666 954 703 quantitatis,
983 672 1012 694 et
1037 666 1086 702 qui
1112 665 1315 702 multiplicatur
1342 665 1372 693 in

310 708 471 743 infinitum;
500 708 550 736 sed
570 714 668 735 tamen
695 706 742 734 hic
768 714 905 734 numerus
926 714 987 733 non
1014 705 1054 733 sic
1082 712 1125 733 est
1151 705 1278 733 infinitus
1300 705 1372 733 sicut

311 747 420 784 aliquid
439 746 628 783 permanens',
656 746 707 773 sed
728 745 801 773 sicut
821 753 935 780 semper
962 744 992 772 in
1017 744 1079 772 fieri
1105 744 1236 773 existens
1251 762 1270 766 -
1291 745 1318 772 6.
1341 745 1372 771 Ιιι

311 786 556 830 magnitudinibus
577 794 646 822 ergo
667 793 684 812 e
703 783 849 817 contrario
875 793 906 811 se
927 784 1014 811 habet
1034 793 1068 812 ac
1089 784 1118 812 in
1139 783 1275 812 numeris.
1297 785 1371 811 Nam

311 826 447 855 dividitur
465 825 565 861 utique
585 824 756 852 continuum
777 823 807 851 in
826 823 979 857 infinitum,
1001 823 1095 851 sedin
1110 823 1202 851 maius
1223 833 1283 851 non
1305 832 1372 859 pro—

312 864 442 894 ceditur
434 874 465 892 ιιι
478 863 631 898 infinitum,
653 872 748 900 neque
765 862 851 890 etiam
868 863 1027 890 secundum
1048 863 1216 899 potentiam,
1238 863 1277 891 ita
1293 863 1373 899 quod

312 905 463 932 excedatur
484 902 579 931 omnis
601 902 791 930 determinata
810 901 962 938 quantitas.
988 903 1135 936 Quantum
1163 902 1240 930 enim
1267 911 1372 929 unum-

311 943 449 980 quodque
469 948 512 970 est
533 942 562 969 in
583 941 727 978 potentia,
755 947 867 969 tantum
894 947 989 977 potest
1010 951 1071 969 esse
1098 941 1127 969 in
1148 948 1231 975 actu3
1260 941 1283 968 si
1305 950 1372 977 ergo

311 989 385 1010 esset
410 982 441 1010 in
465 981 597 1018 potentia
622 987 741 1009 naturae
770 981 850 1017 quod
871 987 1008 1008 cresceret
1029 980 1125 1017 aliqua
1148 980 1316 1017 magnitudo
1344 980 1373 1007 in

311 1021 465 1056 infinitum,
481 1027 648 1058 sequeretur
662 1021 742 1057 quod
763 1026 837 1048 esset
857 1026 922 1048 actu
939 1020 1035 1056 aliqua
1049 1019 1218 1056 magnitudo
1234 1018 1374 1047 sensibilis

311 1060 430 1089 infinita.
447 1078 466 1082 -
488 1069 515 1097 7.
540 1059 737 1088 Corollarium
761 1059 900 1096 primum.
930 1060 961 1086 In
982 1059 1102 1086 materia
1129 1058 1223 1095 prima
1249 1067 1309 1086 non
1333 1065 1375 1085 est

311 1100 440 1137 potentia
463 1099 518 1128 nisi
541 1100 579 1127 ad
603 1099 821 1127 determinatam
849 1098 1047 1135 quantitatem.
1079 1098 1275 1126 Corollarium
1303 1098 1374 1125 alte—

312 1149 388 1168 rum.
410 1141 476 1167 Non
499 1145 614 1176 oportet
634 1147 788 1166 numerum
810 1147 871 1166 esse
891 1144 1004 1166 tantum
1025 1137 1054 1165 in
1075 1144 1150 1173 actu,
1171 1144 1312 1174 quantum
1334 1143 1376 1164 εει

480 1232 567 1293 ⁴2⁸
582 1226 677 1285 osita
697 1225 916 1284 definitione
936 1225 1081 1272 infiniti,
1097 1225 1159 1262 hic
1179 1237 1223 1261 ex
1243 1224 1375 1262 defini-

499 1334 565 1377 ἢ,
583 1343 667 1367 rum
704 1342 802 1379 quae
838 1329 885 1367 de
921 1330 1067 1367 infinito
1103 1330 1287 1367 dicuntur
1327 1331 1376 1366 Ει

456 1394 475 1425 κ
546 1379 564 1395 ”
581 1383 706 1432 primo
737 1382 817 1419 eius
846 1382 950 1431 quod
979 1382 1112 1419 dicitur
1145 1383 1192 1419 de
1225 1382 1374 1431 apposi-

313 1437 416 1474 tione
438 1444 473 1472 et
493 1435 678 1472 divisione
707 1434 861 1481 infiniti3
891 1435 1059 1472 secundo
1090 1435 1169 1471 eius
1198 1434 1329 1493 quod'
1321 1447 1375 1471 m-

314 1489 464 1526 finitum
488 1488 527 1524 in
548 1488 706 1525 diversis
735 1487 944 1525 secundum
974 1487 1146 1524 ordinem
1175 1487 1374 1533 invenitur,

315 1541 382 1578 ibi:
416 1541 610 1588 Infinitum
639 1546 762 1576 autem
798 1552 871 1576 non
905 1540 1002 1576 idem
1035 1546 1087 1576 est
1106 1540 1125 1560 ’¹‘
1146 1548 1233 1586 etc.;
1266 1540 1374 1576 tertio

317 1594 396 1631 eius
415 1592 520 1641 quod
539 1591 796 1629 mathematici
815 1600 970 1629 utuntur
984 1593 1003 1613 '¹‘
1022 1592 1180 1640 infinito,
1197 1592 1264 1629 ibi:
1284 1592 1375 1629 Non

315 1650 483 1682 removet
508 1650 632 1681 autem
662 1645 757 1681 ratio
778 1645 798 1666 ‘⁸
819 1652 900 1690 etc.;
922 1652 1054 1693 quarto
1082 1644 1160 1681 eius
1189 1645 1294 1693 quod
1322 1644 1375 1681 in-

314 1697 465 1734 finitum
501 1697 654 1745 ponitur
690 1697 939 1746 principium,
974 1697 1046 1733 ibi:
1086 1698 1272 1738 Quoniam
1310 1709 1376 1732 au-

315 1755 387 1786 tem
407 1761 543 1786 causae
562 1750 581 1768 *
603 1756 671 1786 etc.
702 1749 812 1786 Circa
835 1749 1003 1798 primum
1023 1749 1099 1786 duo
1120 1749 1220 1785 facit:
1251 1749 1375 1797 primo

315 1802 478 1849 assignat
509 1802 696 1838 rationem
726 1801 805 1838 eius
833 1801 938 1849 quod
973 1801 1107 1838 dicitur
1135 1801 1182 1838 de
1215 1801 1374 1847 infinito,

315 1854 412 1892 circa
441 1854 668 1891 divisionem
695 1855 756 1891 vel
778 1855 797 1875 ²¹*
818 1853 1097 1903 appositionem
1125 1854 1164 1890 in
1192 1853 1375 1901 magnitu-

314 1906 480 1959 dinibus3
515 1907 683 1943 secundo
719 1906 798 1943 eius
826 1906 930 1955 quod
969 1906 1102 1943 dicitur
1129 1906 1168 1942 in
1195 1906 1374 1952 numeris,

311 1971 382 2008 per
419 1958 745 2007 comparationem
784 1959 832 1996 ad
869 1959 1159 2006 magnitudines,
1189 1958 1259 1995 ibi:
1298 1960 1376 1996 Ra-

313 2011 537 2049 tionabilzter
564 2017 689 2048 autem
713 2018 767 2048 est
786 2013 805 2033 “²²
827 2019 895 2048 etc.

369 2076 403 2101 2.
425 2064 579 2101 Dictum
600 2071 655 2100 est
674 2072 802 2101 autem
831 2076 945 2112 supra
959 2063 1103 2111 *quod
1127 2063 1313 2111 appositio
1338 2063 1376 2100 in

313 2116 503 2155 infinitum
533 2116 586 2153 sic
613 2116 802 2154 invenitur
829 2117 868 2153 in
896 2116 1235 2163 magnitudinibus,
1270 2116 1375 2164 quod

313 2177 442 2206 tamen
461 2181 539 2206 non
560 2169 750 2206 exceditur
777 2181 845 2218 per
863 2170 936 2206 hoc
965 2180 1231 2216 quaecumque
1256 2168 1375 2205 deter-

313 2221 456 2259 minata
483 2221 716 2269 magnitudo,
756 2223 833 2259 Sed
862 2222 997 2259 divisio
1033 2222 1072 2258 in
1105 2221 1294 2258 infinitum
1323 2221 1376 2258 sic

312 2274 503 2311 invenitur
520 2274 559 2311 in
578 2274 911 2322 magnitudinibus,
928 2274 1032 2322 quod
1052 2273 1257 2311 dividendo
1277 2281 1375 2310 tran-

314 2326 406 2364 situr
433 2339 697 2376 quaecumque
723 2327 908 2375 quantitas
932 2328 970 2364 in
994 2327 1138 2372 minus,
1162 2334 1204 2362 ut
1223 2339 1336 2374 supra
1356 2328 1374 2345 ἦ

315 2379 527 2428 expositum
557 2386 622 2417 est.
658 2380 744 2416 Hoc
777 2387 904 2416 autem
939 2379 1151 2417 secundum
1189 2379 1374 2415 rationem

314 2431 402 2469 dicit
429 2432 617 2470 accidere:
647 2432 737 2480 quia
766 2445 854 2469 curn
882 2433 1071 2469 infinitum
1099 2432 1238 2468 habeat
1266 2431 1375 2468 ratio-

313 2497 403 2522 nem
423 2485 614 2531 materiae,
632 2484 842 2522 continetur
860 2485 958 2522 intus
979 2485 1073 2522 sicut
1091 2484 1263 2521 materia:
1286 2484 1375 2520 illud

314 2544 441 2573 autem
461 2538 565 2586 quod
586 2537 760 2584 continet,
791 2545 846 2574 est
870 2538 1014 2586 species
1039 2545 1074 2574 et
1098 2537 1231 2573 forma.
1254 2537 1375 2573 Mani-

314 2590 450 2626 festum
481 2598 536 2627 est
562 2598 690 2628 autern
710 2602 755 2626 ex
774 2590 816 2626 iis
837 2603 934 2638 quae
965 2590 1062 2627 dicta
1081 2597 1166 2626 sunt
1185 2590 1223 2626 in
1242 2602 1375 2626 secun-

407 2671 416 2688 ,
438 2642 543 2689 quod
566 2650 688 2679 toturn
716 2643 830 2679 habet
858 2643 1042 2680 rationem
1068 2643 1226 2689 formae,
1250 2650 1375 2690 partes

316 2701 444 2730 autem
472 2694 657 2731 rationem
686 2695 876 2731 materiae.
917 2696 1017 2732 Cum
1047 2707 1135 2742 ergo
1165 2695 1203 2731 in
1231 2694 1375 2741 magni-

315 2744 508 2781 tudinibus
536 2758 558 2782 a
585 2754 663 2783 toto
692 2747 765 2783 itur
796 2748 845 2783 ad
872 2754 997 2794 partes
1029 2759 1097 2795 per
1126 2747 1372 2792 divisionem,

316 2796 536 2834 rationabile
566 2805 621 2834 est
648 2798 752 2847 quod
775 2798 827 2835 ibi
845 2799 968 2836 nullus
996 2798 1177 2835 terminus
1205 2798 1372 2835 invenia-

316 2857 387 2896 tur,
408 2849 473 2897 qui
500 2862 579 2886 non
606 2850 889 2887 transcendatur
916 2863 984 2899 per
1011 2851 1197 2887 infinitam
1222 2850 1373 2887 divisio-

315 2914 417 2938 nem.
449 2902 525 2939 Sed
552 2902 591 2939 in
615 2903 805 2940 additione
835 2903 907 2939 itur
934 2916 956 2940 a
983 2903 1151 2951 partibus
1171 2904 1219 2940 ad
1237 2910 1371 2949 totum,

316 2954 420 3003 quod
448 2954 562 2991 habet
590 2955 775 2992 rationem
807 2955 952 2992 formae
987 2955 1209 2992 continentis
1238 2963 1274 2992 et
1302 2962 1372 2992 ter-

315 3006 512 3044 minantis:
550 3007 650 3044 unde
684 3007 902 3044 rationabile
938 3016 993 3045 est
1027 3008 1131 3057 quod
1167 3008 1212 3044 sit
1248 3007 1372 3056 aliqua

316 3058 561 3096 determinata
598 3060 783 3108 quantitas
799 3089 808 3107 ,
851 3073 966 3108 quam
1004 3060 1147 3098 infinita
1185 3061 1370 3109 appositio

315 3123 394 3148 non
421 3113 668 3149 transcendat.
942 3149 945 3150 γ

371 3164 405 3200 3.
418 3164 565 3201 Deinde
578 3177 665 3201 cum
677 3165 774 3201 dicit:
790 3165 1076 3202 Rationahiliter
1085 3171 1208 3201 autem
1219 3171 1273 3202 est
1288 3173 1369 3212 etc.,

316 3215 478 3263 assignat
496 3217 683 3254 rationem
703 3217 749 3254 de
769 3217 913 3253 infinito
934 3218 972 3254 in
987 3218 1165 3265 numeris,
1180 3230 1249 3266 per
1268 3230 1371 3254 com-

314 3267 550 3316 parationem
578 3271 627 3306 ad
655 3269 943 3316 magnitudines.
973 3269 1118 3306 Dicitur
1145 3270 1246 3306 enim
1266 3270 1371 3318 quod

315 3321 354 3356 in
382 3332 542 3357 numero
570 3321 758 3358 invenitur
785 3321 919 3369 aliquis
946 3321 1128 3358 terminus
1160 3322 1199 3358 in
1232 3323 1368 3369 minus,

317 3385 431 3421 quem
460 3385 538 3409 non
566 3381 621 3409 est
649 3373 853 3410 dividendo
881 3373 1164 3410 transcendere:
1198 3374 1264 3410 sed
1292 3387 1370 3411 non

1279 275 1366 321 VII,
1397 275 1546 311 LECT.
1576 276 1658 312 XII.

2407 277 2477 324 139

1421 352 1450 379 in
1471 352 1614 388 potentia,
1637 352 1708 380 sicut
1730 352 1831 380 dicitur
1853 353 1888 380 de
1909 352 2115 389 magnitudine.
2142 353 2216 380 Nam
2238 352 2346 380 additio
2367 353 2479 381 numeri

1421 391 1458 419 ad
1479 401 1631 420 numerum
1653 392 1780 428 sequitur
1801 391 1987 426 divisionem,
2018 401 2091 428 quae
2113 398 2154 419 est
2182 391 2210 419 in
2238 391 2394 427 potentiam
2420 402 2480 420 non

1422 430 1602 458 terminatam
1618 440 1668 467 per
1682 438 1793 466 actum,
1786 442 1792 448 ·
1809 433 1859 459 sed
1873 431 2017 467 appositio
2032 430 2236 475 magnitudinis
2247 431 2324 459 ducit
2340 431 2369 459 in
2383 438 2480 459 actum

1422 470 1622 498 terminantem
1644 471 1811 506 potentiam.
1826 487 1846 491 -
1861 470 2049 507 Perpenditur
2063 470 2146 504 ratio,
2168 479 2255 507 quam
2277 470 2351 499 circa
2365 471 2421 499 hoc
2435 480 2479 499 as—

1424 509 1515 546 signat
1537 510 1764 538 Commentator.
1780 527 1799 531 —
1818 511 1846 538 8
1868 510 2013 538 Infinitum
2035 519 2095 538 non
2116 516 2158 538 est
2178 511 2337 538 secundum
2358 511 2481 538 eandem

1423 548 1565 576 rationem
1580 549 1609 576 in
1624 556 1705 577 motu
1727 555 1754 577 et
1775 549 1804 576 in
1825 549 2021 594 magnitudine
2038 556 2065 577 et
2079 549 2108 576 in
2123 556 2262 585 tempore,
2278 550 2359 586 quasi
2374 550 2409 578 sit
2422 559 2481 578 una

1424 594 1525 615 natura
1546 588 1667 616 univoce
1688 588 1850 624 praedicata
1871 589 1906 616 de
1928 589 1982 623 eis;
2005 589 2054 616 sed
2074 598 2126 624 per
2146 588 2224 625 prius
2246 588 2349 616 dicitur
2369 590 2405 617 de
2420 598 2480 617 ma-

1424 627 1572 663 gnitudine
1593 627 1622 654 in
1644 637 1701 663 qua
1722 634 1763 655 est
1784 634 1895 662 motus,
1925 629 1960 655 de
1987 635 2068 656 motu
2093 635 2211 664 propter
2236 628 2480 665 magnitudinem,

1425 667 1460 694 de
1488 673 1618 703 tempore
1645 673 1741 694 autem
1769 674 1887 704 propter
1909 674 2031 695 motum.
2054 667 2136 695 Ratio
2165 674 2215 703 est,
2238 668 2305 704 quia
2328 667 2480 703 infinitum,

1426 706 1461 733 de
1485 715 1544 742 quo
1565 705 1723 742 loquimur,
1746 706 1883 742 competit
1909 706 2075 743 quantitati;
2097 712 2193 734 motus
2214 713 2310 734 autem
2332 713 2373 735 est
2390 716 2481 744 quan-

1426 752 1471 772 tus
1499 746 1655 773 secundum
1685 745 1928 782 magnitudinem,
1950 753 1978 774 et
1998 753 2111 782 tempus
2132 752 2174 773 est
2196 753 2336 782 quantum
2363 753 2482 782 propter

1427 791 1548 812 motum.
1570 800 1589 805 -
1611 794 1639 820 9.
1662 785 1744 812 Ratio
1767 795 1824 821 qua
1851 785 1968 821 ponitur
1988 795 2048 813 non
2075 785 2136 812 dari
2164 785 2390 822 magnitudinem
2418 785 2482 814 infi-

1426 823 1515 852 nitam
1537 824 1566 851 in
1587 830 1664 859 actu,
1686 833 1746 852 non
1767 831 1895 852 removet
1916 824 2176 852 considerationem
2198 825 2482 861 mathematicorum3

1427 862 1494 899 quia
1511 863 1539 890 hi
1554 873 1614 891 non
1636 863 1763 900 indigent
1777 864 1813 891 ad
1830 873 1895 891 suas
1916 863 2174 891 demonstrationes
2190 864 2300 891 infinito
2322 864 2351 891 in
2372 871 2447 894 actu.
2464 882 2482 886 -

1431 911 1474 930 io.
1497 902 1641 930 Infinitum
1663 909 1704 930 est
1725 902 1896 939 principium
1918 912 1968 930 seu
1990 912 2076 931 causa
2096 902 2167 930 sicut
2188 903 2315 931 materia.
2338 904 2482 931 Infinitum

1427 941 1503 969 enim
1519 942 1604 969 habet
1618 951 1678 969 esse
1694 942 1723 969 in
1739 942 1877 977 potentia,
1895 943 1975 978 quod
1989 949 2031 970 est
2045 942 2194 978 proprium
2210 943 2353 970 materiae.
2370 943 2483 971 Infinito

1427 987 1523 1008 autem
1544 990 1605 1008 non
1633 981 1770 1017 competit
1793 981 1866 1009 ratio
1894 982 2028 1009 materiae
2057 983 2214 1009 secundum
2236 983 2315 1018 quod
2344 983 2413 1010 haec
2441 989 2485 1010 est

1428 1021 1480 1046 sub
1501 1020 1609 1054 forma,
1633 1021 1682 1047 sed
1710 1022 1866 1048 secundum
1888 1022 1967 1057 quod
1989 1028 2031 1048 est
2044 1022 2096 1048 sub
2111 1021 2285 1057 privatione;
2301 1021 2369 1058 quia
2389 1021 2483 1049 infini-

1427 1065 1488 1085 tum
1511 1058 1614 1086 dicitur
1640 1059 1686 1087 hic
1710 1060 1854 1096 privative
1883 1069 1933 1087 seu
1953 1069 2004 1096 per
2031 1060 2221 1088 remotionem
2250 1061 2432 1096 perfectionis
2457 1067 2485 1088 et

1427 1097 1551 1125 termini.
1573 1098 1656 1125 Unde
1677 1098 1749 1126 ratio
1771 1098 1874 1126 infiniti
1894 1099 1923 1126 in
1944 1099 2102 1135 privatione
2122 1099 2266 1135 consistit;
2287 1100 2412 1136 primum
2434 1109 2484 1128 au-

1427 1143 1486 1165 tem
1512 1137 1672 1165 subiectum
1694 1137 1796 1165 infiniti
1818 1145 1860 1166 est
1881 1139 2050 1166 continuum
2072 1139 2213 1167 sensibile.

1428 1223 1583 1261 tionem.
1615 1225 1657 1260 In
1677 1225 1996 1272 magnitudinibus
2025 1233 2152 1262 autern
2173 1234 2226 1262 est
2246 1239 2266 1262 e
2287 1239 2483 1275 converso,

1428 1285 1469 1314 ut
1498 1276 1639 1314 dictum
1670 1284 1724 1313 est
1745 1278 1775 1314 *.

1482 1330 1531 1366 Et
1557 1329 1669 1366 huius
1697 1330 1882 1371 rationem
1912 1330 2089 1377 assignat;
2120 1338 2155 1366 et
2181 1331 2305 1378 primo
2331 1332 2485 1380 quidem

1429 1394 1546 1430 quare
1574 1382 1611 1418 in
1639 1382 1806 1419 numeris
1835 1382 1966 1431 aliquis
1986 1383 2169 1419 terminus
2193 1383 2392 1431 invenitur,
2422 1385 2484 1433 qui

1429 1434 1466 1470 in
1487 1434 1612 1471 minus
1632 1447 1710 1471 non
1729 1435 2003 1472 transcenditur
2031 1435 2248 1472 dividendo.
2271 1436 2393 1472 Huius
2422 1449 2486 1473 au-

1429 1494 1506 1523 tem
1541 1487 1633 1523 ratio
1664 1495 1719 1523 est
1745 1493 1780 1534 “‚
1814 1487 1903 1535 quia
1930 1500 2045 1524 omne
2082 1500 2223 1534 unum,
2263 1489 2486 1536 inquantum

1428 1551 1570 1585 unum,
1610 1547 1666 1576 est
1693 1539 1938 1586 indivisibile,
1978 1540 2073 1576 sicut
2099 1541 2219 1578 homo
2254 1541 2486 1578 indivisibilis

1431 1598 1485 1628 est
1511 1604 1610 1628 unus
1638 1592 1756 1628 homo
1792 1599 1827 1628 et
1854 1604 1932 1628 non
1960 1593 2078 1629 multi.
2114 1593 2332 1639 Quemlibet
2360 1602 2486 1631 autem

1429 1656 1634 1681 numerum
1655 1651 1802 1692 oportet
1822 1645 2010 1681 resolvere
2030 1645 2068 1681 in
2087 1657 2230 1681 unum:
2260 1646 2364 1694 quod
2384 1654 2486 1694 patet

1431 1708 1475 1732 ex
1504 1698 1584 1744 ipsa
1613 1697 1756 1733 ratione
1789 1697 1947 1733 numeri.
1983 1698 2177 1734 Numerus
2207 1697 2307 1734 enim
2339 1699 2412 1734 hoc
2441 1699 2486 1735 si-

1430 1748 1600 1795 gnificat,
1631 1749 1733 1796 quod
1763 1749 1834 1785 sint
1866 1749 1990 1797 aliqua
2025 1750 2133 1798 plura
2165 1763 2263 1786 uno:
2299 1751 2487 1799 quaelibet

1430 1808 1557 1837 autem
1577 1801 1686 1848 plura
1712 1801 1928 1837 excedentia
1955 1814 2075 1838 unum
2103 1803 2124 1822 ³²
2150 1803 2234 1850 plus
2261 1804 2322 1839 vel
2347 1804 2482 1850 minus,

1430 1860 1516 1889 sunt
1535 1853 1804 1890 determinatae
1825 1853 1968 1901 species
1988 1866 2249 1891 numerorum.
2267 1855 2377 1892 Unde
2399 1869 2485 1892 cum

1429 1918 1550 1942 unum
1579 1905 1624 1942 sit
1652 1906 1698 1942 de
1727 1906 1869 1942 ratione
1891 1906 2050 1952 numeri,
2074 1914 2108 1942 et
2135 1908 2182 1943 de
2212 1907 2353 1944 ratione
2373 1908 2484 1945 unius

1430 1957 1475 1994 sit
1502 1957 1795 2004 indivisibilitas,
1835 1958 2001 2006 sequitur
2039 1959 2143 2006 quod
2178 1959 2310 1996 divisio
2339 1961 2487 1997 numeri

1430 2017 1500 2046 stet
1527 2010 1746 2047 intermino
1776 2011 2001 2047 indivisibili.
2033 2012 2148 2058 Quod
2178 2019 2304 2048 autem
2333 2013 2484 2060 dixerat,

1429 2064 1534 2111 quod
1555 2063 1602 2099 de
1622 2063 1764 2099 ratione
1794 2063 1941 2099 numeri
1970 2064 2015 2099 sit
2042 2063 2146 2112 quod
2166 2063 2237 2100 sint
2259 2065 2367 2113 plura
2394 2078 2484 2112 uno,

1430 2115 1641 2152 manifestat
1659 2128 1728 2164 per
1747 2116 1907 2164 species3
1929 2116 2017 2164 quia
2043 2118 2117 2153 duo
2140 2124 2175 2153 et
2193 2116 2261 2153 tria
2281 2125 2316 2153 et
2335 2117 2488 2165 quilibet

1430 2168 1523 2204 alius
1542 2180 1724 2205 numerus
1745 2168 2013 2205 denominatur
2031 2169 2077 2205 ab
2098 2181 2187 2205 uno.
2215 2169 2326 2206 Unde
2355 2170 2487 2207 dicitur

1428 2219 1467 2256 in
1485 2221 1520 2257 V
1538 2221 1752 2268 Metaphys.
1771 2222 1791 2242 '¹‘
1811 2222 1915 2269 quod
1935 2222 1974 2242 ἦ*
1998 2221 2203 2258 substantia
2223 2222 2356 2258 senarii
2378 2230 2431 2259 est
2450 2223 2486 2259 in

1428 2273 1502 2309 hoc
1535 2273 1639 2321 quod
1672 2273 1716 2309 sit
1745 2273 1863 2309 sexies
1890 2286 2032 2320 unum,
2068 2286 2146 2310 non
2178 2282 2306 2311 autem
2339 2275 2376 2311 in
2412 2276 2486 2311 hoc

1430 2326 1534 2373 quod
1562 2325 1607 2362 sit
1641 2325 1697 2362 bis
1730 2326 1799 2362 tria
1825 2327 1887 2362 vel
1920 2333 1975 2362 ter
2009 2324 2106 2363 duo':
2146 2327 2233 2374 quia
2268 2335 2486 2375 sequeretur

1430 2377 1532 2426 quod
1553 2378 1664 2414 unius
1684 2378 1737 2414 rei
1758 2385 1882 2414 essent
1900 2379 2025 2426 plures
2047 2378 2284 2416 definitiones
2308 2388 2342 2416 et
2360 2382 2485 2428 plures

1430 2430 1674 2476 substantiae;
1694 2430 1782 2479 quia
1803 2443 1847 2467 ex
1868 2430 2023 2467 diversis
2041 2431 2208 2480 partibus
2230 2432 2484 2470 diversimode

1431 2483 1619 2531 consurgit
1645 2495 1743 2519 unus
1772 2495 1966 2519 numerus.

1481 2547 1517 2582 4.
1548 2536 1694 2572 Deinde
1724 2548 1811 2572 cum
1841 2535 1947 2572 dicit:
1985 2536 2030 2571 In
2063 2536 2150 2583 plus
2183 2542 2306 2572 autem
2340 2549 2486 2586 semper

1429 2593 1483 2624 est
1509 2588 1712 2637 intelligere
1741 2595 1821 2634 etc.,
1839 2587 1999 2635 assignat
2016 2589 2035 2608 ³⁸
2056 2601 2208 2624 causam
2229 2601 2343 2636 quare
2360 2589 2397 2626 in
2417 2602 2484 2626 nu-

1430 2640 1543 2676 meris
1563 2641 1702 2678 additio
1725 2640 1869 2677 excedit
1897 2652 2052 2676 omnem
2082 2641 2369 2677 determinatam
2390 2643 2484 2678 mul-

1428 2692 1638 2730 titudinem.
1670 2694 1719 2730 Et
1739 2692 1825 2730 dicit
1853 2693 1956 2740 quod
1984 2705 2187 2740 possumus
2213 2706 2363 2742 semper
2381 2694 2484 2731 intel-

1427 2745 1539 2792 ligere
1561 2746 1728 2794 quolibet
1746 2758 1906 2782 numero
1928 2745 2014 2781 dato
2037 2746 2152 2782 alium
2174 2746 2368 2793 maiorem,
2385 2760 2452 2796 per
2466 2748 2486 2767 ’¹‘

1427 2799 1502 2834 hoc
1521 2798 1625 2846 quod
1654 2798 1873 2846 magnitudo
1904 2797 2079 2834 dividitur
2106 2798 2143 2834 in
2171 2798 2371 2835 infinitum.
2403 2800 2484 2836 Ma-

1428 2850 1605 2887 nifestum
1635 2858 1688 2887 est
1722 2851 1822 2887 enim
1857 2851 1959 2899 quod
1993 2850 2125 2887 divisio
2162 2858 2289 2887 causat
2322 2852 2484 2888 multitu-

1429 2902 1578 2939 dinem:
1616 2903 1718 2950 unde
1747 2910 1887 2951 quanto
1915 2904 2000 2951 plus
2033 2903 2210 2940 dividitur
2242 2904 2483 2951 magnitudo,

1427 2962 1528 2991 tanto
1550 2956 1673 2992 maior
1692 2956 1893 2992 multitudo
1923 2956 2129 3003 consurgit3
2161 2964 2196 2992 et
2223 2956 2309 2993 ideo
2336 2957 2383 2993 ad
2403 2957 2485 2994 infi-

1427 3007 1544 3044 nitam
1565 3008 1790 3046 divisionem
1819 3008 2121 3055 magnitudinum
2150 3009 2317 3057 sequitur
2341 3010 2484 3047 infinita

1426 3060 1566 3098 additio
1586 3073 1844 3097 numerorum.
1862 3062 1911 3097 Et
1927 3063 1945 3082 ³²
1965 3061 2052 3098 ideo
2073 3061 2167 3097 sicut
2185 3061 2329 3098 infinita
2350 3063 2482 3099 divisio

1426 3113 1692 3160 magnitudinis
1720 3126 1798 3150 non
1827 3121 1882 3149 est
1908 3113 1946 3150 in
1975 3121 2059 3149 actu
2089 3114 2154 3150 sed
2183 3113 2220 3150 in
2243 3115 2420 3162 potentia,
2448 3123 2483 3151 et

1426 3165 1570 3202 excedit
1590 3178 1703 3202 omne
1730 3166 2020 3202 determinatum
2049 3166 2086 3202 in
2115 3166 2250 3211 minus,
2280 3174 2320 3202 ut
2340 3167 2480 3203 dictum

1426 3225 1480 3254 est
1509 3219 1549 3264 ²¹²3
1578 3218 1628 3254 ita
1656 3217 1795 3254 additio
1825 3230 2073 3254 numerorum
2092 3218 2236 3254 infinita
2263 3230 2340 3254 non
2361 3226 2415 3254 est
2442 3219 2480 3255 in

1425 3277 1509 3306 actu
1537 3270 1604 3307 sed
1636 3270 1675 3307 in
1701 3269 1888 3318 potentia,
1928 3278 1964 3306 et
1997 3270 2140 3306 excedit
2172 3282 2327 3306 ornnem
2362 3270 2480 3308 deter-

1425 3323 1607 3359 minatam
1627 3322 1918 3358 multitudinem.
1950 3322 2025 3358 Sed
2048 3322 2110 3358 hic
2128 3325 2321 3369 numerus,
2343 3323 2406 3371 qui
2426 3324 2479 3360 sic

1424 3374 1463 3411 in
1483 3375 1671 3411 infinitum
1691 3374 1965 3421 multiplicatur,
1995 3386 2072 3410 non
2095 3381 2148 3410 est
2167 3386 2347 3411 numerus
2374 3387 2478 3424 sepa-

78 3435 289 3464 ffnaddmzozn-
315 3425 504 3463 invenitur
528 3425 660 3473 aliquis
679 3425 860 3462 terminus
883 3425 922 3462 in
939 3426 1040 3473 plus;
1062 3425 1149 3473 quia
1164 3426 1183 3444 ⁵
1204 3426 1371 3474 quolibet
1425 3432 1528 3464 ratus
1556 3439 1579 3464 a
1608 3427 1789 3463 decisione
1816 3426 2128 3472 magnitudinum.

28 3490 50 3522 .'
78 3487 91 3500 ⁸
103 3488 159 3510 dato
172 3489 224 3511 add.
239 3495 273 3511 ιιε.

24 3531 42 3547 „—

34 3546 55 3558 su.

316 3490 476 3515 numero
498 3479 517 3499 ‘⁸
547 3485 601 3514 est
628 3477 797 3515 invenire
826 3477 939 3513 aliurn
968 3477 1152 3514 maiorem
1179 3490 1248 3526 per
1267 3478 1370 3515 addi-

1481 3481 1513 3516 5.
1544 3480 1653 3518 Circa
1682 3478 1784 3527 quod
1813 3478 2008 3514 sciendum
2039 3486 2092 3515 est
2121 3479 2223 3526 quod
2257 3479 2410 3528 divisio,
2438 3489 2480 3518 ut

369 3582 396 3617 α)
416 3583 503 3608 Huius
520 3585 609 3608 autem
628 3582 698 3607 ratio
716 3585 763 3607 est.
779 3595 798 3600 -
815 3582 873 3607 Hoc
891 3584 978 3606 autem
1003 3581 1061 3606 ideo
1086 3584 1125 3606 est
1145 3581 1206 3610 EG,
1226 3581 1302 3606 huius
1321 3582 1390 3607 enim
1408 3583 1478 3608 ratio
1496 3587 1536 3608 est
1553 3584 1630 3614 PDH,
1645 3583 1721 3608 huius
1741 3583 1810 3607 ratio
1829 3587 1867 3608 est
1886 3583 1943 3608 edd.
1962 3583 2004 3608 ab
2023 3588 2047 3608 et
2066 3589 2113 3608 cet.
2129 3591 2182 3609 exc.
2195 3584 2319 3610 MORSZ.

2514 1296 2521 1303 ·
2546 1294 2616 1315 Νιιιιι.
2641 1299 2716 1321 praec.

2513 1811 2522 1821 “
2538 1813 2588 1833 sive
2601 1811 2711 1833 addoeab.

2514 2231 2523 2240 ·
2529 2230 2554 2251 S.
2560 2230 2603 2251 Th.
2611 2231 2661 2252 lect.
2667 2237 2725 2252 xvi.-

2514 2256 2566 2278 Did.
2589 2257 2628 2278 lib.
2645 2257 2685 2284 IV,
2705 2264 2728 2279 c.

2514 2289 2560 2309 xiv,
2576 2289 2597 2303 n.
2613 2289 2633 2304 ε.

2515 2309 2536 2319 *⁴
2551 2309 2614 2336 quod
2625 2315 2672 2331 om.
2683 2310 2727 2330 pah

2514 2338 2536 2356 et
2551 2335 2619 2356 codd.
2634 2341 2683 2357 exc.
2701 2342 2727 2357 ιιι

2514 2367 2633 2386 ι-ιιιιιοαιιε.

2511 2597 2521 2607 “
2539 2597 2654 2618 rationem
2675 2597 2726 2619 sive

2512 2623 2565 2644 add.
2580 2629 2615 2645 ac.

2512 2755 2521 2765 '
2533 2756 2632 2782 propter
2645 2760 2723 2775 ιιεοιιιι

2512 2787 2563 2802 onz.

2510 3069 2520 3079 '⁶
2535 3068 2566 3089 Et
2579 3074 2626 3089 om.
2640 3067 2692 3089 rab.

2507 3232 2604 3254 Num.
2619 3238 2645 3254 2:
2668 3236 2690 3254 et

2506 3259 2558 3280 lect.
2568 3265 2595 3286 x,
2610 3265 2633 3281 n.
2642 3264 2662 3287 3.
