<?xml version="1.0" encoding="UTF-8"?>
<!DOCTYPE html PUBLIC "-//W3C//DTD XHTML 1.0 Transitional//EN"
    "http://www.w3.org/TR/xhtml1/DTD/xhtml1-transitional.dtd">
<html xmlns="http://www.w3.org/1999/xhtml" xml:lang="en" lang="en">
 <head>
  <title>
</title>
<meta http-equiv="Content-Type" content="text/html;charset=utf-8" />
  <meta name='ocr-system' content='tesseract 3.04.00' />
  <meta name='ocr-capabilities' content='ocr_page ocr_carea ocr_par ocr_line ocrx_word'/>
</head>
<body>
  <div class='ocr_page' id='page_1' title='image "./operaomniaiussui02thom/operaomniaiussui02thom_0479.png"; bbox 0 0 2898 3996; ppageno 0'>
   <div class='ocr_carea' id='block_1_1' title="bbox 48 347 228 375">
    <p class='ocr_par' dir='ltr' id='par_1_1' title="bbox 48 347 228 375">
     <span class='ocr_line' id='line_1_1' title="bbox 48 347 228 375; baseline -0.017 -5"><span class='ocrx_word' id='word_1_1' title='bbox 48 353 49 356; x_wconf 59' lang='lat'>¹</span> <span class='ocrx_word' id='word_1_2' title='bbox 72 349 83 359; x_wconf 82' lang='lat'>&#39;¹</span> <span class='ocrx_word' id='word_1_3' title='bbox 96 347 166 370; x_wconf 81' lang='lat' dir='ltr'>Num.</span> <span class='ocrx_word' id='word_1_4' title='bbox 180 353 228 375; x_wconf 85' lang='lat' dir='ltr'>seq.</span> 
     </span>
    </p>
   </div>
   <div class='ocr_carea' id='block_1_2' title="bbox 50 497 256 530">
    <p class='ocr_par' dir='ltr' id='par_1_2' title="bbox 40 491 256 530">
     <span class='ocr_line' id='line_1_2' title="bbox 50 497 256 530; baseline -0.009 -4.093"><span class='ocrx_word' id='word_1_5' title='bbox 50 497 53 500; x_wconf 52' lang='lat'><strong>⁴</strong></span> <span class='ocrx_word' id='word_1_6' title='bbox 73 502 256 530; x_wconf 50' lang='lat' dir='ltr'>&#39;&#39;l-emuna.</span> 
     </span>
    </p>
   </div>
   <div class='ocr_carea' id='block_1_3' title="bbox 43 541 208 578">
    <p class='ocr_par' dir='ltr' id='par_1_3' title="bbox 43 541 208 578">
     <span class='ocr_line' id='line_1_3' title="bbox 43 541 208 578; baseline -0.012 0"><span class='ocrx_word' id='word_1_7' title='bbox 43 541 55 578; x_wconf 21' lang='lat'>,¹</span> <span class='ocrx_word' id='word_1_8' title='bbox 72 556 83 566; x_wconf 89' lang='grc'>·</span> <span class='ocrx_word' id='word_1_9' title='bbox 97 555 145 577; x_wconf 68' lang='lat' dir='ltr'>sint</span> <span class='ocrx_word' id='word_1_10' title='bbox 156 555 208 576; x_wconf 66' lang='lat' dir='ltr'>rab.</span> 
     </span>
    </p>
   </div>
   <div class='ocr_carea' id='block_1_4' title="bbox 53 1022 286 1071">
    <p class='ocr_par' dir='ltr' id='par_1_4' title="bbox 53 1022 286 1071">
     <span class='ocr_line' id='line_1_4' title="bbox 70 1022 286 1045; baseline 0 -1"><span class='ocrx_word' id='word_1_11' title='bbox 70 1023 84 1035; x_wconf 68' lang='lat'><strong>‘</strong></span> <span class='ocrx_word' id='word_1_12' title='bbox 98 1022 154 1044; x_wconf 75' lang='lat' dir='ltr'>dicit</span> <span class='ocrx_word' id='word_1_13' title='bbox 171 1028 286 1045; x_wconf 68' lang='lat' dir='ltr'>Ancum</span> 
     </span>
     <span class='ocr_line' id='line_1_5' title="bbox 53 1054 126 1071; baseline 0 0"><span class='ocrx_word' id='word_1_14' title='bbox 53 1055 55 1058; x_wconf 67' lang='lat'><strong><em>¹</em></strong></span> <span class='ocrx_word' id='word_1_15' title='bbox 72 1054 126 1071; x_wconf 84' lang='grc' dir='ltr'>οιτ.</span> 
     </span>
    </p>
   </div>
   <div class='ocr_carea' id='block_1_5' title="bbox 174 1126 189 1160">
    <p class='ocr_par' dir='ltr' id='par_1_5' title="bbox 174 1126 189 1160">
     <span class='ocr_line' id='line_1_6' title="bbox 174 1126 189 1160; baseline 0 0"><span class='ocrx_word' id='word_1_16' title='bbox 174 1126 189 1160; x_wconf 82' lang='grc' dir='ltr'><strong>β</strong></span> 
     </span>
    </p>
   </div>
   <div class='ocr_carea' id='block_1_6' title="bbox 50 1854 286 1946">
    <p class='ocr_par' dir='ltr' id='par_1_6' title="bbox 50 1854 286 1946">
     <span class='ocr_line' id='line_1_7' title="bbox 50 1854 286 1893; baseline 0 -7"><span class='ocrx_word' id='word_1_17' title='bbox 50 1854 54 1859; x_wconf 29' lang='lat'>⁸</span> <span class='ocrx_word' id='word_1_18' title='bbox 73 1865 86 1876; x_wconf 73' lang='lat'><strong><em>⁴</em></strong></span> <span class='ocrx_word' id='word_1_19' title='bbox 99 1865 156 1893; x_wconf 70' lang='lat' dir='ltr'>qnia</span> <span class='ocrx_word' id='word_1_20' title='bbox 170 1871 286 1887; x_wconf 69' lang='lat' dir='ltr'>amnuo</span> 
     </span>
     <span class='ocr_line' id='line_1_8' title="bbox 52 1891 286 1919; baseline 0.004 -7"><span class='ocrx_word' id='word_1_21' title='bbox 52 1906 57 1912; x_wconf 71' lang='grc'><strong>.</strong></span> <span class='ocrx_word' id='word_1_22' title='bbox 73 1897 100 1919; x_wconf 81' lang='grc' dir='ltr'>ο,</span> <span class='ocrx_word' id='word_1_23' title='bbox 119 1897 164 1919; x_wconf 69' lang='lat' dir='ltr'>xpo</span> <span class='ocrx_word' id='word_1_24' title='bbox 177 1891 220 1918; x_wconf 76' lang='lat' dir='ltr'>lac,</span> <span class='ocrx_word' id='word_1_25' title='bbox 239 1897 286 1913; x_wconf 88' lang='lat' dir='ltr'>om.</span> 
     </span>
     <span class='ocr_line' id='line_1_9' title="bbox 53 1920 286 1946; baseline -0.004 -6"><span class='ocrx_word' id='word_1_26' title='bbox 53 1943 55 1946; x_wconf 18' lang='grc' dir='ltr'><em>Α</em></span> <span class='ocrx_word' id='word_1_27' title='bbox 74 1920 119 1940; x_wconf 72' lang='lat' dir='ltr'>eet.</span> <span class='ocrx_word' id='word_1_28' title='bbox 129 1923 286 1943; x_wconf 68' lang='lat' dir='ltr'>exc-unco.</span> 
     </span>
    </p>
   </div>
   <div class='ocr_carea' id='block_1_7' title="bbox 39 2443 268 2472">
    <p class='ocr_par' dir='ltr' id='par_1_7' title="bbox 39 2438 268 2472">
     <span class='ocr_line' id='line_1_10' title="bbox 39 2443 268 2472; baseline -0.009 -5"><span class='ocrx_word' id='word_1_29' title='bbox 39 2455 49 2472; x_wconf 44' lang='grc' dir='ltr'><strong>χ</strong></span> <span class='ocrx_word' id='word_1_30' title='bbox 76 2445 88 2456; x_wconf 81' lang='grc'>·</span> <span class='ocrx_word' id='word_1_31' title='bbox 101 2445 204 2467; x_wconf 68' lang='lat' dir='ltr'>cessavit</span> <span class='ocrx_word' id='word_1_32' title='bbox 215 2443 268 2466; x_wconf 67' lang='lat' dir='ltr'>rab.</span> 
     </span>
    </p>
   </div>
   <div class='ocr_carea' id='block_1_8' title="bbox 0 2548 289 2603">
    <p class='ocr_par' dir='ltr' id='par_1_8' title="bbox 0 2548 289 2603">
     <span class='ocr_line' id='line_1_11' title="bbox 0 2548 289 2575; baseline -0.007 -3"><span class='ocrx_word' id='word_1_33' title='bbox 0 2566 1 2572; x_wconf 40' lang='lat'>1</span> <span class='ocrx_word' id='word_1_34' title='bbox 79 2549 90 2560; x_wconf 84' lang='lat'>&#39;¹</span> <span class='ocrx_word' id='word_1_35' title='bbox 102 2549 193 2571; x_wconf 61' lang='lat' dir='ltr'>scilicet</span> <span class='ocrx_word' id='word_1_36' title='bbox 211 2548 289 2575; x_wconf 65' lang='lat' dir='ltr'>codd„</span> 
     </span>
     <span class='ocr_line' id='line_1_12' title="bbox 51 2573 207 2603; baseline -0.006 -6"><span class='ocrx_word' id='word_1_37' title='bbox 51 2573 60 2580; x_wconf 81' lang='lat'>&#39;‘</span> <span class='ocrx_word' id='word_1_38' title='bbox 77 2580 152 2603; x_wconf 70' lang='lat' dir='ltr'>upon</span> <span class='ocrx_word' id='word_1_39' title='bbox 165 2575 207 2597; x_wconf 79' lang='lat' dir='ltr'>lac.</span> 
     </span>
    </p>
   </div>
   <div class='ocr_carea' id='block_1_9' title="bbox 1136 263 1644 310">
    <p class='ocr_par' dir='ltr' id='par_1_9' title="bbox 1136 263 1644 310">
     <span class='ocr_line' id='line_1_13' title="bbox 1136 263 1644 310; baseline 0.002 -10"><span class='ocrx_word' id='word_1_40' title='bbox 1136 265 1246 300; x_wconf 85' lang='lat' dir='ltr'>CAP.</span> <span class='ocrx_word' id='word_1_41' title='bbox 1276 264 1329 310; x_wconf 90' lang='lat' dir='ltr'>X,</span> <span class='ocrx_word' id='word_1_42' title='bbox 1360 263 1508 299; x_wconf 90' lang='lat' dir='ltr'><strong>LECT.</strong></span> <span class='ocrx_word' id='word_1_43' title='bbox 1539 265 1644 301; x_wconf 92' lang='lat' dir='ltr'>XXII</span> 
     </span>
    </p>
   </div>
   <div class='ocr_carea' id='block_1_10' title="bbox 307 339 1369 1591">
    <p class='ocr_par' dir='ltr' id='par_1_10' title="bbox 307 339 1366 911">
     <span class='ocr_line' id='line_1_14' title="bbox 309 339 1363 389; baseline -0.002 -12"><span class='ocrx_word' id='word_1_44' title='bbox 309 341 351 377; x_wconf 84' lang='lat' dir='ltr'>Si</span> <span class='ocrx_word' id='word_1_45' title='bbox 367 346 490 378; x_wconf 86' lang='lat' dir='ltr'>autem</span> <span class='ocrx_word' id='word_1_46' title='bbox 509 340 621 384; x_wconf 83' lang='lat' dir='ltr'>simul</span> <span class='ocrx_word' id='word_1_47' title='bbox 635 342 654 362; x_wconf 56' lang='lat'>²²</span> <span class='ocrx_word' id='word_1_48' title='bbox 671 348 739 378; x_wconf 90' lang='lat' dir='ltr'>etc.</span> <span class='ocrx_word' id='word_1_49' title='bbox 769 341 951 389; x_wconf 88' lang='lat' dir='ltr'>Proponit</span> <span class='ocrx_word' id='word_1_50' title='bbox 979 353 1069 388; x_wconf 87' lang='lat' dir='ltr'>ergo</span> <span class='ocrx_word' id='word_1_51' title='bbox 1091 339 1363 377; x_wconf 84' lang='lat' dir='ltr'>dubitationem</span> 
     </span>
     <span class='ocr_line' id='line_1_15' title="bbox 307 391 1364 442; baseline -0.002 -13"><span class='ocrx_word' id='word_1_52' title='bbox 307 393 434 442; x_wconf 90' lang='lat' dir='ltr'>primo</span> <span class='ocrx_word' id='word_1_53' title='bbox 463 393 510 429; x_wconf 91' lang='lat' dir='ltr'>de</span> <span class='ocrx_word' id='word_1_54' title='bbox 538 393 596 429; x_wconf 88' lang='lat' dir='ltr'>his</span> <span class='ocrx_word' id='word_1_55' title='bbox 624 405 721 442; x_wconf 87' lang='lat' dir='ltr'>quae</span> <span class='ocrx_word' id='word_1_56' title='bbox 748 394 917 430; x_wconf 84' lang='lat' dir='ltr'>feruntur</span> <span class='ocrx_word' id='word_1_57' title='bbox 943 393 1126 442; x_wconf 88' lang='lat' dir='ltr'>proiecta:</span> <span class='ocrx_word' id='word_1_58' title='bbox 1156 404 1255 440; x_wconf 90' lang='lat' dir='ltr'>quae</span> <span class='ocrx_word' id='word_1_59' title='bbox 1283 391 1364 427; x_wconf 90' lang='lat' dir='ltr'>talis</span> 
     </span>
     <span class='ocr_line' id='line_1_16' title="bbox 311 445 1363 494; baseline -0.003 -12"><span class='ocrx_word' id='word_1_60' title='bbox 311 452 376 482; x_wconf 85' lang='lat' dir='ltr'>est.</span> <span class='ocrx_word' id='word_1_61' title='bbox 403 446 610 482; x_wconf 89' lang='lat' dir='ltr'>Ostensum</span> <span class='ocrx_word' id='word_1_62' title='bbox 639 454 694 482; x_wconf 92' lang='lat' dir='ltr'>est</span> <span class='ocrx_word' id='word_1_63' title='bbox 712 458 826 494; x_wconf 90' lang='lat' dir='ltr'>supra</span> <span class='ocrx_word' id='word_1_64' title='bbox 853 445 891 482; x_wconf 91' lang='lat' dir='ltr'>in</span> <span class='ocrx_word' id='word_1_65' title='bbox 918 445 1101 494; x_wconf 86' lang='lat' dir='ltr'>principio</span> <span class='ocrx_word' id='word_1_66' title='bbox 1129 445 1240 481; x_wconf 90' lang='lat' dir='ltr'>huius</span> <span class='ocrx_word' id='word_1_67' title='bbox 1264 451 1363 479; x_wconf 91' lang='lat' dir='ltr'>octa-</span> 
     </span>
     <span class='ocr_line' id='line_1_17' title="bbox 309 497 1362 547; baseline -0.004 -12"><span class='ocrx_word' id='word_1_68' title='bbox 309 497 392 545; x_wconf 71' lang='lat' dir='ltr'>vi*,</span> <span class='ocrx_word' id='word_1_69' title='bbox 414 498 518 546; x_wconf 93' lang='lat' dir='ltr'>quod</span> <span class='ocrx_word' id='word_1_70' title='bbox 538 510 653 534; x_wconf 91' lang='lat' dir='ltr'>omne</span> <span class='ocrx_word' id='word_1_71' title='bbox 673 498 778 547; x_wconf 92' lang='lat' dir='ltr'>quod</span> <span class='ocrx_word' id='word_1_72' title='bbox 797 506 984 544; x_wconf 90' lang='lat' dir='ltr'>movetur,</span> <span class='ocrx_word' id='word_1_73' title='bbox 1005 498 1053 534; x_wconf 91' lang='lat' dir='ltr'>ab</span> <span class='ocrx_word' id='word_1_74' title='bbox 1074 497 1146 534; x_wconf 85' lang='lat' dir='ltr'>alio</span> <span class='ocrx_word' id='word_1_75' title='bbox 1167 503 1362 542; x_wconf 88' lang='lat' dir='ltr'>movetur,</span> 
     </span>
     <span class='ocr_line' id='line_1_18' title="bbox 312 548 1363 599; baseline -0.003 -13"><span class='ocrx_word' id='word_1_76' title='bbox 312 550 524 587; x_wconf 89' lang='lat' dir='ltr'>dummodo</span> <span class='ocrx_word' id='word_1_77' title='bbox 549 563 627 586; x_wconf 92' lang='lat' dir='ltr'>non</span> <span class='ocrx_word' id='word_1_78' title='bbox 647 550 692 587; x_wconf 91' lang='lat' dir='ltr'>sit</span> <span class='ocrx_word' id='word_1_79' title='bbox 712 552 731 572; x_wconf 60' lang='lat'>²³</span> <span class='ocrx_word' id='word_1_80' title='bbox 751 551 797 586; x_wconf 90' lang='lat' dir='ltr'>de</span> <span class='ocrx_word' id='word_1_81' title='bbox 826 550 894 587; x_wconf 93' lang='lat' dir='ltr'>illis</span> <span class='ocrx_word' id='word_1_82' title='bbox 922 562 1020 599; x_wconf 90' lang='lat' dir='ltr'>quae</span> <span class='ocrx_word' id='word_1_83' title='bbox 1048 556 1206 585; x_wconf 87' lang='lat' dir='ltr'>movent</span> <span class='ocrx_word' id='word_1_84' title='bbox 1230 548 1363 595; x_wconf 90' lang='lat' dir='ltr'>seipsa,</span> 
     </span>
     <span class='ocr_line' id='line_1_19' title="bbox 311 602 1366 651; baseline -0.003 -13"><span class='ocrx_word' id='word_1_85' title='bbox 311 602 406 639; x_wconf 87' lang='lat' dir='ltr'>sicut</span> <span class='ocrx_word' id='word_1_86' title='bbox 432 610 519 639; x_wconf 90' lang='lat' dir='ltr'>sunt</span> <span class='ocrx_word' id='word_1_87' title='bbox 537 602 732 649; x_wconf 80' lang='lat' dir='ltr'>animalia3</span> <span class='ocrx_word' id='word_1_88' title='bbox 754 602 800 639; x_wconf 92' lang='lat' dir='ltr'>de</span> <span class='ocrx_word' id='word_1_89' title='bbox 824 614 987 651; x_wconf 90' lang='lat' dir='ltr'>quorum</span> <span class='ocrx_word' id='word_1_90' title='bbox 1006 612 1166 638; x_wconf 89' lang='lat' dir='ltr'>numero</span> <span class='ocrx_word' id='word_1_91' title='bbox 1181 606 1199 621; x_wconf 67' lang='grc' dir='ltr'>α</span> <span class='ocrx_word' id='word_1_92' title='bbox 1214 612 1292 636; x_wconf 91' lang='lat' dir='ltr'>non</span> <span class='ocrx_word' id='word_1_93' title='bbox 1312 607 1366 636; x_wconf 87' lang='lat' dir='ltr'>est</span> 
     </span>
     <span class='ocr_line' id='line_1_20' title="bbox 311 653 1364 703; baseline -0.004 -12"><span class='ocrx_word' id='word_1_94' title='bbox 311 654 405 703; x_wconf 91' lang='lat' dir='ltr'>lapis</span> <span class='ocrx_word' id='word_1_95' title='bbox 424 654 624 703; x_wconf 90' lang='lat' dir='ltr'>proiectus.</span> <span class='ocrx_word' id='word_1_96' title='bbox 655 656 789 691; x_wconf 89' lang='lat' dir='ltr'>Movet</span> <span class='ocrx_word' id='word_1_97' title='bbox 816 662 943 691; x_wconf 89' lang='lat' dir='ltr'>autern</span> <span class='ocrx_word' id='word_1_98' title='bbox 964 653 1159 701; x_wconf 86' lang='lat' dir='ltr'>corporale</span> <span class='ocrx_word' id='word_1_99' title='bbox 1179 664 1248 701; x_wconf 91' lang='lat' dir='ltr'>per</span> <span class='ocrx_word' id='word_1_100' title='bbox 1277 665 1364 688; x_wconf 91' lang='lat' dir='ltr'>con-</span> 
     </span>
     <span class='ocr_line' id='line_1_21' title="bbox 310 704 1365 754; baseline -0.004 -10"><span class='ocrx_word' id='word_1_101' title='bbox 310 714 463 744; x_wconf 88' lang='lat' dir='ltr'>tactum.</span> <span class='ocrx_word' id='word_1_102' title='bbox 508 707 576 743; x_wconf 92' lang='lat' dir='ltr'>Est</span> <span class='ocrx_word' id='word_1_103' title='bbox 612 719 700 754; x_wconf 89' lang='lat' dir='ltr'>ergo</span> <span class='ocrx_word' id='word_1_104' title='bbox 743 706 924 743; x_wconf 89' lang='lat' dir='ltr'>dubitatio</span> <span class='ocrx_word' id='word_1_105' title='bbox 961 706 1158 753; x_wconf 87' lang='lat' dir='ltr'>quomodo</span> <span class='ocrx_word' id='word_1_106' title='bbox 1199 704 1365 753; x_wconf 89' lang='lat' dir='ltr'>proiecta</span> 
     </span>
     <span class='ocr_line' id='line_1_22' title="bbox 313 759 1365 806; baseline -0.003 -10"><span class='ocrx_word' id='word_1_107' title='bbox 313 759 489 796; x_wconf 88' lang='lat' dir='ltr'>continue</span> <span class='ocrx_word' id='word_1_108' title='bbox 509 767 722 805; x_wconf 89' lang='lat' dir='ltr'>moventur,</span> <span class='ocrx_word' id='word_1_109' title='bbox 753 759 865 795; x_wconf 81' lang='lat' dir='ltr'>etiam</span> <span class='ocrx_word' id='word_1_110' title='bbox 889 765 1091 806; x_wconf 88' lang='lat' dir='ltr'>postquam</span> <span class='ocrx_word' id='word_1_111' title='bbox 1113 770 1191 794; x_wconf 90' lang='lat' dir='ltr'>non</span> <span class='ocrx_word' id='word_1_112' title='bbox 1209 765 1365 804; x_wconf 88' lang='lat' dir='ltr'>tangun-</span> 
     </span>
     <span class='ocr_line' id='line_1_23' title="bbox 311 810 1364 858; baseline -0.002 -10"><span class='ocrx_word' id='word_1_113' title='bbox 311 819 372 848; x_wconf 90' lang='lat' dir='ltr'>tur</span> <span class='ocrx_word' id='word_1_114' title='bbox 403 824 425 848; x_wconf 90' lang='lat' dir='ltr'>a</span> <span class='ocrx_word' id='word_1_115' title='bbox 453 818 643 847; x_wconf 89' lang='lat' dir='ltr'>movente.</span> <span class='ocrx_word' id='word_1_116' title='bbox 673 810 831 847; x_wconf 89' lang='lat' dir='ltr'>Videtur</span> <span class='ocrx_word' id='word_1_117' title='bbox 864 810 966 847; x_wconf 91' lang='lat' dir='ltr'>enim</span> <span class='ocrx_word' id='word_1_118' title='bbox 995 810 1099 858; x_wconf 92' lang='lat' dir='ltr'>quod</span> <span class='ocrx_word' id='word_1_119' title='bbox 1127 817 1364 857; x_wconf 88' lang='lat' dir='ltr'>moveantur,</span> 
     </span>
     <span class='ocr_line' id='line_1_24' title="bbox 312 862 744 911; baseline -0.005 -11"><span class='ocrx_word' id='word_1_120' title='bbox 312 864 416 900; x_wconf 90' lang='lat' dir='ltr'>nullo</span> <span class='ocrx_word' id='word_1_121' title='bbox 444 871 624 900; x_wconf 88' lang='lat' dir='ltr'>movente</span> <span class='ocrx_word' id='word_1_122' title='bbox 651 862 744 911; x_wconf 91' lang='lat' dir='ltr'>ipsa.</span> 
     </span>
    </p>

    <p class='ocr_par' dir='ltr' id='par_1_11' title="bbox 312 914 1369 1591">
     <span class='ocr_line' id='line_1_25' title="bbox 366 914 1365 961; baseline -0.001 -10"><span class='ocrx_word' id='word_1_123' title='bbox 366 927 401 952; x_wconf 88' lang='lat'>2.</span> <span class='ocrx_word' id='word_1_124' title='bbox 422 915 570 951; x_wconf 88' lang='lat' dir='ltr'>Deinde</span> <span class='ocrx_word' id='word_1_125' title='bbox 589 927 677 951; x_wconf 91' lang='lat' dir='ltr'>cum</span> <span class='ocrx_word' id='word_1_126' title='bbox 698 914 801 951; x_wconf 90' lang='lat' dir='ltr'>dicit:</span> <span class='ocrx_word' id='word_1_127' title='bbox 822 915 864 951; x_wconf 88' lang='lat' dir='ltr'>Si</span> <span class='ocrx_word' id='word_1_128' title='bbox 880 920 1003 951; x_wconf 86' lang='lat' dir='ltr'>autem</span> <span class='ocrx_word' id='word_1_129' title='bbox 1017 914 1129 951; x_wconf 84' lang='lat' dir='ltr'>simul</span> <span class='ocrx_word' id='word_1_130' title='bbox 1146 920 1270 951; x_wconf 80' lang='lat' dir='ltr'>movet</span> <span class='ocrx_word' id='word_1_131' title='bbox 1283 921 1365 961; x_wconf 85' lang='lat' dir='ltr'>etc.,</span> 
     </span>
     <span class='ocr_line' id='line_1_26' title="bbox 314 966 1366 1015; baseline -0.001 -12"><span class='ocrx_word' id='word_1_132' title='bbox 314 967 475 1004; x_wconf 87' lang='lat' dir='ltr'>excludit</span> <span class='ocrx_word' id='word_1_133' title='bbox 493 967 686 1015; x_wconf 89' lang='lat' dir='ltr'>quandam</span> <span class='ocrx_word' id='word_1_134' title='bbox 706 966 945 1013; x_wconf 85' lang='lat' dir='ltr'>solutionem,</span> <span class='ocrx_word' id='word_1_135' title='bbox 975 979 1073 1014; x_wconf 91' lang='lat' dir='ltr'>quae</span> <span class='ocrx_word' id='word_1_136' title='bbox 1094 967 1227 1003; x_wconf 90' lang='lat' dir='ltr'>dicitur</span> <span class='ocrx_word' id='word_1_137' title='bbox 1255 966 1366 1002; x_wconf 87' lang='lat' dir='ltr'>fuisse</span> 
     </span>
     <span class='ocr_line' id='line_1_27' title="bbox 312 1018 1366 1068; baseline -0.003 -12"><span class='ocrx_word' id='word_1_138' title='bbox 312 1019 489 1066; x_wconf 86' lang='lat' dir='ltr'>Platonis,</span> <span class='ocrx_word' id='word_1_139' title='bbox 510 1020 574 1067; x_wconf 91' lang='lat' dir='ltr'>qui</span> <span class='ocrx_word' id='word_1_140' title='bbox 603 1020 751 1056; x_wconf 91' lang='lat' dir='ltr'>dicebat</span> <span class='ocrx_word' id='word_1_141' title='bbox 766 1020 786 1041; x_wconf 76' lang='lat'>&#39;¹‘</span> <span class='ocrx_word' id='word_1_142' title='bbox 801 1019 904 1068; x_wconf 91' lang='lat' dir='ltr'>quod</span> <span class='ocrx_word' id='word_1_143' title='bbox 921 1019 1122 1068; x_wconf 91' lang='lat' dir='ltr'>proiiciens</span> <span class='ocrx_word' id='word_1_144' title='bbox 1150 1019 1215 1067; x_wconf 89' lang='lat' dir='ltr'>qui</span> <span class='ocrx_word' id='word_1_145' title='bbox 1242 1018 1366 1066; x_wconf 89' lang='lat' dir='ltr'>primo</span> 
     </span>
     <span class='ocr_line' id='line_1_28' title="bbox 313 1070 1367 1120; baseline -0.003 -12"><span class='ocrx_word' id='word_1_146' title='bbox 313 1072 435 1108; x_wconf 92' lang='lat' dir='ltr'>movit</span> <span class='ocrx_word' id='word_1_147' title='bbox 453 1072 629 1120; x_wconf 82' lang='lat' dir='ltr'>lapidem,</span> <span class='ocrx_word' id='word_1_148' title='bbox 650 1072 893 1109; x_wconf 67' lang='lat' dir='ltr'>simul‘etiam</span> <span class='ocrx_word' id='word_1_149' title='bbox 913 1084 1000 1108; x_wconf 90' lang='lat' dir='ltr'>cum</span> <span class='ocrx_word' id='word_1_150' title='bbox 1020 1071 1143 1120; x_wconf 90' lang='lat' dir='ltr'>lapide</span> <span class='ocrx_word' id='word_1_151' title='bbox 1163 1070 1286 1107; x_wconf 89' lang='lat' dir='ltr'>movit</span> <span class='ocrx_word' id='word_1_152' title='bbox 1305 1070 1367 1106; x_wconf 90' lang='lat' dir='ltr'>ali-</span> 
     </span>
     <span class='ocr_line' id='line_1_29' title="bbox 314 1123 1368 1173; baseline -0.003 -12"><span class='ocrx_word' id='word_1_153' title='bbox 314 1124 402 1173; x_wconf 90' lang='lat' dir='ltr'>quid</span> <span class='ocrx_word' id='word_1_154' title='bbox 422 1124 523 1161; x_wconf 87' lang='lat' dir='ltr'>aliud</span> <span class='ocrx_word' id='word_1_155' title='bbox 537 1123 565 1172; x_wconf 69' lang='grc' dir='ltr'>β,</span> <span class='ocrx_word' id='word_1_156' title='bbox 578 1124 716 1161; x_wconf 88' lang='lat' dir='ltr'>scilicet</span> <span class='ocrx_word' id='word_1_157' title='bbox 734 1137 873 1172; x_wconf 86' lang='lat' dir='ltr'>aerem,</span> <span class='ocrx_word' id='word_1_158' title='bbox 887 1132 922 1161; x_wconf 90' lang='lat' dir='ltr'>et</span> <span class='ocrx_word' id='word_1_159' title='bbox 941 1137 1005 1161; x_wconf 89' lang='lat' dir='ltr'>aer</span> <span class='ocrx_word' id='word_1_160' title='bbox 1023 1131 1149 1160; x_wconf 87' lang='lat' dir='ltr'>motus</span> <span class='ocrx_word' id='word_1_161' title='bbox 1168 1129 1299 1160; x_wconf 89' lang='lat' dir='ltr'>movet</span> <span class='ocrx_word' id='word_1_162' title='bbox 1318 1123 1368 1158; x_wconf 88' lang='lat' dir='ltr'>la-</span> 
     </span>
     <span class='ocr_line' id='line_1_30' title="bbox 312 1175 1368 1225; baseline -0.003 -11"><span class='ocrx_word' id='word_1_163' title='bbox 312 1177 443 1225; x_wconf 90' lang='lat' dir='ltr'>pidem</span> <span class='ocrx_word' id='word_1_164' title='bbox 463 1177 576 1214; x_wconf 90' lang='lat' dir='ltr'>etiam</span> <span class='ocrx_word' id='word_1_165' title='bbox 590 1185 677 1225; x_wconf 89' lang='lat' dir='ltr'>post</span> <span class='ocrx_word' id='word_1_166' title='bbox 697 1185 910 1214; x_wconf 89' lang='lat' dir='ltr'>contactum</span> <span class='ocrx_word' id='word_1_167' title='bbox 925 1176 1157 1225; x_wconf 91' lang='lat' dir='ltr'>proiectoris.</span> <span class='ocrx_word' id='word_1_168' title='bbox 1180 1175 1255 1212; x_wconf 88' lang='lat' dir='ltr'>Sed</span> <span class='ocrx_word' id='word_1_169' title='bbox 1270 1176 1368 1211; x_wconf 89' lang='lat' dir='ltr'>hanc</span> 
     </span>
     <span class='ocr_line' id='line_1_31' title="bbox 315 1228 1368 1278; baseline -0.002 -13"><span class='ocrx_word' id='word_1_170' title='bbox 315 1229 542 1266; x_wconf 89' lang='lat' dir='ltr'>solutionem</span> <span class='ocrx_word' id='word_1_171' title='bbox 564 1229 744 1266; x_wconf 85' lang='lat' dir='ltr'>excludit:</span> <span class='ocrx_word' id='word_1_172' title='bbox 769 1230 857 1278; x_wconf 88' lang='lat' dir='ltr'>quia</span> <span class='ocrx_word' id='word_1_173' title='bbox 876 1229 1042 1266; x_wconf 90' lang='lat' dir='ltr'>similiter</span> <span class='ocrx_word' id='word_1_174' title='bbox 1058 1228 1208 1266; x_wconf 88' lang='lat' dir='ltr'>videtur</span> <span class='ocrx_word' id='word_1_175' title='bbox 1227 1229 1368 1275; x_wconf 90' lang='lat' dir='ltr'>impos-</span> 
     </span>
     <span class='ocr_line' id='line_1_32' title="bbox 314 1281 1367 1329; baseline -0.003 -11"><span class='ocrx_word' id='word_1_176' title='bbox 314 1281 419 1318; x_wconf 89' lang='lat' dir='ltr'>sibile</span> <span class='ocrx_word' id='word_1_177' title='bbox 456 1282 560 1329; x_wconf 92' lang='lat' dir='ltr'>quod</span> <span class='ocrx_word' id='word_1_178' title='bbox 592 1286 793 1318; x_wconf 83' lang='lat' dir='ltr'>moveatur</span> <span class='ocrx_word' id='word_1_179' title='bbox 830 1294 893 1319; x_wconf 89' lang='lat' dir='ltr'>aer</span> <span class='ocrx_word' id='word_1_180' title='bbox 930 1294 1008 1319; x_wconf 93' lang='lat' dir='ltr'>non</span> <span class='ocrx_word' id='word_1_181' title='bbox 1035 1288 1210 1329; x_wconf 87' lang='lat' dir='ltr'>tangente</span> <span class='ocrx_word' id='word_1_182' title='bbox 1242 1292 1367 1328; x_wconf 90' lang='lat' dir='ltr'>neque</span> 
     </span>
     <span class='ocr_line' id='line_1_33' title="bbox 314 1333 1369 1383; baseline -0.002 -13"><span class='ocrx_word' id='word_1_183' title='bbox 314 1341 494 1371; x_wconf 89' lang='lat' dir='ltr'>movente</span> <span class='ocrx_word' id='word_1_184' title='bbox 530 1334 676 1383; x_wconf 80' lang='lat' dir='ltr'>primo,</span> <span class='ocrx_word' id='word_1_185' title='bbox 715 1334 852 1371; x_wconf 89' lang='lat' dir='ltr'>scilicet</span> <span class='ocrx_word' id='word_1_186' title='bbox 887 1335 1121 1383; x_wconf 89' lang='lat' dir='ltr'>proiectore,</span> <span class='ocrx_word' id='word_1_187' title='bbox 1161 1333 1254 1370; x_wconf 90' lang='lat' dir='ltr'>sicut</span> <span class='ocrx_word' id='word_1_188' title='bbox 1291 1339 1369 1369; x_wconf 91' lang='lat' dir='ltr'>erat</span> 
     </span>
     <span class='ocr_line' id='line_1_34' title="bbox 314 1386 1367 1435; baseline -0.002 -12"><span class='ocrx_word' id='word_1_189' title='bbox 314 1386 547 1435; x_wconf 90' lang='lat' dir='ltr'>impossibile</span> <span class='ocrx_word' id='word_1_190' title='bbox 576 1387 622 1423; x_wconf 92' lang='lat' dir='ltr'>de</span> <span class='ocrx_word' id='word_1_191' title='bbox 651 1386 796 1435; x_wconf 89' lang='lat' dir='ltr'>lapide;</span> <span class='ocrx_word' id='word_1_192' title='bbox 825 1387 892 1423; x_wconf 91' lang='lat' dir='ltr'>sed</span> <span class='ocrx_word' id='word_1_193' title='bbox 919 1387 1068 1424; x_wconf 88' lang='lat' dir='ltr'>videtur</span> <span class='ocrx_word' id='word_1_194' title='bbox 1088 1398 1169 1423; x_wconf 89' lang='lat' dir='ltr'>esse</span> <span class='ocrx_word' id='word_1_195' title='bbox 1197 1397 1367 1422; x_wconf 88' lang='lat' dir='ltr'>necessa-</span> 
     </span>
     <span class='ocr_line' id='line_1_35' title="bbox 314 1438 1367 1488; baseline -0.002 -13"><span class='ocrx_word' id='word_1_196' title='bbox 314 1438 412 1475; x_wconf 88' lang='lat' dir='ltr'>rium</span> <span class='ocrx_word' id='word_1_197' title='bbox 440 1439 544 1488; x_wconf 93' lang='lat' dir='ltr'>quod</span> <span class='ocrx_word' id='word_1_198' title='bbox 572 1439 684 1476; x_wconf 90' lang='lat' dir='ltr'>simul</span> <span class='ocrx_word' id='word_1_199' title='bbox 712 1439 804 1476; x_wconf 90' lang='lat' dir='ltr'>dum</span> <span class='ocrx_word' id='word_1_200' title='bbox 831 1439 999 1487; x_wconf 89' lang='lat' dir='ltr'>primum</span> <span class='ocrx_word' id='word_1_201' title='bbox 1027 1451 1188 1475; x_wconf 90' lang='lat' dir='ltr'>movens</span> <span class='ocrx_word' id='word_1_202' title='bbox 1216 1445 1367 1484; x_wconf 89' lang='lat' dir='ltr'>movet,</span> 
     </span>
     <span class='ocr_line' id='line_1_36' title="bbox 315 1490 1367 1540; baseline -0.002 -12"><span class='ocrx_word' id='word_1_203' title='bbox 315 1490 445 1528; x_wconf 88' lang='lat' dir='ltr'>omnia</span> <span class='ocrx_word' id='word_1_204' title='bbox 463 1499 700 1539; x_wconf 84' lang='lat' dir='ltr'>moveantur,</span> <span class='ocrx_word' id='word_1_205' title='bbox 732 1499 767 1528; x_wconf 92' lang='lat' dir='ltr'>et</span> <span class='ocrx_word' id='word_1_206' title='bbox 787 1492 878 1528; x_wconf 93' lang='lat' dir='ltr'>dum</span> <span class='ocrx_word' id='word_1_207' title='bbox 897 1492 1063 1540; x_wconf 91' lang='lat' dir='ltr'>primum</span> <span class='ocrx_word' id='word_1_208' title='bbox 1084 1503 1246 1528; x_wconf 88' lang='lat' dir='ltr'>movens</span> <span class='ocrx_word' id='word_1_209' title='bbox 1265 1490 1367 1538; x_wconf 88' lang='lat' dir='ltr'>quie-</span> 
     </span>
     <span class='ocr_line' id='line_1_37' title="bbox 315 1543 1367 1591; baseline -0.001 -11"><span class='ocrx_word' id='word_1_210' title='bbox 315 1543 402 1590; x_wconf 89' lang='lat' dir='ltr'>scit,</span> <span class='ocrx_word' id='word_1_211' title='bbox 431 1543 527 1580; x_wconf 91' lang='lat' dir='ltr'>idest</span> <span class='ocrx_word' id='word_1_212' title='bbox 555 1552 675 1580; x_wconf 92' lang='lat' dir='ltr'>cessat</span> <span class='ocrx_word' id='word_1_213' title='bbox 702 1556 724 1580; x_wconf 93' lang='lat' dir='ltr'>a</span> <span class='ocrx_word' id='word_1_214' title='bbox 751 1545 968 1591; x_wconf 87' lang='lat' dir='ltr'>movendo,</span> <span class='ocrx_word' id='word_1_215' title='bbox 999 1544 1128 1580; x_wconf 89' lang='lat' dir='ltr'>omnia</span> <span class='ocrx_word' id='word_1_216' title='bbox 1156 1543 1367 1591; x_wconf 90' lang='lat' dir='ltr'>quiescant;</span> 
     </span>
    </p>
   </div>
   <div class='ocr_carea' id='block_1_11' title="bbox 234 1596 1368 1652">
    <p class='ocr_par' dir='ltr' id='par_1_12' title="bbox 234 1596 1368 1652">
     <span class='ocr_line' id='line_1_38' title="bbox 234 1596 1368 1652; baseline -0.001 -20"><span class='ocrx_word' id='word_1_217' title='bbox 234 1619 256 1652; x_wconf 41' lang='lat'>.-</span> <span class='ocrx_word' id='word_1_218' title='bbox 280 1645 287 1651; x_wconf 30' lang='grc' dir='ltr'><strong><em>ι</em></strong></span> <span class='ocrx_word' id='word_1_219' title='bbox 315 1596 490 1643; x_wconf 88' lang='lat' dir='ltr'>quamvis</span> <span class='ocrx_word' id='word_1_220' title='bbox 512 1596 624 1633; x_wconf 88' lang='lat' dir='ltr'>etiam</span> <span class='ocrx_word' id='word_1_221' title='bbox 645 1597 785 1644; x_wconf 90' lang='lat' dir='ltr'>aliquid</span> <span class='ocrx_word' id='word_1_222' title='bbox 796 1598 814 1617; x_wconf 67' lang='lat'>’¹²</span> <span class='ocrx_word' id='word_1_223' title='bbox 827 1604 975 1633; x_wconf 89' lang='lat' dir='ltr'>motum</span> <span class='ocrx_word' id='word_1_224' title='bbox 991 1609 1013 1632; x_wconf 90' lang='lat' dir='ltr'>a</span> <span class='ocrx_word' id='word_1_225' title='bbox 1026 1596 1151 1645; x_wconf 91' lang='lat' dir='ltr'>primo</span> <span class='ocrx_word' id='word_1_226' title='bbox 1175 1602 1368 1642; x_wconf 88' lang='lat' dir='ltr'>movente,</span> 
     </span>
    </p>
   </div>
   <div class='ocr_carea' id='block_1_12' title="bbox 312 1648 1377 3006">
    <p class='ocr_par' dir='ltr' id='par_1_13' title="bbox 313 1648 1368 1749">
     <span class='ocr_line' id='line_1_39' title="bbox 315 1648 1368 1698; baseline -0.001 -13"><span class='ocrx_word' id='word_1_227' title='bbox 315 1648 410 1685; x_wconf 90' lang='lat' dir='ltr'>sicut</span> <span class='ocrx_word' id='word_1_228' title='bbox 436 1648 549 1697; x_wconf 90' lang='lat' dir='ltr'>lapis,</span> <span class='ocrx_word' id='word_1_229' title='bbox 583 1649 693 1686; x_wconf 84' lang='lat' dir='ltr'>faciat</span> <span class='ocrx_word' id='word_1_230' title='bbox 719 1649 858 1698; x_wconf 91' lang='lat' dir='ltr'>aliquid</span> <span class='ocrx_word' id='word_1_231' title='bbox 887 1649 1052 1696; x_wconf 74' lang='lat' dir='ltr'>moveri,</span> <span class='ocrx_word' id='word_1_232' title='bbox 1086 1649 1180 1685; x_wconf 80' lang='lat' dir='ltr'>sient</span> <span class='ocrx_word' id='word_1_233' title='bbox 1203 1648 1242 1685; x_wconf 93' lang='lat' dir='ltr'>id</span> <span class='ocrx_word' id='word_1_234' title='bbox 1265 1648 1368 1696; x_wconf 91' lang='lat' dir='ltr'>quod</span> 
     </span>
     <span class='ocr_line' id='line_1_40' title="bbox 313 1701 811 1749; baseline 0.002 -12"><span class='ocrx_word' id='word_1_235' title='bbox 313 1701 439 1749; x_wconf 91' lang='lat' dir='ltr'>primo</span> <span class='ocrx_word' id='word_1_236' title='bbox 468 1701 591 1738; x_wconf 90' lang='lat' dir='ltr'>movit</span> <span class='ocrx_word' id='word_1_237' title='bbox 619 1703 811 1747; x_wconf 87' lang='lat' dir='ltr'>movebat.</span> 
     </span>
    </p>

    <p class='ocr_par' dir='ltr' id='par_1_14' title="bbox 312 1753 1377 3006">
     <span class='ocr_line' id='line_1_41' title="bbox 370 1753 1368 1799; baseline -0.002 -9"><span class='ocrx_word' id='word_1_238' title='bbox 370 1754 404 1790; x_wconf 85' lang='lat'>3.</span> <span class='ocrx_word' id='word_1_239' title='bbox 433 1753 580 1790; x_wconf 90' lang='lat' dir='ltr'>Deinde</span> <span class='ocrx_word' id='word_1_240' title='bbox 611 1766 698 1790; x_wconf 90' lang='lat' dir='ltr'>curn</span> <span class='ocrx_word' id='word_1_241' title='bbox 727 1754 833 1791; x_wconf 88' lang='lat' dir='ltr'>dicit:</span> <span class='ocrx_word' id='word_1_242' title='bbox 862 1753 1024 1791; x_wconf 83' lang='lat' dir='ltr'>Necesse</span> <span class='ocrx_word' id='word_1_243' title='bbox 1051 1759 1175 1789; x_wconf 86' lang='lat' dir='ltr'>autem</span> <span class='ocrx_word' id='word_1_244' title='bbox 1195 1754 1265 1788; x_wconf 87' lang='lat' dir='ltr'>hoc</span> <span class='ocrx_word' id='word_1_245' title='bbox 1291 1753 1368 1799; x_wconf 86' lang='lat' dir='ltr'>qui-</span> 
     </span>
     <span class='ocr_line' id='line_1_42' title="bbox 315 1804 1371 1854; baseline -0.002 -12"><span class='ocrx_word' id='word_1_246' title='bbox 315 1806 398 1842; x_wconf 87' lang='lat' dir='ltr'>dem</span> <span class='ocrx_word' id='word_1_247' title='bbox 422 1806 544 1842; x_wconf 87' lang='lat' dir='ltr'>dicere</span> <span class='ocrx_word' id='word_1_248' title='bbox 564 1813 646 1853; x_wconf 92' lang='lat' dir='ltr'>etc.,</span> <span class='ocrx_word' id='word_1_249' title='bbox 666 1807 774 1854; x_wconf 89' lang='lat' dir='ltr'>ponit</span> <span class='ocrx_word' id='word_1_250' title='bbox 801 1818 910 1842; x_wconf 90' lang='lat' dir='ltr'>suam</span> <span class='ocrx_word' id='word_1_251' title='bbox 939 1805 1178 1842; x_wconf 88' lang='lat' dir='ltr'>solutionem.</span> <span class='ocrx_word' id='word_1_252' title='bbox 1207 1806 1256 1841; x_wconf 87' lang='lat' dir='ltr'>Et</span> <span class='ocrx_word' id='word_1_253' title='bbox 1285 1804 1371 1841; x_wconf 90' lang='lat' dir='ltr'>dicit</span> 
     </span>
     <span class='ocr_line' id='line_1_43' title="bbox 314 1857 1370 1906; baseline -0.002 -12"><span class='ocrx_word' id='word_1_254' title='bbox 314 1858 419 1906; x_wconf 92' lang='lat' dir='ltr'>quod</span> <span class='ocrx_word' id='word_1_255' title='bbox 438 1858 469 1894; x_wconf 93' lang='lat' dir='ltr'>si</span> <span class='ocrx_word' id='word_1_256' title='bbox 486 1859 505 1880; x_wconf 86' lang='grc'><em>*</em></span> <span class='ocrx_word' id='word_1_257' title='bbox 519 1860 728 1895; x_wconf 88' lang='lat' dir='ltr'>secundum</span> <span class='ocrx_word' id='word_1_258' title='bbox 746 1871 907 1895; x_wconf 88' lang='lat' dir='ltr'>movens</span> <span class='ocrx_word' id='word_1_259' title='bbox 931 1865 1062 1894; x_wconf 89' lang='lat' dir='ltr'>movet</span> <span class='ocrx_word' id='word_1_260' title='bbox 1093 1865 1242 1894; x_wconf 87' lang='lat' dir='ltr'>motum</span> <span class='ocrx_word' id='word_1_261' title='bbox 1262 1869 1283 1893; x_wconf 91' lang='lat' dir='ltr'>a</span> <span class='ocrx_word' id='word_1_262' title='bbox 1297 1857 1370 1905; x_wconf 90' lang='lat' dir='ltr'>pri-</span> 
     </span>
     <span class='ocr_line' id='line_1_44' title="bbox 312 1909 1369 1958; baseline -0.002 -11"><span class='ocrx_word' id='word_1_263' title='bbox 312 1922 377 1947; x_wconf 89' lang='lat' dir='ltr'>mo</span> <span class='ocrx_word' id='word_1_264' title='bbox 393 1918 585 1957; x_wconf 88' lang='lat' dir='ltr'>movente,</span> <span class='ocrx_word' id='word_1_265' title='bbox 602 1923 756 1947; x_wconf 88' lang='lat' dir='ltr'>necesse</span> <span class='ocrx_word' id='word_1_266' title='bbox 777 1918 832 1947; x_wconf 90' lang='lat' dir='ltr'>est</span> <span class='ocrx_word' id='word_1_267' title='bbox 845 1912 920 1947; x_wconf 91' lang='lat' dir='ltr'>hoc</span> <span class='ocrx_word' id='word_1_268' title='bbox 936 1911 1071 1957; x_wconf 84' lang='lat' dir='ltr'>dicere,</span> <span class='ocrx_word' id='word_1_269' title='bbox 1085 1911 1188 1958; x_wconf 91' lang='lat' dir='ltr'>quod</span> <span class='ocrx_word' id='word_1_270' title='bbox 1202 1909 1369 1958; x_wconf 91' lang='lat' dir='ltr'>primum</span> 
     </span>
     <span class='ocr_line' id='line_1_45' title="bbox 313 1962 1368 2012; baseline 0 -13"><span class='ocrx_word' id='word_1_271' title='bbox 313 1974 487 2010; x_wconf 89' lang='lat' dir='ltr'>movens,</span> <span class='ocrx_word' id='word_1_272' title='bbox 517 1963 655 2000; x_wconf 89' lang='lat' dir='ltr'>scilicet</span> <span class='ocrx_word' id='word_1_273' title='bbox 676 1963 887 2012; x_wconf 89' lang='lat' dir='ltr'>proiiciens,</span> <span class='ocrx_word' id='word_1_274' title='bbox 918 1963 981 2000; x_wconf 92' lang='lat' dir='ltr'>det</span> <span class='ocrx_word' id='word_1_275' title='bbox 999 1962 1167 2000; x_wconf 89' lang='lat' dir='ltr'>secundo</span> <span class='ocrx_word' id='word_1_276' title='bbox 1187 1962 1368 2009; x_wconf 87' lang='lat' dir='ltr'>moventi,</span> 
     </span>
     <span class='ocr_line' id='line_1_46' title="bbox 314 2015 1370 2064; baseline 0.001 -13"><span class='ocrx_word' id='word_1_277' title='bbox 314 2015 452 2060; x_wconf 86' lang='lat' dir='ltr'>scilicet</span> <span class='ocrx_word' id='word_1_278' title='bbox 471 2015 547 2052; x_wconf 89' lang='lat' dir='ltr'>aeri</span> <span class='ocrx_word' id='word_1_279' title='bbox 565 2016 627 2052; x_wconf 88' lang='lat' dir='ltr'>vel</span> <span class='ocrx_word' id='word_1_280' title='bbox 646 2027 767 2064; x_wconf 91' lang='lat' dir='ltr'>aquae</span> <span class='ocrx_word' id='word_1_281' title='bbox 790 2016 852 2053; x_wconf 91' lang='lat' dir='ltr'>vel</span> <span class='ocrx_word' id='word_1_282' title='bbox 885 2016 1110 2064; x_wconf 90' lang='lat' dir='ltr'>cuicumque</span> <span class='ocrx_word' id='word_1_283' title='bbox 1134 2015 1196 2051; x_wconf 90' lang='lat' dir='ltr'>tali</span> <span class='ocrx_word' id='word_1_284' title='bbox 1221 2015 1370 2064; x_wconf 92' lang='lat' dir='ltr'>corpori</span> 
     </span>
     <span class='ocr_line' id='line_1_47' title="bbox 313 2067 1371 2116; baseline 0 -12"><span class='ocrx_word' id='word_1_285' title='bbox 313 2067 419 2115; x_wconf 92' lang='lat' dir='ltr'>quod</span> <span class='ocrx_word' id='word_1_286' title='bbox 455 2075 510 2104; x_wconf 91' lang='lat' dir='ltr'>est</span> <span class='ocrx_word' id='word_1_287' title='bbox 546 2075 677 2104; x_wconf 89' lang='lat' dir='ltr'>natum</span> <span class='ocrx_word' id='word_1_288' title='bbox 714 2080 873 2104; x_wconf 87' lang='lat' dir='ltr'>movere</span> <span class='ocrx_word' id='word_1_289' title='bbox 901 2080 1039 2116; x_wconf 88' lang='lat' dir='ltr'>corpus</span> <span class='ocrx_word' id='word_1_290' title='bbox 1074 2068 1305 2116; x_wconf 62' lang='lat' dir='ltr'>proiectum,</span> <span class='ocrx_word' id='word_1_291' title='bbox 1329 2075 1371 2104; x_wconf 92' lang='lat' dir='ltr'>ut</span> 
     </span>
     <span class='ocr_line' id='line_1_48' title="bbox 313 2120 1370 2168; baseline 0 -12"><span class='ocrx_word' id='word_1_292' title='bbox 313 2120 432 2168; x_wconf 90' lang='lat' dir='ltr'>possit</span> <span class='ocrx_word' id='word_1_293' title='bbox 468 2132 625 2157; x_wconf 90' lang='lat' dir='ltr'>movere</span> <span class='ocrx_word' id='word_1_294' title='bbox 663 2127 700 2157; x_wconf 90' lang='lat' dir='ltr'>et</span> <span class='ocrx_word' id='word_1_295' title='bbox 730 2128 771 2156; x_wconf 90' lang='lat' dir='ltr'>ut</span> <span class='ocrx_word' id='word_1_296' title='bbox 806 2120 924 2168; x_wconf 88' lang='lat' dir='ltr'>possit</span> <span class='ocrx_word' id='word_1_297' title='bbox 959 2120 1127 2156; x_wconf 90' lang='lat' dir='ltr'>moveri:</span> <span class='ocrx_word' id='word_1_298' title='bbox 1148 2127 1370 2168; x_wconf 66' lang='lat' dir='ltr'>utrumque</span> 
     </span>
     <span class='ocr_line' id='line_1_49' title="bbox 315 2171 1371 2220; baseline -0.001 -12"><span class='ocrx_word' id='word_1_299' title='bbox 315 2172 418 2209; x_wconf 92' lang='lat' dir='ltr'>enim</span> <span class='ocrx_word' id='word_1_300' title='bbox 445 2173 559 2209; x_wconf 90' lang='lat' dir='ltr'>habet</span> <span class='ocrx_word' id='word_1_301' title='bbox 587 2185 651 2209; x_wconf 91' lang='lat' dir='ltr'>aer</span> <span class='ocrx_word' id='word_1_302' title='bbox 677 2173 739 2209; x_wconf 92' lang='lat' dir='ltr'>vel</span> <span class='ocrx_word' id='word_1_303' title='bbox 768 2185 867 2220; x_wconf 89' lang='lat' dir='ltr'>aqua</span> <span class='ocrx_word' id='word_1_304' title='bbox 895 2185 917 2209; x_wconf 92' lang='lat' dir='ltr'>a</span> <span class='ocrx_word' id='word_1_305' title='bbox 943 2171 1172 2220; x_wconf 90' lang='lat' dir='ltr'>proiiciente,</span> <span class='ocrx_word' id='word_1_306' title='bbox 1203 2179 1239 2208; x_wconf 89' lang='lat' dir='ltr'>et</span> <span class='ocrx_word' id='word_1_307' title='bbox 1266 2172 1371 2220; x_wconf 83' lang='lat' dir='ltr'>quod</span> 
     </span>
     <span class='ocr_line' id='line_1_50' title="bbox 314 2224 1370 2273; baseline 0 -13"><span class='ocrx_word' id='word_1_308' title='bbox 314 2232 470 2261; x_wconf 86' lang='lat' dir='ltr'>moveat</span> <span class='ocrx_word' id='word_1_309' title='bbox 499 2232 534 2261; x_wconf 92' lang='lat' dir='ltr'>et</span> <span class='ocrx_word' id='word_1_310' title='bbox 562 2225 666 2273; x_wconf 91' lang='lat' dir='ltr'>quod</span> <span class='ocrx_word' id='word_1_311' title='bbox 693 2232 904 2262; x_wconf 90' lang='lat' dir='ltr'>moveatur.</span> <span class='ocrx_word' id='word_1_312' title='bbox 936 2225 1013 2261; x_wconf 90' lang='lat' dir='ltr'>Sed</span> <span class='ocrx_word' id='word_1_313' title='bbox 1041 2224 1129 2273; x_wconf 91' lang='lat' dir='ltr'>quia</span> <span class='ocrx_word' id='word_1_314' title='bbox 1148 2236 1306 2261; x_wconf 89' lang='lat' dir='ltr'>movere</span> <span class='ocrx_word' id='word_1_315' title='bbox 1335 2232 1370 2261; x_wconf 89' lang='lat' dir='ltr'>et</span> 
     </span>
     <span class='ocr_line' id='line_1_51' title="bbox 315 2277 1370 2323; baseline 0 -10"><span class='ocrx_word' id='word_1_316' title='bbox 315 2277 464 2314; x_wconf 91' lang='lat' dir='ltr'>moveri</span> <span class='ocrx_word' id='word_1_317' title='bbox 491 2290 569 2314; x_wconf 92' lang='lat' dir='ltr'>non</span> <span class='ocrx_word' id='word_1_318' title='bbox 598 2277 646 2314; x_wconf 92' lang='lat' dir='ltr'>de</span> <span class='ocrx_word' id='word_1_319' title='bbox 674 2277 892 2314; x_wconf 87' lang='lat' dir='ltr'>necessitate</span> <span class='ocrx_word' id='word_1_320' title='bbox 921 2285 1007 2314; x_wconf 90' lang='lat' dir='ltr'>sunt</span> <span class='ocrx_word' id='word_1_321' title='bbox 1035 2277 1073 2313; x_wconf 86' lang='lat' dir='ltr'>in</span> <span class='ocrx_word' id='word_1_322' title='bbox 1102 2277 1252 2323; x_wconf 90' lang='lat' dir='ltr'>eodem,</span> <span class='ocrx_word' id='word_1_323' title='bbox 1283 2289 1370 2313; x_wconf 90' lang='lat' dir='ltr'>cum</span> 
     </span>
     <span class='ocr_line' id='line_1_52' title="bbox 315 2329 1371 2377; baseline -0.001 -11"><span class='ocrx_word' id='word_1_324' title='bbox 315 2329 528 2366; x_wconf 83' lang='lat' dir='ltr'>inveniatur</span> <span class='ocrx_word' id='word_1_325' title='bbox 555 2330 708 2377; x_wconf 89' lang='lat' dir='ltr'>aliquod</span> <span class='ocrx_word' id='word_1_326' title='bbox 735 2342 897 2367; x_wconf 90' lang='lat' dir='ltr'>movens</span> <span class='ocrx_word' id='word_1_327' title='bbox 924 2342 1002 2366; x_wconf 90' lang='lat' dir='ltr'>non</span> <span class='ocrx_word' id='word_1_328' title='bbox 1026 2336 1193 2374; x_wconf 86' lang='lat' dir='ltr'>motum;</span> <span class='ocrx_word' id='word_1_329' title='bbox 1223 2341 1301 2365; x_wconf 86' lang='lat' dir='ltr'>non</span> <span class='ocrx_word' id='word_1_330' title='bbox 1325 2329 1371 2366; x_wconf 93' lang='lat' dir='ltr'>si-</span> 
     </span>
     <span class='ocr_line' id='line_1_53' title="bbox 315 2381 1372 2430; baseline 0 -12"><span class='ocrx_word' id='word_1_331' title='bbox 315 2382 396 2418; x_wconf 89' lang='lat' dir='ltr'>mul</span> <span class='ocrx_word' id='word_1_332' title='bbox 422 2389 556 2430; x_wconf 87' lang='lat' dir='ltr'>pausat</span> <span class='ocrx_word' id='word_1_333' title='bbox 583 2394 745 2419; x_wconf 89' lang='lat' dir='ltr'>movens</span> <span class='ocrx_word' id='word_1_334' title='bbox 774 2390 810 2418; x_wconf 91' lang='lat' dir='ltr'>et</span> <span class='ocrx_word' id='word_1_335' title='bbox 838 2382 941 2430; x_wconf 92' lang='lat' dir='ltr'>quod</span> <span class='ocrx_word' id='word_1_336' title='bbox 969 2389 1164 2428; x_wconf 88' lang='lat' dir='ltr'>movetur,</span> <span class='ocrx_word' id='word_1_337' title='bbox 1194 2381 1290 2418; x_wconf 90' lang='lat' dir='ltr'>idest</span> <span class='ocrx_word' id='word_1_338' title='bbox 1308 2394 1372 2418; x_wconf 90' lang='lat' dir='ltr'>aer</span> 
     </span>
     <span class='ocr_line' id='line_1_54' title="bbox 316 2435 1370 2483; baseline -0.001 -12"><span class='ocrx_word' id='word_1_339' title='bbox 316 2442 444 2471; x_wconf 84' lang='lat' dir='ltr'>motus</span> <span class='ocrx_word' id='word_1_340' title='bbox 471 2447 493 2471; x_wconf 90' lang='lat' dir='ltr'>a</span> <span class='ocrx_word' id='word_1_341' title='bbox 520 2435 738 2483; x_wconf 90' lang='lat' dir='ltr'>proiiciente</span> <span class='ocrx_word' id='word_1_342' title='bbox 768 2447 845 2471; x_wconf 92' lang='lat' dir='ltr'>non</span> <span class='ocrx_word' id='word_1_343' title='bbox 874 2435 985 2470; x_wconf 89' lang='lat' dir='ltr'>simul</span> <span class='ocrx_word' id='word_1_344' title='bbox 1022 2441 1141 2471; x_wconf 88' lang='lat' dir='ltr'>cessat</span> <span class='ocrx_word' id='word_1_345' title='bbox 1169 2435 1188 2455; x_wconf 42' lang='grc' dir='ltr'>’Β</span> <span class='ocrx_word' id='word_1_346' title='bbox 1214 2446 1370 2470; x_wconf 90' lang='lat' dir='ltr'>movere</span> 
     </span>
     <span class='ocr_line' id='line_1_55' title="bbox 318 2486 1371 2535; baseline -0.002 -11"><span class='ocrx_word' id='word_1_347' title='bbox 318 2495 353 2524; x_wconf 88' lang='lat' dir='ltr'>et</span> <span class='ocrx_word' id='word_1_348' title='bbox 371 2487 541 2533; x_wconf 89' lang='lat' dir='ltr'>moveri;</span> <span class='ocrx_word' id='word_1_349' title='bbox 570 2487 638 2524; x_wconf 91' lang='lat' dir='ltr'>sed</span> <span class='ocrx_word' id='word_1_350' title='bbox 657 2487 779 2524; x_wconf 91' lang='lat' dir='ltr'>statim</span> <span class='ocrx_word' id='word_1_351' title='bbox 811 2499 898 2523; x_wconf 90' lang='lat' dir='ltr'>curn</span> <span class='ocrx_word' id='word_1_352' title='bbox 926 2487 1094 2535; x_wconf 88' lang='lat' dir='ltr'>primurn</span> <span class='ocrx_word' id='word_1_353' title='bbox 1123 2499 1296 2533; x_wconf 86' lang='lat' dir='ltr'>movens,</span> <span class='ocrx_word' id='word_1_354' title='bbox 1317 2486 1371 2523; x_wconf 91' lang='lat' dir='ltr'>id-</span> 
     </span>
     <span class='ocr_line' id='line_1_56' title="bbox 317 2539 1374 2588; baseline -0.001 -12"><span class='ocrx_word' id='word_1_355' title='bbox 317 2547 373 2576; x_wconf 88' lang='lat' dir='ltr'>est</span> <span class='ocrx_word' id='word_1_356' title='bbox 393 2540 412 2561; x_wconf 69' lang='lat'>&#39;²‘</span> <span class='ocrx_word' id='word_1_357' title='bbox 430 2539 643 2588; x_wconf 88' lang='lat' dir='ltr'>proiiciens,</span> <span class='ocrx_word' id='word_1_358' title='bbox 673 2540 873 2576; x_wconf 88' lang='lat' dir='ltr'>cessaverit</span> <span class='ocrx_word' id='word_1_359' title='bbox 901 2551 1069 2586; x_wconf 85' lang='lat' dir='ltr'>movere,</span> <span class='ocrx_word' id='word_1_360' title='bbox 1101 2547 1136 2576; x_wconf 92' lang='lat' dir='ltr'>et</span> <span class='ocrx_word' id='word_1_361' title='bbox 1164 2551 1227 2575; x_wconf 90' lang='lat' dir='ltr'>aer</span> <span class='ocrx_word' id='word_1_362' title='bbox 1255 2547 1374 2575; x_wconf 90' lang='lat' dir='ltr'>cessat</span> 
     </span>
     <span class='ocr_line' id='line_1_57' title="bbox 317 2591 1372 2639; baseline 0 -11"><span class='ocrx_word' id='word_1_363' title='bbox 317 2592 485 2639; x_wconf 90' lang='lat' dir='ltr'>moveri,</span> <span class='ocrx_word' id='word_1_364' title='bbox 515 2591 583 2628; x_wconf 93' lang='lat' dir='ltr'>sed</span> <span class='ocrx_word' id='word_1_365' title='bbox 611 2592 735 2629; x_wconf 85' lang='lat' dir='ltr'>adhuc</span> <span class='ocrx_word' id='word_1_366' title='bbox 767 2599 908 2628; x_wconf 90' lang='lat' dir='ltr'>movet.</span> <span class='ocrx_word' id='word_1_367' title='bbox 949 2593 997 2628; x_wconf 92' lang='lat' dir='ltr'>Et</span> <span class='ocrx_word' id='word_1_368' title='bbox 1024 2592 1098 2628; x_wconf 91' lang='lat' dir='ltr'>hoc</span> <span class='ocrx_word' id='word_1_369' title='bbox 1131 2591 1372 2628; x_wconf 84' lang='lat' dir='ltr'>manifestum</span> 
     </span>
     <span class='ocr_line' id='line_1_58' title="bbox 319 2643 1372 2692; baseline -0.001 -11"><span class='ocrx_word' id='word_1_370' title='bbox 319 2652 375 2681; x_wconf 89' lang='lat' dir='ltr'>est</span> <span class='ocrx_word' id='word_1_371' title='bbox 393 2645 441 2682; x_wconf 89' lang='lat' dir='ltr'>ad</span> <span class='ocrx_word' id='word_1_372' title='bbox 469 2657 640 2680; x_wconf 88' lang='lat' dir='ltr'>sensum:</span> <span class='ocrx_word' id='word_1_373' title='bbox 667 2643 755 2692; x_wconf 91' lang='lat' dir='ltr'>quia</span> <span class='ocrx_word' id='word_1_374' title='bbox 776 2645 929 2692; x_wconf 93' lang='lat' dir='ltr'>quando</span> <span class='ocrx_word' id='word_1_375' title='bbox 959 2645 1112 2692; x_wconf 88' lang='lat' dir='ltr'>aliquod</span> <span class='ocrx_word' id='word_1_376' title='bbox 1135 2644 1275 2681; x_wconf 89' lang='lat' dir='ltr'>mobile</span> <span class='ocrx_word' id='word_1_377' title='bbox 1296 2644 1372 2680; x_wconf 90' lang='lat' dir='ltr'>iam</span> 
     </span>
     <span class='ocr_line' id='line_1_59' title="bbox 317 2696 1373 2746; baseline -0.001 -13"><span class='ocrx_word' id='word_1_378' title='bbox 317 2696 533 2746; x_wconf 88' lang='lat' dir='ltr'>pervenerit</span> <span class='ocrx_word' id='word_1_379' title='bbox 561 2697 608 2733; x_wconf 90' lang='lat' dir='ltr'>ad</span> <span class='ocrx_word' id='word_1_380' title='bbox 636 2696 840 2732; x_wconf 88' lang='lat' dir='ltr'>terminum</span> <span class='ocrx_word' id='word_1_381' title='bbox 878 2704 1025 2743; x_wconf 81' lang='lat' dir='ltr'>motus,</span> <span class='ocrx_word' id='word_1_382' title='bbox 1055 2697 1092 2733; x_wconf 92' lang='lat' dir='ltr'>in</span> <span class='ocrx_word' id='word_1_383' title='bbox 1122 2697 1204 2744; x_wconf 91' lang='lat' dir='ltr'>ipso</span> <span class='ocrx_word' id='word_1_384' title='bbox 1241 2696 1373 2732; x_wconf 90' lang='lat' dir='ltr'>ultimo</span> 
     </span>
     <span class='ocr_line' id='line_1_60' title="bbox 317 2748 1374 2798; baseline -0.002 -12"><span class='ocrx_word' id='word_1_385' title='bbox 317 2749 574 2798; x_wconf 81' lang='lat' dir='ltr'>perventionis</span> <span class='ocrx_word' id='word_1_386' title='bbox 610 2756 734 2797; x_wconf 90' lang='lat' dir='ltr'>potest</span> <span class='ocrx_word' id='word_1_387' title='bbox 762 2760 940 2793; x_wconf 87' lang='lat' dir='ltr'>movere;</span> <span class='ocrx_word' id='word_1_388' title='bbox 975 2748 1043 2785; x_wconf 90' lang='lat' dir='ltr'>sed</span> <span class='ocrx_word' id='word_1_389' title='bbox 1070 2757 1159 2784; x_wconf 90' lang='lat' dir='ltr'>tunc</span> <span class='ocrx_word' id='word_1_390' title='bbox 1187 2761 1264 2785; x_wconf 92' lang='lat' dir='ltr'>non</span> <span class='ocrx_word' id='word_1_391' title='bbox 1292 2761 1374 2785; x_wconf 91' lang='lat' dir='ltr'>mo-</span> 
     </span>
     <span class='ocr_line' id='line_1_61' title="bbox 317 2801 1374 2849; baseline -0.001 -11"><span class='ocrx_word' id='word_1_392' title='bbox 317 2809 445 2849; x_wconf 87' lang='lat' dir='ltr'>vetur,</span> <span class='ocrx_word' id='word_1_393' title='bbox 475 2802 543 2838; x_wconf 89' lang='lat' dir='ltr'>sed</span> <span class='ocrx_word' id='word_1_394' title='bbox 572 2809 626 2838; x_wconf 92' lang='lat' dir='ltr'>est</span> <span class='ocrx_word' id='word_1_395' title='bbox 653 2801 690 2837; x_wconf 91' lang='lat' dir='ltr'>in</span> <span class='ocrx_word' id='word_1_396' title='bbox 720 2808 868 2837; x_wconf 90' lang='lat' dir='ltr'>motum</span> <span class='ocrx_word' id='word_1_397' title='bbox 898 2813 991 2837; x_wconf 89' lang='lat' dir='ltr'>esse.</span> <span class='ocrx_word' id='word_1_398' title='bbox 1030 2802 1134 2837; x_wconf 93' lang='lat' dir='ltr'>Dum</span> <span class='ocrx_word' id='word_1_399' title='bbox 1163 2808 1290 2837; x_wconf 89' lang='lat' dir='ltr'>autem</span> <span class='ocrx_word' id='word_1_400' title='bbox 1319 2813 1374 2837; x_wconf 90' lang='lat' dir='ltr'>se-</span> 
     </span>
     <span class='ocr_line' id='line_1_62' title="bbox 320 2853 1377 2901; baseline -0.002 -10"><span class='ocrx_word' id='word_1_401' title='bbox 320 2854 487 2891; x_wconf 87' lang='lat' dir='ltr'>cundum</span> <span class='ocrx_word' id='word_1_402' title='bbox 517 2866 678 2891; x_wconf 91' lang='lat' dir='ltr'>movens</span> <span class='ocrx_word' id='word_1_403' title='bbox 707 2861 849 2900; x_wconf 86' lang='lat' dir='ltr'>movet,</span> <span class='ocrx_word' id='word_1_404' title='bbox 879 2860 1056 2890; x_wconf 89' lang='lat' dir='ltr'>movetur</span> <span class='ocrx_word' id='word_1_405' title='bbox 1075 2853 1166 2889; x_wconf 89' lang='lat' dir='ltr'>illud</span> <span class='ocrx_word' id='word_1_406' title='bbox 1194 2854 1297 2901; x_wconf 92' lang='lat' dir='ltr'>quod</span> <span class='ocrx_word' id='word_1_407' title='bbox 1322 2861 1377 2890; x_wconf 93' lang='lat' dir='ltr'>est</span> 
     </span>
     <span class='ocr_line' id='line_1_63' title="bbox 318 2905 1373 2953; baseline -0.003 -9"><span class='ocrx_word' id='word_1_408' title='bbox 318 2907 485 2944; x_wconf 85' lang='lat' dir='ltr'>habitum</span> <span class='ocrx_word' id='word_1_409' title='bbox 493 2936 503 2953; x_wconf 83' lang='lat'>,</span> <span class='ocrx_word' id='word_1_410' title='bbox 533 2907 629 2943; x_wconf 89' lang='lat' dir='ltr'>idest</span> <span class='ocrx_word' id='word_1_411' title='bbox 649 2913 924 2953; x_wconf 89' lang='lat' dir='ltr'>consequenter</span> <span class='ocrx_word' id='word_1_412' title='bbox 943 2918 982 2942; x_wconf 93' lang='lat' dir='ltr'>se</span> <span class='ocrx_word' id='word_1_413' title='bbox 1002 2906 1146 2942; x_wconf 81' lang='lat' dir='ltr'>habens</span> <span class='ocrx_word' id='word_1_414' title='bbox 1170 2906 1218 2942; x_wconf 89' lang='lat' dir='ltr'>ad</span> <span class='ocrx_word' id='word_1_415' title='bbox 1237 2905 1373 2953; x_wconf 91' lang='lat' dir='ltr'>ipsum.</span> 
     </span>
     <span class='ocr_line' id='line_1_64' title="bbox 319 2957 1375 3006; baseline -0.002 -10"><span class='ocrx_word' id='word_1_416' title='bbox 319 2960 369 2996; x_wconf 92' lang='lat' dir='ltr'>Et</span> <span class='ocrx_word' id='word_1_417' title='bbox 397 2960 444 2996; x_wconf 91' lang='lat' dir='ltr'>de</span> <span class='ocrx_word' id='word_1_418' title='bbox 463 2960 538 2996; x_wconf 91' lang='lat' dir='ltr'>hoc</span> <span class='ocrx_word' id='word_1_419' title='bbox 566 2959 678 2995; x_wconf 88' lang='lat' dir='ltr'>etiam</span> <span class='ocrx_word' id='word_1_420' title='bbox 707 2958 814 2995; x_wconf 90' lang='lat' dir='ltr'>tertio</span> <span class='ocrx_word' id='word_1_421' title='bbox 835 2965 890 2995; x_wconf 90' lang='lat' dir='ltr'>est</span> <span class='ocrx_word' id='word_1_422' title='bbox 918 2959 1052 2995; x_wconf 86' lang='lat' dir='ltr'>eadem</span> <span class='ocrx_word' id='word_1_423' title='bbox 1073 2958 1182 3004; x_wconf 85' lang='lat' dir='ltr'>ratio,</span> <span class='ocrx_word' id='word_1_424' title='bbox 1212 2957 1300 3006; x_wconf 91' lang='lat' dir='ltr'>quia</span> <span class='ocrx_word' id='word_1_425' title='bbox 1321 2970 1375 2994; x_wconf 91' lang='lat' dir='ltr'>re-</span> 
     </span>
    </p>
   </div>
   <div class='ocr_carea' id='block_1_13' title="bbox 321 3103 1381 3207">
    <p class='ocr_par' dir='ltr' id='par_1_15' title="bbox 321 3103 1381 3207">
     <span class='ocr_line' id='line_1_65' title="bbox 375 3103 1380 3140; baseline -0.003 -10"><span class='ocrx_word' id='word_1_426' title='bbox 375 3105 403 3140; x_wconf 88' lang='grc' dir='ltr'>α)</span> <span class='ocrx_word' id='word_1_427' title='bbox 423 3105 455 3130; x_wconf 83' lang='lat' dir='ltr'>de</span> <span class='ocrx_word' id='word_1_428' title='bbox 474 3113 584 3138; x_wconf 83' lang='lat' dir='ltr'>quorum</span> <span class='ocrx_word' id='word_1_429' title='bbox 604 3112 722 3130; x_wconf 86' lang='lat' dir='ltr'>numero.</span> <span class='ocrx_word' id='word_1_430' title='bbox 735 3118 754 3123; x_wconf 92' lang='lat'>—</span> <span class='ocrx_word' id='word_1_431' title='bbox 771 3105 808 3129; x_wconf 91' lang='lat' dir='ltr'>Ita</span> <span class='ocrx_word' id='word_1_432' title='bbox 826 3104 932 3129; x_wconf 83' lang='lat' dir='ltr'>PERsG</span> <span class='ocrx_word' id='word_1_433' title='bbox 951 3109 976 3128; x_wconf 88' lang='lat' dir='ltr'>et</span> <span class='ocrx_word' id='word_1_434' title='bbox 993 3104 1084 3129; x_wconf 77' lang='lat' dir='ltr'>Vener.</span> <span class='ocrx_word' id='word_1_435' title='bbox 1102 3103 1167 3135; x_wconf 87' lang='lat'>1504</span> <span class='ocrx_word' id='word_1_436' title='bbox 1173 3110 1180 3133; x_wconf 91' lang='lat'>;</span> <span class='ocrx_word' id='word_1_437' title='bbox 1199 3103 1241 3136; x_wconf 83' lang='lat' dir='ltr'>pG</span> <span class='ocrx_word' id='word_1_438' title='bbox 1259 3111 1312 3127; x_wconf 91' lang='lat' dir='ltr'>om.</span> <span class='ocrx_word' id='word_1_439' title='bbox 1331 3111 1380 3128; x_wconf 82' lang='lat' dir='ltr'>nu-</span> 
     </span>
     <span class='ocr_line' id='line_1_66' title="bbox 322 3139 1381 3172; baseline -0.004 -6"><span class='ocrx_word' id='word_1_440' title='bbox 322 3148 407 3170; x_wconf 82' lang='lat' dir='ltr'>mero,</span> <span class='ocrx_word' id='word_1_441' title='bbox 426 3148 474 3172; x_wconf 87' lang='lat' dir='ltr'>pro</span> <span class='ocrx_word' id='word_1_442' title='bbox 493 3147 545 3172; x_wconf 89' lang='lat' dir='ltr'>quo</span> <span class='ocrx_word' id='word_1_443' title='bbox 565 3144 664 3165; x_wconf 80' lang='lat' dir='ltr'>natura</span> <span class='ocrx_word' id='word_1_444' title='bbox 682 3145 730 3164; x_wconf 86' lang='lat' dir='ltr'>cet.</span> <span class='ocrx_word' id='word_1_445' title='bbox 750 3145 775 3164; x_wconf 88' lang='lat' dir='ltr'>et</span> <span class='ocrx_word' id='word_1_446' title='bbox 793 3140 871 3164; x_wconf 86' lang='lat' dir='ltr'>ab.-</span> <span class='ocrx_word' id='word_1_447' title='bbox 884 3140 934 3164; x_wconf 84' lang='lat' dir='ltr'>Pro</span> <span class='ocrx_word' id='word_1_448' title='bbox 953 3139 1044 3164; x_wconf 84' lang='lat' dir='ltr'>Movet</span> <span class='ocrx_word' id='word_1_449' title='bbox 1066 3142 1153 3164; x_wconf 81' lang='lat' dir='ltr'>autem</span> <span class='ocrx_word' id='word_1_450' title='bbox 1173 3139 1310 3170; x_wconf 82' lang='lat' dir='ltr'>corporale</span> <span class='ocrx_word' id='word_1_451' title='bbox 1329 3145 1381 3170; x_wconf 83' lang='lat' dir='ltr'>per</span> 
     </span>
     <span class='ocr_line' id='line_1_67' title="bbox 321 3173 1379 3207; baseline -0.003 -7"><span class='ocrx_word' id='word_1_452' title='bbox 321 3178 487 3204; x_wconf 77' lang='lat' dir='ltr'>contactum,</span> <span class='ocrx_word' id='word_1_453' title='bbox 507 3176 577 3207; x_wconf 87' lang='lat' dir='ltr'>quod</span> <span class='ocrx_word' id='word_1_454' title='bbox 596 3182 779 3199; x_wconf 77' lang='lat' dir='ltr'>conservamus</span> <span class='ocrx_word' id='word_1_455' title='bbox 805 3182 863 3198; x_wconf 90' lang='lat' dir='ltr'>cum</span> <span class='ocrx_word' id='word_1_456' title='bbox 889 3174 1063 3206; x_wconf 86' lang='lat' dir='ltr'>PLNRpHsG</span> <span class='ocrx_word' id='word_1_457' title='bbox 1082 3179 1106 3198; x_wconf 88' lang='lat' dir='ltr'>et</span> <span class='ocrx_word' id='word_1_458' title='bbox 1125 3174 1154 3202; x_wconf 80' lang='lat' dir='ltr'>b,</span> <span class='ocrx_word' id='word_1_459' title='bbox 1177 3173 1268 3198; x_wconf 80' lang='lat' dir='ltr'>Movet</span> <span class='ocrx_word' id='word_1_460' title='bbox 1292 3176 1379 3198; x_wconf 84' lang='lat' dir='ltr'>autem</span> 
     </span>
    </p>
   </div>
   <div class='ocr_carea' id='block_1_14' title="bbox 291 3207 1380 3242">
    <p class='ocr_par' dir='ltr' id='par_1_16' title="bbox 291 3207 1380 3242">
     <span class='ocr_line' id='line_1_68' title="bbox 291 3207 1380 3242; baseline -0.003 -7"><span class='ocrx_word' id='word_1_461' title='bbox 291 3221 294 3224; x_wconf 57' lang='lat'><strong>⁴</strong></span> <span class='ocrx_word' id='word_1_462' title='bbox 322 3210 494 3242; x_wconf 81' lang='lat' dir='ltr'>corruptibile</span> <span class='ocrx_word' id='word_1_463' title='bbox 507 3216 559 3241; x_wconf 81' lang='lat' dir='ltr'>per</span> <span class='ocrx_word' id='word_1_464' title='bbox 577 3213 725 3234; x_wconf 78' lang='lat' dir='ltr'>contactum</span> <span class='ocrx_word' id='word_1_465' title='bbox 745 3209 809 3240; x_wconf 86' lang='lat' dir='ltr'>EpG</span> <span class='ocrx_word' id='word_1_466' title='bbox 827 3214 853 3233; x_wconf 89' lang='lat' dir='ltr'>et</span> <span class='ocrx_word' id='word_1_467' title='bbox 870 3214 896 3236; x_wconf 78' lang='lat' dir='ltr'>a,</span> <span class='ocrx_word' id='word_1_468' title='bbox 915 3208 997 3233; x_wconf 84' lang='lat' dir='ltr'>Omne</span> <span class='ocrx_word' id='word_1_469' title='bbox 1016 3207 1093 3241; x_wconf 81' lang='lat' dir='ltr'>(Esse</span> <span class='ocrx_word' id='word_1_470' title='bbox 1106 3208 1160 3240; x_wconf 88' lang='lat' dir='ltr'>pB)</span> <span class='ocrx_word' id='word_1_471' title='bbox 1180 3211 1268 3232; x_wconf 83' lang='lat' dir='ltr'>autem</span> <span class='ocrx_word' id='word_1_472' title='bbox 1287 3215 1380 3239; x_wconf 84' lang='lat' dir='ltr'>corpo-</span> 
     </span>
    </p>
   </div>
   <div class='ocr_carea' id='block_1_15' title="bbox 322 3243 1380 3593">
    <p class='ocr_par' dir='ltr' id='par_1_17' title="bbox 322 3243 1380 3415">
     <span class='ocr_line' id='line_1_69' title="bbox 323 3243 1380 3276; baseline -0.004 -6"><span class='ocrx_word' id='word_1_473' title='bbox 323 3246 380 3271; x_wconf 85' lang='lat' dir='ltr'>rale</span> <span class='ocrx_word' id='word_1_474' title='bbox 399 3251 485 3270; x_wconf 72' lang='lat' dir='ltr'>movet</span> <span class='ocrx_word' id='word_1_475' title='bbox 504 3251 556 3276; x_wconf 83' lang='lat' dir='ltr'>per</span> <span class='ocrx_word' id='word_1_476' title='bbox 573 3247 723 3269; x_wconf 80' lang='lat' dir='ltr'>contactum</span> <span class='ocrx_word' id='word_1_477' title='bbox 743 3244 798 3272; x_wconf 85' lang='grc' dir='ltr'>ΒΖ,</span> <span class='ocrx_word' id='word_1_478' title='bbox 823 3243 913 3268; x_wconf 79' lang='lat' dir='ltr'>Movet</span> <span class='ocrx_word' id='word_1_479' title='bbox 931 3246 1019 3268; x_wconf 86' lang='lat' dir='ltr'>autem</span> <span class='ocrx_word' id='word_1_480' title='bbox 1045 3243 1184 3274; x_wconf 78' lang='lat' dir='ltr'>corporale</span> <span class='ocrx_word' id='word_1_481' title='bbox 1203 3250 1308 3267; x_wconf 79' lang='lat' dir='ltr'>movens</span> <span class='ocrx_word' id='word_1_482' title='bbox 1328 3250 1380 3274; x_wconf 82' lang='lat' dir='ltr'>per</span> 
     </span>
     <span class='ocr_line' id='line_1_70' title="bbox 322 3277 1378 3310; baseline -0.004 -5"><span class='ocrx_word' id='word_1_483' title='bbox 322 3283 472 3306; x_wconf 78' lang='lat' dir='ltr'>contactum</span> <span class='ocrx_word' id='word_1_484' title='bbox 492 3279 527 3308; x_wconf 83' lang='lat' dir='ltr'>D,</span> <span class='ocrx_word' id='word_1_485' title='bbox 547 3279 656 3304; x_wconf 74' lang='lat' dir='ltr'>Monens</span> <span class='ocrx_word' id='word_1_486' title='bbox 674 3282 762 3303; x_wconf 80' lang='lat' dir='ltr'>autem</span> <span class='ocrx_word' id='word_1_487' title='bbox 781 3278 919 3310; x_wconf 81' lang='lat' dir='ltr'>corporale</span> <span class='ocrx_word' id='word_1_488' title='bbox 937 3281 1024 3302; x_wconf 83' lang='lat' dir='ltr'>movet</span> <span class='ocrx_word' id='word_1_489' title='bbox 1042 3285 1094 3310; x_wconf 79' lang='lat' dir='ltr'>per·</span> <span class='ocrx_word' id='word_1_490' title='bbox 1111 3280 1260 3309; x_wconf 83' lang='lat' dir='ltr'>contactum</span> <span class='ocrx_word' id='word_1_491' title='bbox 1279 3277 1378 3307; x_wconf 86' lang='lat' dir='ltr'>TsCH,</span> 
     </span>
     <span class='ocr_line' id='line_1_71' title="bbox 323 3312 1380 3345; baseline -0.005 -5"><span class='ocrx_word' id='word_1_492' title='bbox 323 3315 415 3342; x_wconf 82' lang='lat' dir='ltr'>Movet</span> <span class='ocrx_word' id='word_1_493' title='bbox 432 3317 520 3339; x_wconf 81' lang='lat' dir='ltr'>autem</span> <span class='ocrx_word' id='word_1_494' title='bbox 539 3315 676 3345; x_wconf 82' lang='lat' dir='ltr'>corporale</span> <span class='ocrx_word' id='word_1_495' title='bbox 695 3316 780 3338; x_wconf 81' lang='lat' dir='ltr'>movet</span> <span class='ocrx_word' id='word_1_496' title='bbox 794 3320 845 3344; x_wconf 82' lang='lat' dir='ltr'>per</span> <span class='ocrx_word' id='word_1_497' title='bbox 863 3315 1012 3337; x_wconf 77' lang='lat' dir='ltr'>contactum</span> <span class='ocrx_word' id='word_1_498' title='bbox 1032 3318 1092 3341; x_wconf 85' lang='lat' dir='ltr'>cet..</span> <span class='ocrx_word' id='word_1_499' title='bbox 1112 3319 1164 3344; x_wconf 90' lang='lat' dir='ltr'>quo</span> <span class='ocrx_word' id='word_1_500' title='bbox 1181 3312 1326 3344; x_wconf 67' lang='lat' dir='ltr'>indigitetur</span> <span class='ocrx_word' id='word_1_501' title='bbox 1344 3313 1380 3336; x_wconf 85' lang='lat' dir='ltr'>le-</span> 
     </span>
     <span class='ocr_line' id='line_1_72' title="bbox 324 3347 1380 3381; baseline -0.003 -7"><span class='ocrx_word' id='word_1_502' title='bbox 324 3351 374 3375; x_wconf 85' lang='lat' dir='ltr'>ctio</span> <span class='ocrx_word' id='word_1_503' title='bbox 392 3350 415 3374; x_wconf 91' lang='lat' dir='ltr'>T</span> <span class='ocrx_word' id='word_1_504' title='bbox 435 3353 477 3373; x_wconf 84' lang='lat' dir='ltr'>aut</span> <span class='ocrx_word' id='word_1_505' title='bbox 495 3349 527 3373; x_wconf 91' lang='lat' dir='ltr'>D.</span> <span class='ocrx_word' id='word_1_506' title='bbox 542 3349 611 3373; x_wconf 89' lang='lat' dir='ltr'>-lbi</span> <span class='ocrx_word' id='word_1_507' title='bbox 626 3352 767 3381; x_wconf 79' lang='lat' dir='ltr'>postquam</span> <span class='ocrx_word' id='word_1_508' title='bbox 788 3355 838 3372; x_wconf 85' lang='lat' dir='ltr'>non</span> <span class='ocrx_word' id='word_1_509' title='bbox 859 3351 1020 3380; x_wconf 76' lang='lat' dir='ltr'>tanguntur,</span> <span class='ocrx_word' id='word_1_510' title='bbox 1040 3347 1163 3372; x_wconf 84' lang='lat' dir='ltr'>editiones</span> <span class='ocrx_word' id='word_1_511' title='bbox 1182 3354 1234 3371; x_wconf 88' lang='lat' dir='ltr'>orn.</span> <span class='ocrx_word' id='word_1_512' title='bbox 1250 3354 1315 3374; x_wconf 74' lang='lat' dir='ltr'>non,-</span> <span class='ocrx_word' id='word_1_513' title='bbox 1333 3347 1380 3371; x_wconf 84' lang='lat' dir='ltr'>sed</span> 
     </span>
     <span class='ocr_line' id='line_1_73' title="bbox 324 3381 1379 3415; baseline -0.004 -6"><span class='ocrx_word' id='word_1_514' title='bbox 324 3385 368 3410; x_wconf 93' lang='lat' dir='ltr'>lib.</span> <span class='ocrx_word' id='word_1_515' title='bbox 380 3385 422 3414; x_wconf 82' lang='lat' dir='ltr'>IV,</span> <span class='ocrx_word' id='word_1_516' title='bbox 435 3384 493 3408; x_wconf 85' lang='lat' dir='ltr'>lect.</span> <span class='ocrx_word' id='word_1_517' title='bbox 507 3391 539 3413; x_wconf 67' lang='lat' dir='ltr'>xl,</span> <span class='ocrx_word' id='word_1_518' title='bbox 552 3391 624 3409; x_wconf 81' lang='lat' dir='ltr'>num.</span> <span class='ocrx_word' id='word_1_519' title='bbox 638 3382 654 3407; x_wconf 80' lang='lat'><strong>6</strong></span> <span class='ocrx_word' id='word_1_520' title='bbox 668 3389 693 3408; x_wconf 84' lang='lat' dir='ltr'>et</span> <span class='ocrx_word' id='word_1_521' title='bbox 706 3384 775 3415; x_wconf 82' lang='lat' dir='ltr'>ipsae</span> <span class='ocrx_word' id='word_1_522' title='bbox 789 3382 883 3407; x_wconf 89' lang='lat' dir='ltr'>habent</span> <span class='ocrx_word' id='word_1_523' title='bbox 897 3390 955 3411; x_wconf 83' lang='lat' dir='ltr'>non,</span> <span class='ocrx_word' id='word_1_524' title='bbox 970 3382 1039 3414; x_wconf 85' lang='lat' dir='ltr'>quod</span> <span class='ocrx_word' id='word_1_525' title='bbox 1054 3387 1123 3414; x_wconf 80' lang='lat' dir='ltr'>patet</span> <span class='ocrx_word' id='word_1_526' title='bbox 1136 3389 1195 3405; x_wconf 83' lang='lat' dir='ltr'>esse</span> <span class='ocrx_word' id='word_1_527' title='bbox 1209 3381 1379 3406; x_wconf 87' lang='lat' dir='ltr'>retinendum.</span> 
     </span>
    </p>

    <p class='ocr_par' dir='ltr' id='par_1_18' title="bbox 325 3416 1380 3514">
     <span class='ocr_line' id='line_1_74' title="bbox 379 3416 1379 3452; baseline -0.004 -8"><span class='ocrx_word' id='word_1_528' title='bbox 379 3418 403 3452; x_wconf 84' lang='grc' dir='ltr'>β)</span> <span class='ocrx_word' id='word_1_529' title='bbox 423 3419 502 3444; x_wconf 81' lang='lat' dir='ltr'>simul</span> <span class='ocrx_word' id='word_1_530' title='bbox 515 3419 594 3443; x_wconf 82' lang='lat' dir='ltr'>etiam</span> <span class='ocrx_word' id='word_1_531' title='bbox 613 3426 671 3443; x_wconf 84' lang='lat' dir='ltr'>cum</span> <span class='ocrx_word' id='word_1_532' title='bbox 690 3417 778 3449; x_wconf 82' lang='lat' dir='ltr'>lapide</span> <span class='ocrx_word' id='word_1_533' title='bbox 798 3418 879 3442; x_wconf 82' lang='lat' dir='ltr'>movit</span> <span class='ocrx_word' id='word_1_534' title='bbox 896 3417 998 3449; x_wconf 80' lang='lat' dir='ltr'>aliquid</span> <span class='ocrx_word' id='word_1_535' title='bbox 1015 3417 1126 3441; x_wconf 84' lang='lat' dir='ltr'>aliud.-</span> <span class='ocrx_word' id='word_1_536' title='bbox 1138 3416 1217 3440; x_wconf 82' lang='lat' dir='ltr'>simul</span> <span class='ocrx_word' id='word_1_537' title='bbox 1230 3417 1309 3441; x_wconf 78' lang='lat' dir='ltr'>etiam</span> <span class='ocrx_word' id='word_1_538' title='bbox 1325 3423 1379 3441; x_wconf 90' lang='lat' dir='ltr'>mo-</span> 
     </span>
     <span class='ocr_line' id='line_1_75' title="bbox 325 3450 1380 3485; baseline -0.004 -6"><span class='ocrx_word' id='word_1_539' title='bbox 325 3458 368 3480; x_wconf 79' lang='lat' dir='ltr'>vet</span> <span class='ocrx_word' id='word_1_540' title='bbox 379 3462 438 3479; x_wconf 89' lang='lat' dir='ltr'>cum</span> <span class='ocrx_word' id='word_1_541' title='bbox 458 3453 545 3485; x_wconf 82' lang='lat' dir='ltr'>lapide</span> <span class='ocrx_word' id='word_1_542' title='bbox 563 3453 666 3485; x_wconf 83' lang='lat' dir='ltr'>aliquid</span> <span class='ocrx_word' id='word_1_543' title='bbox 684 3453 775 3481; x_wconf 79' lang='lat' dir='ltr'>PEab;</span> <span class='ocrx_word' id='word_1_544' title='bbox 794 3455 880 3477; x_wconf 82' lang='lat' dir='ltr'>movet</span> <span class='ocrx_word' id='word_1_545' title='bbox 898 3452 992 3477; x_wconf 84' lang='lat' dir='ltr'>habent</span> <span class='ocrx_word' id='word_1_546' title='bbox 1011 3452 1086 3476; x_wconf 79' lang='lat' dir='ltr'>etiam</span> <span class='ocrx_word' id='word_1_547' title='bbox 1105 3450 1286 3485; x_wconf 82' lang='lat' dir='ltr'>DHTY(N?);</span> <span class='ocrx_word' id='word_1_548' title='bbox 1305 3451 1380 3476; x_wconf 83' lang='lat' dir='ltr'>aliud</span> 
     </span>
     <span class='ocr_line' id='line_1_76' title="bbox 325 3488 619 3514; baseline -0.007 0"><span class='ocrx_word' id='word_1_549' title='bbox 325 3498 379 3514; x_wconf 91' lang='lat' dir='ltr'>om.</span> <span class='ocrx_word' id='word_1_550' title='bbox 398 3490 473 3514; x_wconf 86' lang='lat' dir='ltr'>etiam</span> <span class='ocrx_word' id='word_1_551' title='bbox 492 3488 619 3513; x_wconf 86' lang='lat' dir='ltr'>FGHNR.</span> 
     </span>
    </p>

    <p class='ocr_par' dir='ltr' id='par_1_19' title="bbox 324 3520 1380 3593">
     <span class='ocr_line' id='line_1_77' title="bbox 378 3520 1380 3558; baseline -0.003 -10"><span class='ocrx_word' id='word_1_552' title='bbox 378 3524 405 3558; x_wconf 86' lang='grc' dir='ltr'>γ)</span> <span class='ocrx_word' id='word_1_553' title='bbox 425 3523 496 3556; x_wconf 83' lang='lat' dir='ltr'>quod</span> <span class='ocrx_word' id='word_1_554' title='bbox 515 3523 542 3548; x_wconf 79' lang='lat' dir='ltr'>id</span> <span class='ocrx_word' id='word_1_555' title='bbox 566 3524 637 3556; x_wconf 80' lang='lat' dir='ltr'>quod</span> <span class='ocrx_word' id='word_1_556' title='bbox 659 3523 711 3548; x_wconf 83' lang='lat' dir='ltr'>erit</span> <span class='ocrx_word' id='word_1_557' title='bbox 731 3522 809 3554; x_wconf 81' lang='lat' dir='ltr'>prius</span> <span class='ocrx_word' id='word_1_558' title='bbox 829 3525 945 3554; x_wconf 80' lang='lat' dir='ltr'>respectu</span> <span class='ocrx_word' id='word_1_559' title='bbox 964 3522 1006 3547; x_wconf 81' lang='lat' dir='ltr'>sui</span> <span class='ocrx_word' id='word_1_560' title='bbox 1021 3521 1211 3554; x_wconf 77' lang='lat' dir='ltr'>consequentis.</span> <span class='ocrx_word' id='word_1_561' title='bbox 1226 3535 1245 3539; x_wconf 95' lang='lat'><em>-</em></span> <span class='ocrx_word' id='word_1_562' title='bbox 1263 3521 1334 3553; x_wconf 81' lang='lat' dir='ltr'>quod</span> <span class='ocrx_word' id='word_1_563' title='bbox 1353 3520 1380 3545; x_wconf 79' lang='lat' dir='ltr'>id</span> 
     </span>
     <span class='ocr_line' id='line_1_78' title="bbox 324 3555 1380 3593; baseline -0.005 -8"><span class='ocrx_word' id='word_1_564' title='bbox 324 3560 398 3592; x_wconf 82' lang='lat' dir='ltr'>quod</span> <span class='ocrx_word' id='word_1_565' title='bbox 417 3558 503 3593; x_wconf 76' lang='lat' dir='ltr'>(quod</span> <span class='ocrx_word' id='word_1_566' title='bbox 516 3566 568 3583; x_wconf 89' lang='lat' dir='ltr'>om.</span> <span class='ocrx_word' id='word_1_567' title='bbox 583 3559 615 3591; x_wconf 88' lang='lat' dir='ltr'>a)</span> <span class='ocrx_word' id='word_1_568' title='bbox 635 3561 673 3583; x_wconf 84' lang='lat' dir='ltr'>est</span> <span class='ocrx_word' id='word_1_569' title='bbox 687 3558 806 3590; x_wconf 83' lang='lat' dir='ltr'>primum</span> <span class='ocrx_word' id='word_1_570' title='bbox 825 3560 943 3589; x_wconf 77' lang='lat' dir='ltr'>respectu</span> <span class='ocrx_word' id='word_1_571' title='bbox 958 3557 1000 3582; x_wconf 87' lang='lat' dir='ltr'>sui</span> <span class='ocrx_word' id='word_1_572' title='bbox 1013 3557 1146 3582; x_wconf 83' lang='lat' dir='ltr'>coniuncti</span> <span class='ocrx_word' id='word_1_573' title='bbox 1164 3557 1222 3581; x_wconf 86' lang='lat' dir='ltr'>edd.</span> <span class='ocrx_word' id='word_1_574' title='bbox 1236 3563 1252 3580; x_wconf 91' lang='grc' dir='ltr'><em>α</em></span> <span class='ocrx_word' id='word_1_575' title='bbox 1263 3556 1289 3585; x_wconf 85' lang='lat' dir='ltr'>b,</span> <span class='ocrx_word' id='word_1_576' title='bbox 1310 3555 1380 3587; x_wconf 80' lang='lat' dir='ltr'>quod</span> 
     </span>
    </p>
   </div>
   <div class='ocr_carea' id='block_1_16' title="bbox 2389 268 2466 313">
    <p class='ocr_par' dir='ltr' id='par_1_20' title="bbox 2389 268 2466 313">
     <span class='ocr_line' id='line_1_79' title="bbox 2389 268 2466 313; baseline 0.013 -10"><span class='ocrx_word' id='word_1_577' title='bbox 2389 268 2466 313; x_wconf 87' lang='lat'>453</span> 
     </span>
    </p>
   </div>
   <div class='ocr_carea' id='block_1_17' title="bbox 1416 342 2481 1904">
    <p class='ocr_par' dir='ltr' id='par_1_21' title="bbox 1416 342 2474 1169">
     <span class='ocr_line' id='line_1_80' title="bbox 1417 342 2470 396; baseline 0.006 -22"><span class='ocrx_word' id='word_1_578' title='bbox 1417 346 1545 396; x_wconf 77' lang='lat' dir='ltr'>manet</span> <span class='ocrx_word' id='word_1_579' title='bbox 1572 352 1733 377; x_wconf 90' lang='lat' dir='ltr'>movens</span> <span class='ocrx_word' id='word_1_580' title='bbox 1771 342 1883 378; x_wconf 90' lang='lat' dir='ltr'>etiam</span> <span class='ocrx_word' id='word_1_581' title='bbox 1912 343 2064 391; x_wconf 90' lang='lat' dir='ltr'>quando</span> <span class='ocrx_word' id='word_1_582' title='bbox 2098 355 2177 380; x_wconf 88' lang='lat' dir='ltr'>non</span> <span class='ocrx_word' id='word_1_583' title='bbox 2204 350 2390 380; x_wconf 87' lang='lat' dir='ltr'>movetur.</span> <span class='ocrx_word' id='word_1_584' title='bbox 2420 345 2470 380; x_wconf 93' lang='lat' dir='ltr'>Et</span> 
     </span>
     <span class='ocr_line' id='line_1_81' title="bbox 1418 393 2470 444; baseline 0.006 -18"><span class='ocrx_word' id='word_1_585' title='bbox 1418 403 1505 438; x_wconf 83' lang='lat' dir='ltr'>quia</span> <span class='ocrx_word' id='word_1_586' title='bbox 1532 393 1742 430; x_wconf 91' lang='lat' dir='ltr'>secundum</span> <span class='ocrx_word' id='word_1_587' title='bbox 1770 406 1932 431; x_wconf 89' lang='lat' dir='ltr'>movens</span> <span class='ocrx_word' id='word_1_588' title='bbox 1959 396 2074 432; x_wconf 90' lang='lat' dir='ltr'>habet</span> <span class='ocrx_word' id='word_1_589' title='bbox 2091 396 2216 432; x_wconf 89' lang='lat' dir='ltr'>minus</span> <span class='ocrx_word' id='word_1_590' title='bbox 2237 396 2283 432; x_wconf 92' lang='lat' dir='ltr'>de</span> <span class='ocrx_word' id='word_1_591' title='bbox 2301 395 2470 444; x_wconf 89' lang='lat' dir='ltr'>potentia</span> 
     </span>
     <span class='ocr_line' id='line_1_82' title="bbox 1417 444 2469 496; baseline 0.007 -18"><span class='ocrx_word' id='word_1_592' title='bbox 1417 444 1597 480; x_wconf 90' lang='lat' dir='ltr'>movendi</span> <span class='ocrx_word' id='word_1_593' title='bbox 1625 457 1742 492; x_wconf 89' lang='lat' dir='ltr'>quam</span> <span class='ocrx_word' id='word_1_594' title='bbox 1761 446 1940 494; x_wconf 82' lang='lat' dir='ltr'>primum,</span> <span class='ocrx_word' id='word_1_595' title='bbox 1970 454 2006 483; x_wconf 92' lang='lat' dir='ltr'>et</span> <span class='ocrx_word' id='word_1_596' title='bbox 2032 448 2181 484; x_wconf 89' lang='lat' dir='ltr'>tertium</span> <span class='ocrx_word' id='word_1_597' title='bbox 2200 460 2317 496; x_wconf 90' lang='lat' dir='ltr'>quam</span> <span class='ocrx_word' id='word_1_598' title='bbox 2337 460 2469 485; x_wconf 89' lang='lat' dir='ltr'>secun-</span> 
     </span>
     <span class='ocr_line' id='line_1_83' title="bbox 1419 495 2470 548; baseline 0.005 -17"><span class='ocrx_word' id='word_1_599' title='bbox 1419 495 1522 543; x_wconf 89' lang='lat' dir='ltr'>dum,</span> <span class='ocrx_word' id='word_1_600' title='bbox 1553 504 1701 544; x_wconf 90' lang='lat' dir='ltr'>oportet</span> <span class='ocrx_word' id='word_1_601' title='bbox 1729 499 1832 546; x_wconf 92' lang='lat' dir='ltr'>quod</span> <span class='ocrx_word' id='word_1_602' title='bbox 1852 505 1971 536; x_wconf 89' lang='lat' dir='ltr'>cesset</span> <span class='ocrx_word' id='word_1_603' title='bbox 1994 507 2124 536; x_wconf 88' lang='lat' dir='ltr'>motus</span> <span class='ocrx_word' id='word_1_604' title='bbox 2142 500 2398 548; x_wconf 87' lang='lat' dir='ltr'>proiectionis;</span> <span class='ocrx_word' id='word_1_605' title='bbox 2424 512 2470 536; x_wconf 83' lang='lat' dir='ltr'>ex</span> 
     </span>
     <span class='ocr_line' id='line_1_84' title="bbox 1417 547 2468 597; baseline 0.005 -14"><span class='ocrx_word' id='word_1_606' title='bbox 1417 547 1492 583; x_wconf 91' lang='lat' dir='ltr'>hoc</span> <span class='ocrx_word' id='word_1_607' title='bbox 1519 548 1655 585; x_wconf 90' lang='lat' dir='ltr'>scilicet</span> <span class='ocrx_word' id='word_1_608' title='bbox 1689 550 1792 597; x_wconf 91' lang='lat' dir='ltr'>quod</span> <span class='ocrx_word' id='word_1_609' title='bbox 1826 551 1950 588; x_wconf 91' lang='lat' dir='ltr'>minor</span> <span class='ocrx_word' id='word_1_610' title='bbox 1978 559 2032 588; x_wconf 91' lang='lat' dir='ltr'>est</span> <span class='ocrx_word' id='word_1_611' title='bbox 2066 552 2184 589; x_wconf 91' lang='lat' dir='ltr'>virtus</span> <span class='ocrx_word' id='word_1_612' title='bbox 2222 552 2403 589; x_wconf 87' lang='lat' dir='ltr'>movendi</span> <span class='ocrx_word' id='word_1_613' title='bbox 2431 553 2468 588; x_wconf 88' lang='lat' dir='ltr'>in</span> 
     </span>
     <span class='ocr_line' id='line_1_85' title="bbox 1417 600 2469 652; baseline 0.007 -18"><span class='ocrx_word' id='word_1_614' title='bbox 1417 600 1552 645; x_wconf 83' lang='lat' dir='ltr'>habito,</span> <span class='ocrx_word' id='word_1_615' title='bbox 1581 601 1678 637; x_wconf 91' lang='lat' dir='ltr'>idest</span> <span class='ocrx_word' id='word_1_616' title='bbox 1704 602 1742 638; x_wconf 90' lang='lat' dir='ltr'>in</span> <span class='ocrx_word' id='word_1_617' title='bbox 1771 604 2027 651; x_wconf 76' lang='lat' dir='ltr'>consequenti,</span> <span class='ocrx_word' id='word_1_618' title='bbox 2057 617 2172 652; x_wconf 91' lang='lat' dir='ltr'>quam</span> <span class='ocrx_word' id='word_1_619' title='bbox 2200 605 2239 640; x_wconf 89' lang='lat' dir='ltr'>in</span> <span class='ocrx_word' id='word_1_620' title='bbox 2268 617 2313 640; x_wconf 89' lang='lat' dir='ltr'>eo</span> <span class='ocrx_word' id='word_1_621' title='bbox 2335 604 2373 640; x_wconf 91' lang='lat' dir='ltr'>in</span> <span class='ocrx_word' id='word_1_622' title='bbox 2393 616 2469 652; x_wconf 90' lang='lat' dir='ltr'>quo</span> 
     </span>
     <span class='ocr_line' id='line_1_86' title="bbox 1416 651 2470 704; baseline 0.007 -18"><span class='ocrx_word' id='word_1_623' title='bbox 1416 651 1541 700; x_wconf 87' lang='lat' dir='ltr'>primo</span> <span class='ocrx_word' id='word_1_624' title='bbox 1562 652 1638 688; x_wconf 86' lang='lat' dir='ltr'>fuit.</span> <span class='ocrx_word' id='word_1_625' title='bbox 1669 654 1717 690; x_wconf 91' lang='lat' dir='ltr'>Et</span> <span class='ocrx_word' id='word_1_626' title='bbox 1744 654 1796 690; x_wconf 88' lang='lat' dir='ltr'>sic</span> <span class='ocrx_word' id='word_1_627' title='bbox 1819 656 1985 702; x_wconf 88' lang='lat' dir='ltr'>tandem,</span> <span class='ocrx_word' id='word_1_628' title='bbox 2005 664 2159 704; x_wconf 89' lang='lat' dir='ltr'>propter</span> <span class='ocrx_word' id='word_1_629' title='bbox 2178 656 2470 692; x_wconf 88' lang='lat' dir='ltr'>minorationem</span> 
     </span>
     <span class='ocr_line' id='line_1_87' title="bbox 1416 704 2472 762; baseline 0.006 -23"><span class='ocrx_word' id='word_1_630' title='bbox 1416 704 1561 762; x_wconf 74' lang='lat' dir='ltr'>virtutis</span> <span class='ocrx_word' id='word_1_631' title='bbox 1589 706 1783 753; x_wconf 89' lang='lat' dir='ltr'>movendi,</span> <span class='ocrx_word' id='word_1_632' title='bbox 1811 708 1985 744; x_wconf 89' lang='lat' dir='ltr'>venietur</span> <span class='ocrx_word' id='word_1_633' title='bbox 2004 710 2052 745; x_wconf 93' lang='lat' dir='ltr'>ad</span> <span class='ocrx_word' id='word_1_634' title='bbox 2070 709 2144 745; x_wconf 88' lang='lat' dir='ltr'>hoc</span> <span class='ocrx_word' id='word_1_635' title='bbox 2172 708 2276 757; x_wconf 92' lang='lat' dir='ltr'>quod</span> <span class='ocrx_word' id='word_1_636' title='bbox 2303 708 2342 745; x_wconf 92' lang='lat' dir='ltr'>id</span> <span class='ocrx_word' id='word_1_637' title='bbox 2367 708 2472 756; x_wconf 92' lang='lat' dir='ltr'>quod</span> 
     </span>
     <span class='ocr_line' id='line_1_88' title="bbox 1419 760 2474 809; baseline 0.006 -18"><span class='ocrx_word' id='word_1_638' title='bbox 1419 763 1486 792; x_wconf 89' lang='lat' dir='ltr'>er1t</span> <span class='ocrx_word' id='word_1_639' title='bbox 1502 768 1606 804; x_wconf 82' lang='lat' dir='ltr'>prius</span> <span class='ocrx_word' id='word_1_640' title='bbox 1626 766 1798 806; x_wconf 89' lang='lat' dir='ltr'>respectu</span> <span class='ocrx_word' id='word_1_641' title='bbox 1821 760 1878 796; x_wconf 91' lang='lat' dir='ltr'>sui</span> <span class='ocrx_word' id='word_1_642' title='bbox 1907 760 2171 809; x_wconf 90' lang='lat' dir='ltr'>consequentis</span> <span class='ocrx_word' id='word_1_643' title='bbox 2198 766 2228 807; x_wconf 64' lang='grc' dir='ltr'>Ὺ,</span> <span class='ocrx_word' id='word_1_644' title='bbox 2258 773 2336 797; x_wconf 92' lang='lat' dir='ltr'>non</span> <span class='ocrx_word' id='word_1_645' title='bbox 2364 760 2474 797; x_wconf 89' lang='lat' dir='ltr'>faciet</span> 
     </span>
     <span class='ocr_line' id='line_1_89' title="bbox 1418 808 2471 861; baseline 0.005 -17"><span class='ocrx_word' id='word_1_646' title='bbox 1418 808 1543 856; x_wconf 91' lang='lat' dir='ltr'>ipsum</span> <span class='ocrx_word' id='word_1_647' title='bbox 1581 821 1817 859; x_wconf 89' lang='lat' dir='ltr'>consequens</span> <span class='ocrx_word' id='word_1_648' title='bbox 1854 813 1994 849; x_wconf 92' lang='lat' dir='ltr'>habere</span> <span class='ocrx_word' id='word_1_649' title='bbox 2026 812 2234 861; x_wconf 88' lang='lat' dir='ltr'>potentiam</span> <span class='ocrx_word' id='word_1_650' title='bbox 2268 812 2471 859; x_wconf 89' lang='lat' dir='ltr'>movendi,</span> 
     </span>
     <span class='ocr_line' id='line_1_90' title="bbox 1419 861 2473 910; baseline 0.004 -14"><span class='ocrx_word' id='word_1_651' title='bbox 1419 861 1487 897; x_wconf 92' lang='lat' dir='ltr'>sed</span> <span class='ocrx_word' id='word_1_652' title='bbox 1520 861 1629 897; x_wconf 87' lang='lat' dir='ltr'>faciet</span> <span class='ocrx_word' id='word_1_653' title='bbox 1660 862 1785 910; x_wconf 91' lang='lat' dir='ltr'>ipsum</span> <span class='ocrx_word' id='word_1_654' title='bbox 1818 865 2084 902; x_wconf 74' lang='lat' dir='ltr'>tantummodo</span> <span class='ocrx_word' id='word_1_655' title='bbox 2117 865 2276 901; x_wconf 88' lang='lat' dir='ltr'>moveri.</span> <span class='ocrx_word' id='word_1_656' title='bbox 2310 866 2359 901; x_wconf 92' lang='lat' dir='ltr'>Et</span> <span class='ocrx_word' id='word_1_657' title='bbox 2385 872 2473 900; x_wconf 89' lang='lat' dir='ltr'>tunc</span> 
     </span>
     <span class='ocr_line' id='line_1_91' title="bbox 1419 916 2473 963; baseline 0.005 -15"><span class='ocrx_word' id='word_1_658' title='bbox 1419 925 1573 949; x_wconf 90' lang='lat' dir='ltr'>necesse</span> <span class='ocrx_word' id='word_1_659' title='bbox 1602 921 1656 950; x_wconf 91' lang='lat' dir='ltr'>est</span> <span class='ocrx_word' id='word_1_660' title='bbox 1684 916 1786 963; x_wconf 92' lang='lat' dir='ltr'>quod</span> <span class='ocrx_word' id='word_1_661' title='bbox 1815 917 1924 953; x_wconf 91' lang='lat' dir='ltr'>simul</span> <span class='ocrx_word' id='word_1_662' title='bbox 1953 917 2044 953; x_wconf 91' lang='lat' dir='ltr'>dum</span> <span class='ocrx_word' id='word_1_663' title='bbox 2064 918 2138 953; x_wconf 93' lang='lat' dir='ltr'>hoc</span> <span class='ocrx_word' id='word_1_664' title='bbox 2158 918 2177 938; x_wconf 81' lang='lat'>*</span> <span class='ocrx_word' id='word_1_665' title='bbox 2197 917 2369 953; x_wconf 86' lang='lat' dir='ltr'>ultimum</span> <span class='ocrx_word' id='word_1_666' title='bbox 2391 929 2473 953; x_wconf 91' lang='lat' dir='ltr'>mo-</span> 
     </span>
     <span class='ocr_line' id='line_1_92' title="bbox 1418 969 2474 1017; baseline 0.004 -17"><span class='ocrx_word' id='word_1_667' title='bbox 1418 977 1513 1001; x_wconf 88' lang='lat' dir='ltr'>vens</span> <span class='ocrx_word' id='word_1_668' title='bbox 1531 974 1666 1013; x_wconf 88' lang='lat' dir='ltr'>pausat</span> <span class='ocrx_word' id='word_1_669' title='bbox 1693 980 1715 1003; x_wconf 88' lang='lat' dir='ltr'>a</span> <span class='ocrx_word' id='word_1_670' title='bbox 1733 969 1945 1015; x_wconf 84' lang='lat' dir='ltr'>movendo,</span> <span class='ocrx_word' id='word_1_671' title='bbox 1977 977 2013 1005; x_wconf 92' lang='lat' dir='ltr'>et</span> <span class='ocrx_word' id='word_1_672' title='bbox 2031 977 2179 1006; x_wconf 89' lang='lat' dir='ltr'>motum</span> <span class='ocrx_word' id='word_1_673' title='bbox 2208 970 2255 1005; x_wconf 87' lang='lat' dir='ltr'>ab</span> <span class='ocrx_word' id='word_1_674' title='bbox 2280 969 2362 1017; x_wconf 90' lang='lat' dir='ltr'>ipso</span> <span class='ocrx_word' id='word_1_675' title='bbox 2382 981 2474 1017; x_wconf 91' lang='lat' dir='ltr'>pau-</span> 
     </span>
     <span class='ocr_line' id='line_1_93' title="bbox 1420 1017 2474 1070; baseline 0.005 -18"><span class='ocrx_word' id='word_1_676' title='bbox 1420 1017 1516 1053; x_wconf 89' lang='lat' dir='ltr'>sabit</span> <span class='ocrx_word' id='word_1_677' title='bbox 1532 1018 1551 1038; x_wconf 81' lang='lat'>*</span> <span class='ocrx_word' id='word_1_678' title='bbox 1566 1030 1587 1053; x_wconf 91' lang='lat' dir='ltr'>a</span> <span class='ocrx_word' id='word_1_679' title='bbox 1606 1020 1771 1066; x_wconf 82' lang='lat' dir='ltr'>moveri3</span> <span class='ocrx_word' id='word_1_680' title='bbox 1793 1028 1828 1056; x_wconf 91' lang='lat' dir='ltr'>et</span> <span class='ocrx_word' id='word_1_681' title='bbox 1845 1034 1914 1069; x_wconf 90' lang='lat' dir='ltr'>per</span> <span class='ocrx_word' id='word_1_682' title='bbox 1929 1033 2165 1070; x_wconf 91' lang='lat' dir='ltr'>consequens</span> <span class='ocrx_word' id='word_1_683' title='bbox 2185 1021 2357 1070; x_wconf 91' lang='lat' dir='ltr'>pausabit</span> <span class='ocrx_word' id='word_1_684' title='bbox 2375 1028 2474 1057; x_wconf 92' lang='lat' dir='ltr'>totus</span> 
     </span>
     <span class='ocr_line' id='line_1_94' title="bbox 1421 1070 2474 1122; baseline 0.004 -18"><span class='ocrx_word' id='word_1_685' title='bbox 1421 1077 1558 1115; x_wconf 89' lang='lat' dir='ltr'>motus,</span> <span class='ocrx_word' id='word_1_686' title='bbox 1589 1070 1676 1116; x_wconf 92' lang='lat' dir='ltr'>quia</span> <span class='ocrx_word' id='word_1_687' title='bbox 1695 1072 1869 1109; x_wconf 89' lang='lat' dir='ltr'>ultimum</span> <span class='ocrx_word' id='word_1_688' title='bbox 1890 1081 2037 1110; x_wconf 87' lang='lat' dir='ltr'>motum</span> <span class='ocrx_word' id='word_1_689' title='bbox 2066 1086 2144 1110; x_wconf 91' lang='lat' dir='ltr'>non</span> <span class='ocrx_word' id='word_1_690' title='bbox 2166 1081 2290 1122; x_wconf 88' lang='lat' dir='ltr'>potest</span> <span class='ocrx_word' id='word_1_691' title='bbox 2316 1085 2474 1110; x_wconf 88' lang='lat' dir='ltr'>movere</span> 
     </span>
     <span class='ocr_line' id='line_1_95' title="bbox 1422 1121 1702 1169; baseline 0.007 -12"><span class='ocrx_word' id='word_1_692' title='bbox 1422 1121 1562 1169; x_wconf 92' lang='lat' dir='ltr'>aliquid</span> <span class='ocrx_word' id='word_1_693' title='bbox 1591 1122 1702 1159; x_wconf 91' lang='lat' dir='ltr'>aliud.</span> 
     </span>
    </p>

    <p class='ocr_par' dir='ltr' id='par_1_22' title="bbox 1421 1171 2481 1904">
     <span class='ocr_line' id='line_1_96' title="bbox 1473 1171 2473 1226; baseline 0.003 -17"><span class='ocrx_word' id='word_1_694' title='bbox 1473 1184 1509 1220; x_wconf 89' lang='lat'>4.</span> <span class='ocrx_word' id='word_1_695' title='bbox 1540 1174 1687 1211; x_wconf 92' lang='lat' dir='ltr'>Deinde</span> <span class='ocrx_word' id='word_1_696' title='bbox 1717 1187 1803 1212; x_wconf 91' lang='lat' dir='ltr'>cum</span> <span class='ocrx_word' id='word_1_697' title='bbox 1833 1171 1938 1213; x_wconf 83' lang='lat' dir='ltr'>dicit:</span> <span class='ocrx_word' id='word_1_698' title='bbox 1966 1179 2045 1214; x_wconf 89' lang='lat' dir='ltr'>Hic</span> <span class='ocrx_word' id='word_1_699' title='bbox 2073 1178 2219 1226; x_wconf 84' lang='lat' dir='ltr'>quidem</span> <span class='ocrx_word' id='word_1_700' title='bbox 2248 1178 2363 1226; x_wconf 84' lang='lat' dir='ltr'>igitur</span> <span class='ocrx_word' id='word_1_701' title='bbox 2391 1184 2473 1224; x_wconf 90' lang='lat' dir='ltr'>etc.,</span> 
     </span>
     <span class='ocr_line' id='line_1_97' title="bbox 1423 1226 2475 1277; baseline 0.005 -16"><span class='ocrx_word' id='word_1_702' title='bbox 1423 1226 1612 1263; x_wconf 90' lang='lat' dir='ltr'>concludit</span> <span class='ocrx_word' id='word_1_703' title='bbox 1644 1239 1689 1263; x_wconf 81' lang='lat' dir='ltr'>ex</span> <span class='ocrx_word' id='word_1_704' title='bbox 1716 1228 1931 1275; x_wconf 89' lang='lat' dir='ltr'>praemissis</span> <span class='ocrx_word' id='word_1_705' title='bbox 1963 1230 2067 1277; x_wconf 89' lang='lat' dir='ltr'>quod</span> <span class='ocrx_word' id='word_1_706' title='bbox 2095 1230 2162 1266; x_wconf 88' lang='lat' dir='ltr'>iste</span> <span class='ocrx_word' id='word_1_707' title='bbox 2191 1238 2317 1266; x_wconf 88' lang='lat' dir='ltr'>motus</span> <span class='ocrx_word' id='word_1_708' title='bbox 2354 1229 2475 1277; x_wconf 87' lang='lat' dir='ltr'>proie-</span> 
     </span>
     <span class='ocr_line' id='line_1_98' title="bbox 1422 1278 2476 1330; baseline 0.002 -16"><span class='ocrx_word' id='word_1_709' title='bbox 1422 1278 1554 1315; x_wconf 87' lang='lat' dir='ltr'>ctionis</span> <span class='ocrx_word' id='word_1_710' title='bbox 1591 1291 1669 1315; x_wconf 91' lang='lat' dir='ltr'>non</span> <span class='ocrx_word' id='word_1_711' title='bbox 1697 1280 1743 1316; x_wconf 92' lang='lat' dir='ltr'>sit</span> <span class='ocrx_word' id='word_1_712' title='bbox 1770 1280 1980 1317; x_wconf 90' lang='lat' dir='ltr'>continuus.</span> <span class='ocrx_word' id='word_1_713' title='bbox 2020 1282 2119 1318; x_wconf 85' lang='lat' dir='ltr'>Dicit</span> <span class='ocrx_word' id='word_1_714' title='bbox 2147 1294 2235 1329; x_wconf 87' lang='lat' dir='ltr'>ergo</span> <span class='ocrx_word' id='word_1_715' title='bbox 2274 1282 2378 1330; x_wconf 88' lang='lat' dir='ltr'>quod</span> <span class='ocrx_word' id='word_1_716' title='bbox 2415 1281 2476 1317; x_wconf 90' lang='lat' dir='ltr'>hic</span> 
     </span>
     <span class='ocr_line' id='line_1_99' title="bbox 1422 1331 2476 1382; baseline 0.002 -16"><span class='ocrx_word' id='word_1_717' title='bbox 1422 1337 1560 1377; x_wconf 90' lang='lat' dir='ltr'>motus,</span> <span class='ocrx_word' id='word_1_718' title='bbox 1581 1331 1719 1368; x_wconf 89' lang='lat' dir='ltr'>scilicet</span> <span class='ocrx_word' id='word_1_719' title='bbox 1744 1332 1999 1380; x_wconf 87' lang='lat' dir='ltr'>proiectionis,</span> <span class='ocrx_word' id='word_1_720' title='bbox 2020 1335 2062 1370; x_wconf 93' lang='lat' dir='ltr'>fit</span> <span class='ocrx_word' id='word_1_721' title='bbox 2080 1334 2118 1370; x_wconf 90' lang='lat' dir='ltr'>in</span> <span class='ocrx_word' id='word_1_722' title='bbox 2139 1334 2359 1382; x_wconf 86' lang='lat' dir='ltr'>corporibus</span> <span class='ocrx_word' id='word_1_723' title='bbox 2380 1344 2476 1381; x_wconf 89' lang='lat' dir='ltr'>quae</span> 
     </span>
     <span class='ocr_line' id='line_1_100' title="bbox 1423 1383 2477 1434; baseline 0.002 -15"><span class='ocrx_word' id='word_1_724' title='bbox 1423 1383 1601 1431; x_wconf 88' lang='lat' dir='ltr'>contingit</span> <span class='ocrx_word' id='word_1_725' title='bbox 1639 1384 1840 1432; x_wconf 88' lang='lat' dir='ltr'>aliquando</span> <span class='ocrx_word' id='word_1_726' title='bbox 1877 1386 2026 1423; x_wconf 91' lang='lat' dir='ltr'>moveri</span> <span class='ocrx_word' id='word_1_727' title='bbox 2064 1393 2099 1422; x_wconf 88' lang='lat' dir='ltr'>et</span> <span class='ocrx_word' id='word_1_728' title='bbox 2135 1386 2336 1434; x_wconf 89' lang='lat' dir='ltr'>aliquando</span> <span class='ocrx_word' id='word_1_729' title='bbox 2376 1385 2477 1433; x_wconf 91' lang='lat' dir='ltr'>quie-</span> 
     </span>
     <span class='ocr_line' id='line_1_101' title="bbox 1422 1435 2479 1486; baseline 0.002 -15"><span class='ocrx_word' id='word_1_730' title='bbox 1422 1447 1536 1482; x_wconf 91' lang='lat' dir='ltr'>scere,</span> <span class='ocrx_word' id='word_1_731' title='bbox 1567 1436 1597 1472; x_wconf 94' lang='lat' dir='ltr'>si</span> <span class='ocrx_word' id='word_1_732' title='bbox 1616 1448 1691 1484; x_wconf 90' lang='lat' dir='ltr'>qua</span> <span class='ocrx_word' id='word_1_733' title='bbox 1708 1449 1798 1474; x_wconf 90' lang='lat' dir='ltr'>vere</span> <span class='ocrx_word' id='word_1_734' title='bbox 1819 1445 1904 1474; x_wconf 89' lang='lat' dir='ltr'>sunt</span> <span class='ocrx_word' id='word_1_735' title='bbox 1931 1439 2068 1486; x_wconf 88' lang='lat' dir='ltr'>quibus</span> <span class='ocrx_word' id='word_1_736' title='bbox 2093 1438 2292 1475; x_wconf 90' lang='lat' dir='ltr'>conveniat</span> <span class='ocrx_word' id='word_1_737' title='bbox 2314 1435 2338 1474; x_wconf 62' lang='grc' dir='ltr'>δ.</span> <span class='ocrx_word' id='word_1_738' title='bbox 2363 1436 2479 1484; x_wconf 90' lang='lat' dir='ltr'>Quod</span> 
     </span>
     <span class='ocr_line' id='line_1_102' title="bbox 1421 1489 2478 1539; baseline 0.002 -15"><span class='ocrx_word' id='word_1_739' title='bbox 1421 1495 1524 1536; x_wconf 85' lang='lat' dir='ltr'>patet</span> <span class='ocrx_word' id='word_1_740' title='bbox 1543 1500 1588 1524; x_wconf 83' lang='lat' dir='ltr'>ex</span> <span class='ocrx_word' id='word_1_741' title='bbox 1613 1489 1737 1525; x_wconf 90' lang='lat' dir='ltr'>dictis:</span> <span class='ocrx_word' id='word_1_742' title='bbox 1768 1490 1925 1537; x_wconf 90' lang='lat' dir='ltr'>quiescit</span> <span class='ocrx_word' id='word_1_743' title='bbox 1953 1491 2054 1527; x_wconf 90' lang='lat' dir='ltr'>enim</span> <span class='ocrx_word' id='word_1_744' title='bbox 2082 1490 2324 1539; x_wconf 88' lang='lat' dir='ltr'>proiectionis</span> <span class='ocrx_word' id='word_1_745' title='bbox 2352 1497 2478 1526; x_wconf 90' lang='lat' dir='ltr'>motus</span> 
     </span>
     <span class='ocr_line' id='line_1_103' title="bbox 1421 1540 2476 1590; baseline 0.002 -14"><span class='ocrx_word' id='word_1_746' title='bbox 1421 1553 1489 1589; x_wconf 89' lang='lat' dir='ltr'>per</span> <span class='ocrx_word' id='word_1_747' title='bbox 1518 1540 1706 1577; x_wconf 88' lang='lat' dir='ltr'>defectum</span> <span class='ocrx_word' id='word_1_748' title='bbox 1734 1541 1879 1579; x_wconf 87' lang='lat' dir='ltr'>virtutis</span> <span class='ocrx_word' id='word_1_749' title='bbox 1908 1543 2102 1590; x_wconf 89' lang='lat' dir='ltr'>movendi,</span> <span class='ocrx_word' id='word_1_750' title='bbox 2131 1550 2172 1579; x_wconf 88' lang='lat' dir='ltr'>ut</span> <span class='ocrx_word' id='word_1_751' title='bbox 2200 1543 2342 1579; x_wconf 88' lang='lat' dir='ltr'>dictum</span> <span class='ocrx_word' id='word_1_752' title='bbox 2371 1549 2426 1578; x_wconf 91' lang='lat' dir='ltr'>est</span> <span class='ocrx_word' id='word_1_753' title='bbox 2445 1542 2476 1578; x_wconf 61' lang='lat'>²³⁸.</span> 
     </span>
     <span class='ocr_line' id='line_1_104' title="bbox 1422 1593 2480 1644; baseline 0.001 -15"><span class='ocrx_word' id='word_1_754' title='bbox 1422 1595 1529 1629; x_wconf 90' lang='lat' dir='ltr'>Patet</span> <span class='ocrx_word' id='word_1_755' title='bbox 1548 1593 1660 1630; x_wconf 89' lang='lat' dir='ltr'>etiam</span> <span class='ocrx_word' id='word_1_756' title='bbox 1689 1606 1735 1630; x_wconf 85' lang='lat' dir='ltr'>ex</span> <span class='ocrx_word' id='word_1_757' title='bbox 1766 1595 1981 1643; x_wconf 90' lang='lat' dir='ltr'>praemissis</span> <span class='ocrx_word' id='word_1_758' title='bbox 2009 1595 2113 1644; x_wconf 92' lang='lat' dir='ltr'>quod</span> <span class='ocrx_word' id='word_1_759' title='bbox 2146 1595 2212 1632; x_wconf 90' lang='lat' dir='ltr'>iste</span> <span class='ocrx_word' id='word_1_760' title='bbox 2241 1602 2367 1631; x_wconf 92' lang='lat' dir='ltr'>motus</span> <span class='ocrx_word' id='word_1_761' title='bbox 2401 1606 2480 1630; x_wconf 92' lang='lat' dir='ltr'>non</span> 
     </span>
     <span class='ocr_line' id='line_1_105' title="bbox 1423 1646 2480 1693; baseline 0 -11"><span class='ocrx_word' id='word_1_762' title='bbox 1423 1653 1479 1682; x_wconf 88' lang='lat' dir='ltr'>est</span> <span class='ocrx_word' id='word_1_763' title='bbox 1516 1646 1734 1693; x_wconf 87' lang='lat' dir='ltr'>continuus,</span> <span class='ocrx_word' id='word_1_764' title='bbox 1774 1647 1840 1683; x_wconf 88' lang='lat' dir='ltr'>etsi</span> <span class='ocrx_word' id='word_1_765' title='bbox 1874 1649 2073 1685; x_wconf 91' lang='lat' dir='ltr'>continuus</span> <span class='ocrx_word' id='word_1_766' title='bbox 2108 1648 2292 1684; x_wconf 90' lang='lat' dir='ltr'>videatur.</span> <span class='ocrx_word' id='word_1_767' title='bbox 2322 1647 2480 1683; x_wconf 87' lang='lat' dir='ltr'>Videtur</span> 
     </span>
     <span class='ocr_line' id='line_1_106' title="bbox 1424 1698 2481 1749; baseline 0.001 -15"><span class='ocrx_word' id='word_1_768' title='bbox 1424 1698 1526 1734; x_wconf 90' lang='lat' dir='ltr'>enim</span> <span class='ocrx_word' id='word_1_769' title='bbox 1565 1698 1763 1735; x_wconf 91' lang='lat' dir='ltr'>continuus</span> <span class='ocrx_word' id='word_1_770' title='bbox 1799 1708 1954 1749; x_wconf 90' lang='lat' dir='ltr'>propter</span> <span class='ocrx_word' id='word_1_771' title='bbox 1990 1700 2140 1737; x_wconf 88' lang='lat' dir='ltr'>mobilis</span> <span class='ocrx_word' id='word_1_772' title='bbox 2166 1700 2366 1736; x_wconf 87' lang='lat' dir='ltr'>unitatem:</span> <span class='ocrx_word' id='word_1_773' title='bbox 2402 1711 2481 1735; x_wconf 89' lang='lat' dir='ltr'>non</span> 
     </span>
     <span class='ocr_line' id='line_1_107' title="bbox 1423 1751 2478 1801; baseline 0.001 -15"><span class='ocrx_word' id='word_1_774' title='bbox 1423 1758 1551 1787; x_wconf 88' lang='lat' dir='ltr'>tamen</span> <span class='ocrx_word' id='word_1_775' title='bbox 1572 1759 1626 1787; x_wconf 90' lang='lat' dir='ltr'>est</span> <span class='ocrx_word' id='word_1_776' title='bbox 1655 1751 1866 1799; x_wconf 84' lang='lat' dir='ltr'>continuus,</span> <span class='ocrx_word' id='word_1_777' title='bbox 1892 1753 1980 1801; x_wconf 91' lang='lat' dir='ltr'>quia</span> <span class='ocrx_word' id='word_1_778' title='bbox 1999 1760 2085 1789; x_wconf 91' lang='lat' dir='ltr'>sunt</span> <span class='ocrx_word' id='word_1_779' title='bbox 2105 1753 2254 1790; x_wconf 89' lang='lat' dir='ltr'>diversa</span> <span class='ocrx_word' id='word_1_780' title='bbox 2273 1751 2478 1798; x_wconf 88' lang='lat' dir='ltr'>moventia,</span> 
     </span>
     <span class='ocr_line' id='line_1_108' title="bbox 1422 1803 2480 1852; baseline 0 -13"><span class='ocrx_word' id='word_1_781' title='bbox 1422 1810 1464 1839; x_wconf 90' lang='lat' dir='ltr'>ut</span> <span class='ocrx_word' id='word_1_782' title='bbox 1482 1803 1624 1839; x_wconf 91' lang='lat' dir='ltr'>dictum</span> <span class='ocrx_word' id='word_1_783' title='bbox 1640 1811 1695 1840; x_wconf 91' lang='lat' dir='ltr'>est</span> <span class='ocrx_word' id='word_1_784' title='bbox 1706 1804 1737 1840; x_wconf 59' lang='lat'>³³.</span> <span class='ocrx_word' id='word_1_785' title='bbox 1750 1806 1826 1840; x_wconf 88' lang='lat' dir='ltr'>Aut</span> <span class='ocrx_word' id='word_1_786' title='bbox 1845 1805 1946 1842; x_wconf 84' lang='lat' dir='ltr'>enirn</span> <span class='ocrx_word' id='word_1_787' title='bbox 1965 1806 2032 1842; x_wconf 92' lang='lat' dir='ltr'>iste</span> <span class='ocrx_word' id='word_1_788' title='bbox 2052 1812 2178 1842; x_wconf 87' lang='lat' dir='ltr'>motus</span> <span class='ocrx_word' id='word_1_789' title='bbox 2194 1812 2249 1841; x_wconf 92' lang='lat' dir='ltr'>est</span> <span class='ocrx_word' id='word_1_790' title='bbox 2272 1817 2294 1840; x_wconf 92' lang='lat' dir='ltr'>a</span> <span class='ocrx_word' id='word_1_791' title='bbox 2312 1803 2480 1852; x_wconf 91' lang='lat' dir='ltr'>pluribus</span> 
     </span>
     <span class='ocr_line' id='line_1_109' title="bbox 1423 1855 2480 1904; baseline 0 -13"><span class='ocrx_word' id='word_1_792' title='bbox 1423 1855 1667 1892; x_wconf 90' lang='lat' dir='ltr'>moventibus</span> <span class='ocrx_word' id='word_1_793' title='bbox 1687 1865 1962 1904; x_wconf 89' lang='lat' dir='ltr'>consequenter</span> <span class='ocrx_word' id='word_1_794' title='bbox 1977 1870 2016 1894; x_wconf 92' lang='lat' dir='ltr'>se</span> <span class='ocrx_word' id='word_1_795' title='bbox 2030 1857 2267 1903; x_wconf 89' lang='lat' dir='ltr'>habentibus,</span> <span class='ocrx_word' id='word_1_796' title='bbox 2285 1864 2348 1893; x_wconf 87' lang='lat' dir='ltr'>aut</span> <span class='ocrx_word' id='word_1_797' title='bbox 2367 1856 2480 1892; x_wconf 83' lang='lat' dir='ltr'>etiam</span> 
     </span>
    </p>
   </div>
   <div class='ocr_carea' id='block_1_18' title="bbox 1424 1908 2553 1957">
    <p class='ocr_par' dir='ltr' id='par_1_23' title="bbox 1424 1908 2553 1957">
     <span class='ocr_line' id='line_1_110' title="bbox 1424 1908 2553 1957; baseline 0.002 -14"><span class='ocrx_word' id='word_1_798' title='bbox 1424 1921 1446 1944; x_wconf 94' lang='lat' dir='ltr'>a</span> <span class='ocrx_word' id='word_1_799' title='bbox 1459 1908 1628 1957; x_wconf 92' lang='lat' dir='ltr'>pluribus</span> <span class='ocrx_word' id='word_1_800' title='bbox 1648 1909 1891 1946; x_wconf 88' lang='lat' dir='ltr'>moventibus</span> <span class='ocrx_word' id='word_1_801' title='bbox 1912 1923 1952 1946; x_wconf 91' lang='lat' dir='ltr'>se</span> <span class='ocrx_word' id='word_1_802' title='bbox 1970 1910 2206 1957; x_wconf 87' lang='lat' dir='ltr'>tangentibus</span> <span class='ocrx_word' id='word_1_803' title='bbox 2227 1908 2447 1957; x_wconf 88' lang='lat' dir='ltr'>(quomodo</span> <span class='ocrx_word' id='word_1_804' title='bbox 2462 1909 2482 1929; x_wconf 78' lang='grc'><strong><em>*</em></strong></span> <span class='ocrx_word' id='word_1_805' title='bbox 2508 1913 2517 1920; x_wconf 85' lang='grc'><strong>”</strong></span> <span class='ocrx_word' id='word_1_806' title='bbox 2534 1911 2553 1938; x_wconf 84' lang='lat' dir='ltr'><strong><em>Q</em></strong></span> 
     </span>
    </p>
   </div>
   <div class='ocr_carea' id='block_1_19' title="bbox 1422 1960 2486 3006">
    <p class='ocr_par' dir='ltr' id='par_1_24' title="bbox 1422 1960 2486 3006">
     <span class='ocr_line' id='line_1_111' title="bbox 1424 1960 2480 2010; baseline 0.001 -14"><span class='ocrx_word' id='word_1_807' title='bbox 1424 1968 1551 1997; x_wconf 88' lang='lat' dir='ltr'>autern</span> <span class='ocrx_word' id='word_1_808' title='bbox 1590 1960 1763 1998; x_wconf 88' lang='lat' dir='ltr'>differant</span> <span class='ocrx_word' id='word_1_809' title='bbox 1800 1970 2074 2010; x_wconf 87' lang='lat' dir='ltr'>consequenter</span> <span class='ocrx_word' id='word_1_810' title='bbox 2102 1975 2142 1998; x_wconf 92' lang='lat' dir='ltr'>se</span> <span class='ocrx_word' id='word_1_811' title='bbox 2170 1962 2310 1998; x_wconf 90' lang='lat' dir='ltr'>habere</span> <span class='ocrx_word' id='word_1_812' title='bbox 2338 1968 2378 1998; x_wconf 78' lang='lat' dir='ltr'>et</span> <span class='ocrx_word' id='word_1_813' title='bbox 2401 1968 2480 1997; x_wconf 88' lang='lat' dir='ltr'>tan-</span> 
     </span>
     <span class='ocr_line' id='line_1_112' title="bbox 1423 2014 2482 2063; baseline 0 -14"><span class='ocrx_word' id='word_1_814' title='bbox 1423 2025 1523 2060; x_wconf 89' lang='lat' dir='ltr'>gere,</span> <span class='ocrx_word' id='word_1_815' title='bbox 1545 2026 1658 2061; x_wconf 93' lang='lat' dir='ltr'>supra</span> <span class='ocrx_word' id='word_1_816' title='bbox 1687 2014 1827 2050; x_wconf 89' lang='lat' dir='ltr'>dictum</span> <span class='ocrx_word' id='word_1_817' title='bbox 1848 2022 1903 2051; x_wconf 92' lang='lat' dir='ltr'>est</span> <span class='ocrx_word' id='word_1_818' title='bbox 1922 2015 1958 2051; x_wconf 92' lang='lat' dir='ltr'>in</span> <span class='ocrx_word' id='word_1_819' title='bbox 1974 2015 2103 2063; x_wconf 90' lang='lat' dir='ltr'>quinto</span> <span class='ocrx_word' id='word_1_820' title='bbox 2121 2016 2139 2036; x_wconf 72' lang='lat'>&gt;²²</span> <span class='ocrx_word' id='word_1_821' title='bbox 2161 2022 2197 2050; x_wconf 90' lang='lat' dir='ltr'>et</span> <span class='ocrx_word' id='word_1_822' title='bbox 2215 2022 2318 2050; x_wconf 83' lang='lat' dir='ltr'>sexto</span> <span class='ocrx_word' id='word_1_823' title='bbox 2333 2015 2403 2059; x_wconf 47' lang='grc' dir='ltr'>Η).</span> <span class='ocrx_word' id='word_1_824' title='bbox 2433 2014 2482 2049; x_wconf 90' lang='lat' dir='ltr'>Et</span> 
     </span>
     <span class='ocr_line' id='line_1_113' title="bbox 1423 2065 2481 2115; baseline -0.001 -13"><span class='ocrx_word' id='word_1_825' title='bbox 1423 2066 1666 2103; x_wconf 85' lang='lat' dir='ltr'>manifestum</span> <span class='ocrx_word' id='word_1_826' title='bbox 1695 2074 1751 2103; x_wconf 88' lang='lat' dir='ltr'>est</span> <span class='ocrx_word' id='word_1_827' title='bbox 1779 2066 1827 2102; x_wconf 91' lang='lat' dir='ltr'>ad</span> <span class='ocrx_word' id='word_1_828' title='bbox 1851 2079 2017 2114; x_wconf 89' lang='lat' dir='ltr'>sensum,</span> <span class='ocrx_word' id='word_1_829' title='bbox 2048 2067 2152 2115; x_wconf 93' lang='lat' dir='ltr'>quod</span> <span class='ocrx_word' id='word_1_830' title='bbox 2174 2074 2335 2114; x_wconf 91' lang='lat' dir='ltr'>utroque</span> <span class='ocrx_word' id='word_1_831' title='bbox 2363 2065 2481 2102; x_wconf 91' lang='lat' dir='ltr'>modo</span> 
     </span>
     <span class='ocr_line' id='line_1_114' title="bbox 1423 2119 2481 2166; baseline 0 -12"><span class='ocrx_word' id='word_1_832' title='bbox 1423 2130 1462 2154; x_wconf 93' lang='lat' dir='ltr'>se</span> <span class='ocrx_word' id='word_1_833' title='bbox 1491 2119 1716 2155; x_wconf 88' lang='lat' dir='ltr'>habentibus</span> <span class='ocrx_word' id='word_1_834' title='bbox 1745 2119 1902 2156; x_wconf 90' lang='lat' dir='ltr'>diversis</span> <span class='ocrx_word' id='word_1_835' title='bbox 1930 2119 2187 2165; x_wconf 89' lang='lat' dir='ltr'>moventibus,</span> <span class='ocrx_word' id='word_1_836' title='bbox 2214 2125 2372 2166; x_wconf 90' lang='lat' dir='ltr'>possunt</span> <span class='ocrx_word' id='word_1_837' title='bbox 2399 2130 2481 2154; x_wconf 92' lang='lat' dir='ltr'>mo-</span> 
     </span>
     <span class='ocr_line' id='line_1_115' title="bbox 1422 2171 2482 2220; baseline 0 -14"><span class='ocrx_word' id='word_1_838' title='bbox 1422 2182 1514 2207; x_wconf 89' lang='lat' dir='ltr'>vere</span> <span class='ocrx_word' id='word_1_839' title='bbox 1533 2182 1653 2206; x_wconf 89' lang='lat' dir='ltr'>unum</span> <span class='ocrx_word' id='word_1_840' title='bbox 1674 2171 1827 2217; x_wconf 89' lang='lat' dir='ltr'>mobile,</span> <span class='ocrx_word' id='word_1_841' title='bbox 1849 2172 2061 2208; x_wconf 88' lang='lat' dir='ltr'>secundum</span> <span class='ocrx_word' id='word_1_842' title='bbox 2083 2171 2185 2220; x_wconf 90' lang='lat' dir='ltr'>quod</span> <span class='ocrx_word' id='word_1_843' title='bbox 2205 2171 2482 2219; x_wconf 77' lang='lat' dir='ltr'>ipsa*moven—</span> 
     </span>
     <span class='ocr_line' id='line_1_116' title="bbox 1422 2222 2481 2271; baseline 0 -13"><span class='ocrx_word' id='word_1_844' title='bbox 1422 2229 1482 2258; x_wconf 91' lang='lat' dir='ltr'>tur</span> <span class='ocrx_word' id='word_1_845' title='bbox 1510 2223 1556 2258; x_wconf 91' lang='lat' dir='ltr'>ab</span> <span class='ocrx_word' id='word_1_846' title='bbox 1586 2222 1711 2270; x_wconf 92' lang='lat' dir='ltr'>aliquo</span> <span class='ocrx_word' id='word_1_847' title='bbox 1735 2223 1860 2271; x_wconf 88' lang='lat' dir='ltr'>primo</span> <span class='ocrx_word' id='word_1_848' title='bbox 1893 2231 2086 2261; x_wconf 77' lang='lat' dir='ltr'>movente,</span> <span class='ocrx_word' id='word_1_849' title='bbox 2116 2225 2158 2260; x_wconf 87' lang='lat' dir='ltr'>In</span> <span class='ocrx_word' id='word_1_850' title='bbox 2177 2223 2234 2260; x_wconf 90' lang='lat' dir='ltr'>his</span> <span class='ocrx_word' id='word_1_851' title='bbox 2255 2222 2355 2259; x_wconf 91' lang='lat' dir='ltr'>enim</span> <span class='ocrx_word' id='word_1_852' title='bbox 2384 2235 2481 2270; x_wconf 88' lang='lat' dir='ltr'>quae</span> 
     </span>
     <span class='ocr_line' id='line_1_117' title="bbox 1422 2275 2482 2323; baseline -0.001 -12"><span class='ocrx_word' id='word_1_853' title='bbox 1422 2282 1626 2311; x_wconf 88' lang='lat' dir='ltr'>moventur</span> <span class='ocrx_word' id='word_1_854' title='bbox 1652 2282 1760 2311; x_wconf 92' lang='lat' dir='ltr'>motu</span> <span class='ocrx_word' id='word_1_855' title='bbox 1787 2275 2045 2323; x_wconf 88' lang='lat' dir='ltr'>proiectionis,</span> <span class='ocrx_word' id='word_1_856' title='bbox 2075 2288 2153 2312; x_wconf 90' lang='lat' dir='ltr'>non</span> <span class='ocrx_word' id='word_1_857' title='bbox 2177 2283 2232 2312; x_wconf 92' lang='lat' dir='ltr'>est</span> <span class='ocrx_word' id='word_1_858' title='bbox 2259 2287 2379 2311; x_wconf 91' lang='lat' dir='ltr'>unum</span> <span class='ocrx_word' id='word_1_859' title='bbox 2399 2287 2482 2311; x_wconf 90' lang='lat' dir='ltr'>mo-</span> 
     </span>
     <span class='ocr_line' id='line_1_118' title="bbox 1422 2327 2483 2374; baseline -0.001 -11"><span class='ocrx_word' id='word_1_860' title='bbox 1422 2339 1518 2364; x_wconf 90' lang='lat' dir='ltr'>vens</span> <span class='ocrx_word' id='word_1_861' title='bbox 1541 2335 1687 2363; x_wconf 89' lang='lat' dir='ltr'>tantum</span> <span class='ocrx_word' id='word_1_862' title='bbox 1710 2332 1732 2374; x_wconf 79' lang='lat'>⁸,</span> <span class='ocrx_word' id='word_1_863' title='bbox 1749 2328 1815 2364; x_wconf 90' lang='lat' dir='ltr'>sed</span> <span class='ocrx_word' id='word_1_864' title='bbox 1843 2329 1961 2364; x_wconf 89' lang='lat' dir='ltr'>multa</span> <span class='ocrx_word' id='word_1_865' title='bbox 1988 2328 2115 2365; x_wconf 89' lang='lat' dir='ltr'>habita</span> <span class='ocrx_word' id='word_1_866' title='bbox 2134 2327 2180 2364; x_wconf 93' lang='lat' dir='ltr'>ad</span> <span class='ocrx_word' id='word_1_867' title='bbox 2206 2327 2381 2374; x_wconf 89' lang='lat' dir='ltr'>invicem,</span> <span class='ocrx_word' id='word_1_868' title='bbox 2403 2334 2439 2362; x_wconf 91' lang='lat' dir='ltr'>et</span> <span class='ocrx_word' id='word_1_869' title='bbox 2464 2327 2483 2348; x_wconf 73' lang='lat'>&#39;¹‘</span> 
     </span>
     <span class='ocr_line' id='line_1_119' title="bbox 1425 2378 2483 2427; baseline -0.001 -11"><span class='ocrx_word' id='word_1_870' title='bbox 1425 2387 1699 2427; x_wconf 89' lang='lat' dir='ltr'>consequenter</span> <span class='ocrx_word' id='word_1_871' title='bbox 1730 2392 1769 2416; x_wconf 90' lang='lat' dir='ltr'>se</span> <span class='ocrx_word' id='word_1_872' title='bbox 1806 2380 1982 2417; x_wconf 89' lang='lat' dir='ltr'>habentia</span> <span class='ocrx_word' id='word_1_873' title='bbox 2020 2388 2056 2417; x_wconf 90' lang='lat' dir='ltr'>et</span> <span class='ocrx_word' id='word_1_874' title='bbox 2092 2386 2272 2416; x_wconf 90' lang='lat' dir='ltr'>contacta.</span> <span class='ocrx_word' id='word_1_875' title='bbox 2311 2380 2360 2416; x_wconf 90' lang='lat' dir='ltr'>Et</span> <span class='ocrx_word' id='word_1_876' title='bbox 2396 2378 2483 2427; x_wconf 91' lang='lat' dir='ltr'>quia</span> 
     </span>
     <span class='ocr_line' id='line_1_120' title="bbox 1426 2432 2481 2480; baseline -0.002 -11"><span class='ocrx_word' id='word_1_877' title='bbox 1426 2433 1622 2470; x_wconf 88' lang='lat' dir='ltr'>diversitas</span> <span class='ocrx_word' id='word_1_878' title='bbox 1650 2444 1729 2468; x_wconf 89' lang='lat' dir='ltr'>non</span> <span class='ocrx_word' id='word_1_879' title='bbox 1758 2440 1813 2469; x_wconf 90' lang='lat' dir='ltr'>est</span> <span class='ocrx_word' id='word_1_880' title='bbox 1840 2434 1983 2480; x_wconf 89' lang='lat' dir='ltr'>absque</span> <span class='ocrx_word' id='word_1_881' title='bbox 2022 2432 2226 2479; x_wconf 90' lang='lat' dir='ltr'>divisione,</span> <span class='ocrx_word' id='word_1_882' title='bbox 2261 2432 2346 2468; x_wconf 91' lang='lat' dir='ltr'>ideo</span> <span class='ocrx_word' id='word_1_883' title='bbox 2375 2443 2481 2480; x_wconf 90' lang='lat' dir='ltr'>prae-</span> 
     </span>
     <span class='ocr_line' id='line_1_121' title="bbox 1426 2483 2482 2533; baseline -0.004 -10"><span class='ocrx_word' id='word_1_884' title='bbox 1426 2486 1545 2523; x_wconf 88' lang='lat' dir='ltr'>dictus</span> <span class='ocrx_word' id='word_1_885' title='bbox 1578 2484 1819 2533; x_wconf 88' lang='lat' dir='ltr'>proiectionis</span> <span class='ocrx_word' id='word_1_886' title='bbox 1846 2493 1972 2522; x_wconf 88' lang='lat' dir='ltr'>motus</span> <span class='ocrx_word' id='word_1_887' title='bbox 2003 2485 2046 2522; x_wconf 89' lang='lat' dir='ltr'>fit</span> <span class='ocrx_word' id='word_1_888' title='bbox 2071 2497 2141 2533; x_wconf 90' lang='lat' dir='ltr'>per</span> <span class='ocrx_word' id='word_1_889' title='bbox 2172 2484 2343 2521; x_wconf 87' lang='lat' dir='ltr'>medium</span> <span class='ocrx_word' id='word_1_890' title='bbox 2377 2483 2482 2519; x_wconf 87' lang='lat' dir='ltr'>facile</span> 
     </span>
     <span class='ocr_line' id='line_1_122' title="bbox 1427 2535 2483 2586; baseline -0.003 -12"><span class='ocrx_word' id='word_1_891' title='bbox 1427 2537 1622 2584; x_wconf 91' lang='lat' dir='ltr'>divisibile,</span> <span class='ocrx_word' id='word_1_892' title='bbox 1653 2537 1789 2574; x_wconf 90' lang='lat' dir='ltr'>scilicet</span> <span class='ocrx_word' id='word_1_893' title='bbox 1807 2550 1875 2586; x_wconf 91' lang='lat' dir='ltr'>per</span> <span class='ocrx_word' id='word_1_894' title='bbox 1903 2549 2030 2574; x_wconf 90' lang='lat' dir='ltr'>aerem</span> <span class='ocrx_word' id='word_1_895' title='bbox 2052 2545 2087 2573; x_wconf 89' lang='lat' dir='ltr'>et</span> <span class='ocrx_word' id='word_1_896' title='bbox 2105 2543 2260 2585; x_wconf 82' lang='lat' dir='ltr'>aquam,</span> <span class='ocrx_word' id='word_1_897' title='bbox 2290 2536 2328 2572; x_wconf 89' lang='lat' dir='ltr'>in</span> <span class='ocrx_word' id='word_1_898' title='bbox 2347 2535 2483 2584; x_wconf 91' lang='lat' dir='ltr'>quibus</span> 
     </span>
     <span class='ocr_line' id='line_1_123' title="bbox 1426 2587 2483 2639; baseline -0.004 -12"><span class='ocrx_word' id='word_1_899' title='bbox 1426 2598 1579 2639; x_wconf 89' lang='lat' dir='ltr'>propter</span> <span class='ocrx_word' id='word_1_900' title='bbox 1616 2589 1841 2626; x_wconf 89' lang='lat' dir='ltr'>divisionem</span> <span class='ocrx_word' id='word_1_901' title='bbox 1871 2589 1918 2626; x_wconf 91' lang='lat' dir='ltr'>de</span> <span class='ocrx_word' id='word_1_902' title='bbox 1950 2590 2046 2626; x_wconf 83' lang='lat' dir='ltr'>facili</span> <span class='ocrx_word' id='word_1_903' title='bbox 2075 2589 2253 2636; x_wconf 86' lang='lat' dir='ltr'>contingit</span> <span class='ocrx_word' id='word_1_904' title='bbox 2289 2587 2483 2625; x_wconf 89' lang='lat' dir='ltr'>diversitas</span> 
     </span>
     <span class='ocr_line' id='line_1_124' title="bbox 1427 2639 2483 2690; baseline -0.005 -10"><span class='ocrx_word' id='word_1_905' title='bbox 1427 2642 1712 2680; x_wconf 90' lang='lat' dir='ltr'>moventium.-</span> <span class='ocrx_word' id='word_1_906' title='bbox 1729 2643 1856 2689; x_wconf 89' lang='lat' dir='ltr'>Quem</span> <span class='ocrx_word' id='word_1_907' title='bbox 1886 2641 2039 2690; x_wconf 91' lang='lat' dir='ltr'>quidem</span> <span class='ocrx_word' id='word_1_908' title='bbox 2067 2649 2216 2678; x_wconf 89' lang='lat' dir='ltr'>motum</span> <span class='ocrx_word' id='word_1_909' title='bbox 2244 2639 2483 2689; x_wconf 91' lang='lat' dir='ltr'>proiectionis</span> 
     </span>
     <span class='ocr_line' id='line_1_125' title="bbox 1428 2692 2482 2743; baseline -0.003 -12"><span class='ocrx_word' id='word_1_910' title='bbox 1428 2695 1540 2743; x_wconf 90' lang='lat' dir='ltr'>aliqui</span> <span class='ocrx_word' id='word_1_911' title='bbox 1555 2695 1682 2732; x_wconf 90' lang='lat' dir='ltr'>dicunt</span> <span class='ocrx_word' id='word_1_912' title='bbox 1703 2707 1782 2731; x_wconf 88' lang='lat' dir='ltr'>esse</span> <span class='ocrx_word' id='word_1_913' title='bbox 1798 2695 2093 2743; x_wconf 80' lang='lat' dir='ltr'>antiperistasim,</span> <span class='ocrx_word' id='word_1_914' title='bbox 2104 2694 2198 2731; x_wconf 90' lang='lat' dir='ltr'>idest</span> <span class='ocrx_word' id='word_1_915' title='bbox 2214 2695 2233 2715; x_wconf 53' lang='lat'>’³</span> <span class='ocrx_word' id='word_1_916' title='bbox 2250 2692 2482 2729; x_wconf 90' lang='lat' dir='ltr'>contra-resi-</span> 
     </span>
     <span class='ocr_line' id='line_1_126' title="bbox 1429 2746 2481 2794; baseline -0.004 -10"><span class='ocrx_word' id='word_1_917' title='bbox 1429 2748 1619 2794; x_wconf 79' lang='lat' dir='ltr'>stentiam3</span> <span class='ocrx_word' id='word_1_918' title='bbox 1642 2759 1686 2783; x_wconf 85' lang='lat' dir='ltr'>ex</span> <span class='ocrx_word' id='word_1_919' title='bbox 1707 2760 1752 2784; x_wconf 92' lang='lat' dir='ltr'>eo</span> <span class='ocrx_word' id='word_1_920' title='bbox 1773 2747 1910 2784; x_wconf 86' lang='lat' dir='ltr'>scilicet</span> <span class='ocrx_word' id='word_1_921' title='bbox 1929 2747 2033 2794; x_wconf 91' lang='lat' dir='ltr'>quod</span> <span class='ocrx_word' id='word_1_922' title='bbox 2053 2759 2117 2783; x_wconf 90' lang='lat' dir='ltr'>aer</span> <span class='ocrx_word' id='word_1_923' title='bbox 2136 2746 2379 2782; x_wconf 86' lang='lat' dir='ltr'>circumstans</span> <span class='ocrx_word' id='word_1_924' title='bbox 2398 2757 2481 2780; x_wconf 91' lang='lat' dir='ltr'>mo-</span> 
     </span>
     <span class='ocr_line' id='line_1_127' title="bbox 1431 2796 2486 2848; baseline -0.004 -12"><span class='ocrx_word' id='word_1_925' title='bbox 1431 2807 1501 2847; x_wconf 88' lang='lat' dir='ltr'>tus,</span> <span class='ocrx_word' id='word_1_926' title='bbox 1529 2800 1655 2848; x_wconf 88' lang='lat' dir='ltr'>aliquo</span> <span class='ocrx_word' id='word_1_927' title='bbox 1684 2800 1802 2837; x_wconf 89' lang='lat' dir='ltr'>modo</span> <span class='ocrx_word' id='word_1_928' title='bbox 1831 2807 1962 2836; x_wconf 89' lang='lat' dir='ltr'>movet</span> <span class='ocrx_word' id='word_1_929' title='bbox 1990 2811 2125 2847; x_wconf 90' lang='lat' dir='ltr'>corpus</span> <span class='ocrx_word' id='word_1_930' title='bbox 2150 2798 2370 2847; x_wconf 90' lang='lat' dir='ltr'>proiectum,</span> <span class='ocrx_word' id='word_1_931' title='bbox 2392 2796 2486 2833; x_wconf 93' lang='lat' dir='ltr'>sicut</span> 
     </span>
     <span class='ocr_line' id='line_1_128' title="bbox 1431 2851 2485 2901; baseline -0.004 -12"><span class='ocrx_word' id='word_1_932' title='bbox 1431 2864 1544 2901; x_wconf 91' lang='lat' dir='ltr'>supra</span> <span class='ocrx_word' id='word_1_933' title='bbox 1564 2853 1705 2889; x_wconf 87' lang='lat' dir='ltr'>dictum</span> <span class='ocrx_word' id='word_1_934' title='bbox 1727 2860 1781 2889; x_wconf 89' lang='lat' dir='ltr'>est</span> <span class='ocrx_word' id='word_1_935' title='bbox 1795 2852 1833 2888; x_wconf 90' lang='lat' dir='ltr'>in</span> <span class='ocrx_word' id='word_1_936' title='bbox 1848 2859 1980 2900; x_wconf 91' lang='lat' dir='ltr'>quarto</span> <span class='ocrx_word' id='word_1_937' title='bbox 1998 2853 2028 2888; x_wconf 52' lang='grc' dir='ltr'>*Ξῖ</span> <span class='ocrx_word' id='word_1_938' title='bbox 2046 2851 2122 2888; x_wconf 86' lang='lat' dir='ltr'>Sed</span> <span class='ocrx_word' id='word_1_939' title='bbox 2141 2863 2218 2887; x_wconf 91' lang='lat' dir='ltr'>non</span> <span class='ocrx_word' id='word_1_940' title='bbox 2237 2857 2361 2899; x_wconf 63' lang='lat' dir='ltr'>p&#39;otest</span> <span class='ocrx_word' id='word_1_941' title='bbox 2378 2861 2485 2897; x_wconf 91' lang='lat' dir='ltr'>prae-</span> 
     </span>
     <span class='ocr_line' id='line_1_129' title="bbox 1431 2901 2485 2951; baseline -0.004 -10"><span class='ocrx_word' id='word_1_942' title='bbox 1431 2905 1529 2942; x_wconf 87' lang='lat' dir='ltr'>dicta</span> <span class='ocrx_word' id='word_1_943' title='bbox 1566 2904 1747 2942; x_wconf 90' lang='lat' dir='ltr'>dubitatio</span> <span class='ocrx_word' id='word_1_944' title='bbox 1786 2905 1881 2941; x_wconf 89' lang='lat' dir='ltr'>solvi</span> <span class='ocrx_word' id='word_1_945' title='bbox 1918 2904 1988 2941; x_wconf 92' lang='lat' dir='ltr'>nisi</span> <span class='ocrx_word' id='word_1_946' title='bbox 2017 2916 2062 2940; x_wconf 91' lang='lat' dir='ltr'>eo</span> <span class='ocrx_word' id='word_1_947' title='bbox 2091 2903 2208 2940; x_wconf 91' lang='lat' dir='ltr'>modo</span> <span class='ocrx_word' id='word_1_948' title='bbox 2245 2902 2308 2951; x_wconf 92' lang='lat' dir='ltr'>qui</span> <span class='ocrx_word' id='word_1_949' title='bbox 2341 2901 2485 2950; x_wconf 91' lang='lat' dir='ltr'>positus</span> 
     </span>
     <span class='ocr_line' id='line_1_130' title="bbox 1432 2953 2485 3006; baseline -0.005 -12"><span class='ocrx_word' id='word_1_950' title='bbox 1432 2965 1507 2994; x_wconf 89' lang='lat' dir='ltr'>est:</span> <span class='ocrx_word' id='word_1_951' title='bbox 1536 2957 1625 3006; x_wconf 89' lang='lat' dir='ltr'>quia</span> <span class='ocrx_word' id='word_1_952' title='bbox 1653 2957 1683 2994; x_wconf 88' lang='lat' dir='ltr'>si</span> <span class='ocrx_word' id='word_1_953' title='bbox 1707 2965 1870 3006; x_wconf 89' lang='lat' dir='ltr'>ponatur</span> <span class='ocrx_word' id='word_1_954' title='bbox 1891 2969 2002 2993; x_wconf 89' lang='lat' dir='ltr'>causa</span> <span class='ocrx_word' id='word_1_955' title='bbox 2022 2956 2035 2982; x_wconf 69' lang='grc' dir='ltr'><strong>ζ</strong></span> <span class='ocrx_word' id='word_1_956' title='bbox 2054 2955 2294 3005; x_wconf 90' lang='lat' dir='ltr'>proiectionis</span> <span class='ocrx_word' id='word_1_957' title='bbox 2314 2953 2485 3002; x_wconf 90' lang='lat' dir='ltr'>antiperi-</span> 
     </span>
    </p>
   </div>
   <div class='ocr_carea' id='block_1_20' title="bbox 1432 3099 2487 3588">
    <p class='ocr_par' dir='ltr' id='par_1_25' title="bbox 1433 3099 2484 3170">
     <span class='ocr_line' id='line_1_131' title="bbox 1433 3099 2484 3135; baseline -0.004 -7"><span class='ocrx_word' id='word_1_958' title='bbox 1433 3103 1462 3128; x_wconf 80' lang='lat' dir='ltr'>id</span> <span class='ocrx_word' id='word_1_959' title='bbox 1475 3103 1546 3135; x_wconf 82' lang='lat' dir='ltr'>quod</span> <span class='ocrx_word' id='word_1_960' title='bbox 1563 3107 1603 3128; x_wconf 81' lang='lat' dir='ltr'>est</span> <span class='ocrx_word' id='word_1_961' title='bbox 1616 3104 1735 3135; x_wconf 77' lang='lat' dir='ltr'>primum</span> <span class='ocrx_word' id='word_1_962' title='bbox 1748 3107 1774 3128; x_wconf 86' lang='lat' dir='ltr'>et</span> <span class='ocrx_word' id='word_1_963' title='bbox 1788 3104 1866 3135; x_wconf 85' lang='lat' dir='ltr'>prius</span> <span class='ocrx_word' id='word_1_964' title='bbox 1879 3106 1997 3134; x_wconf 80' lang='lat' dir='ltr'>respectu</span> <span class='ocrx_word' id='word_1_965' title='bbox 2015 3102 2057 3127; x_wconf 90' lang='lat' dir='ltr'>sui</span> <span class='ocrx_word' id='word_1_966' title='bbox 2069 3102 2246 3133; x_wconf 79' lang='lat' dir='ltr'>consequentis</span> <span class='ocrx_word' id='word_1_967' title='bbox 2259 3101 2278 3125; x_wconf 84' lang='lat' dir='ltr'>P</span> <span class='ocrx_word' id='word_1_968' title='bbox 2293 3106 2318 3125; x_wconf 91' lang='lat' dir='ltr'>et</span> <span class='ocrx_word' id='word_1_969' title='bbox 2332 3101 2396 3125; x_wconf 90' lang='lat' dir='ltr'>Ven.</span> <span class='ocrx_word' id='word_1_970' title='bbox 2411 3099 2484 3131; x_wconf 85' lang='lat'>1504.</span> 
     </span>
     <span class='ocr_line' id='line_1_132' title="bbox 1433 3136 2353 3170; baseline -0.004 -7"><span class='ocrx_word' id='word_1_971' title='bbox 1433 3138 1514 3163; x_wconf 86' lang='lat' dir='ltr'>Codd.</span> <span class='ocrx_word' id='word_1_972' title='bbox 1529 3146 1583 3163; x_wconf 84' lang='lat' dir='ltr'>exc.</span> <span class='ocrx_word' id='word_1_973' title='bbox 1597 3139 1640 3163; x_wconf 86' lang='lat' dir='ltr'>DF</span> <span class='ocrx_word' id='word_1_974' title='bbox 1642 3139 1820 3168; x_wconf 84' lang='lat' dir='ltr'>GHLQZsCO</span> <span class='ocrx_word' id='word_1_975' title='bbox 1840 3143 2008 3170; x_wconf 84' lang='lat' dir='ltr'>corrumpunt</span> <span class='ocrx_word' id='word_1_976' title='bbox 2025 3138 2136 3169; x_wconf 88' lang='lat' dir='ltr'>primum</span> <span class='ocrx_word' id='word_1_977' title='bbox 2155 3136 2225 3168; x_wconf 83' lang='lat' dir='ltr'>quod</span> <span class='ocrx_word' id='word_1_978' title='bbox 2243 3136 2268 3160; x_wconf 89' lang='lat' dir='ltr'>in</span> <span class='ocrx_word' id='word_1_979' title='bbox 2286 3143 2353 3160; x_wconf 83' lang='lat' dir='ltr'>cum.</span> 
     </span>
    </p>

    <p class='ocr_par' dir='ltr' id='par_1_26' title="bbox 1432 3169 2484 3268">
     <span class='ocr_line' id='line_1_133' title="bbox 1485 3169 2484 3206; baseline -0.005 -8"><span class='ocrx_word' id='word_1_980' title='bbox 1485 3172 1509 3206; x_wconf 83' lang='grc' dir='ltr'>δ)</span> <span class='ocrx_word' id='word_1_981' title='bbox 1528 3173 1552 3198; x_wconf 81' lang='lat' dir='ltr'>si</span> <span class='ocrx_word' id='word_1_982' title='bbox 1566 3181 1618 3205; x_wconf 80' lang='lat' dir='ltr'>qua</span> <span class='ocrx_word' id='word_1_983' title='bbox 1637 3181 1697 3198; x_wconf 84' lang='lat' dir='ltr'>vere</span> <span class='ocrx_word' id='word_1_984' title='bbox 1715 3176 1778 3198; x_wconf 85' lang='lat' dir='ltr'>sunt</span> <span class='ocrx_word' id='word_1_985' title='bbox 1796 3173 1888 3204; x_wconf 84' lang='lat' dir='ltr'>quibus</span> <span class='ocrx_word' id='word_1_986' title='bbox 1905 3172 2050 3197; x_wconf 83' lang='lat' dir='ltr'>conveniat.</span> <span class='ocrx_word' id='word_1_987' title='bbox 2060 3184 2078 3190; x_wconf 86' lang='lat'>—-</span> <span class='ocrx_word' id='word_1_988' title='bbox 2091 3171 2114 3195; x_wconf 83' lang='lat' dir='ltr'>si</span> <span class='ocrx_word' id='word_1_989' title='bbox 2126 3178 2177 3202; x_wconf 83' lang='lat' dir='ltr'>qua</span> <span class='ocrx_word' id='word_1_990' title='bbox 2190 3177 2251 3195; x_wconf 84' lang='lat' dir='ltr'>vero</span> <span class='ocrx_word' id='word_1_991' title='bbox 2265 3170 2318 3194; x_wconf 83' lang='lat' dir='ltr'>sint</span> <span class='ocrx_word' id='word_1_992' title='bbox 2331 3169 2422 3202; x_wconf 75' lang='lat' dir='ltr'>quibus</span> <span class='ocrx_word' id='word_1_993' title='bbox 2437 3169 2484 3193; x_wconf 85' lang='lat' dir='ltr'>hoc</span> 
     </span>
     <span class='ocr_line' id='line_1_134' title="bbox 1432 3205 2484 3240; baseline -0.006 -7"><span class='ocrx_word' id='word_1_994' title='bbox 1432 3208 1571 3233; x_wconf 80' lang='lat' dir='ltr'>conveniat</span> <span class='ocrx_word' id='word_1_995' title='bbox 1589 3208 1624 3239; x_wconf 91' lang='lat' dir='ltr'>D;</span> <span class='ocrx_word' id='word_1_996' title='bbox 1643 3216 1690 3240; x_wconf 89' lang='lat' dir='ltr'>pro</span> <span class='ocrx_word' id='word_1_997' title='bbox 1709 3215 1782 3237; x_wconf 79' lang='lat' dir='ltr'>vere,</span> <span class='ocrx_word' id='word_1_998' title='bbox 1802 3208 1872 3239; x_wconf 89' lang='lat' dir='ltr'>quod</span> <span class='ocrx_word' id='word_1_999' title='bbox 1890 3215 1943 3231; x_wconf 90' lang='lat' dir='ltr'>orn.</span> <span class='ocrx_word' id='word_1_1000' title='bbox 1962 3207 2043 3235; x_wconf 83' lang='lat' dir='ltr'>BLR,</span> <span class='ocrx_word' id='word_1_1001' title='bbox 2063 3213 2113 3230; x_wconf 84' lang='lat' dir='ltr'>non</span> <span class='ocrx_word' id='word_1_1002' title='bbox 2134 3205 2192 3234; x_wconf 88' lang='lat' dir='ltr'>NQ,</span> <span class='ocrx_word' id='word_1_1003' title='bbox 2212 3212 2262 3229; x_wconf 79' lang='lat' dir='ltr'>ras.</span> <span class='ocrx_word' id='word_1_1004' title='bbox 2281 3205 2336 3236; x_wconf 84' lang='lat' dir='ltr'>pH,</span> <span class='ocrx_word' id='word_1_1005' title='bbox 2355 3211 2417 3228; x_wconf 85' lang='lat' dir='ltr'>vero</span> <span class='ocrx_word' id='word_1_1006' title='bbox 2437 3208 2484 3228; x_wconf 87' lang='lat' dir='ltr'>cet.</span> 
     </span>
     <span class='ocr_line' id='line_1_135' title="bbox 1433 3243 1553 3268; baseline 0.008 -1"><span class='ocrx_word' id='word_1_1007' title='bbox 1433 3250 1487 3268; x_wconf 89' lang='lat' dir='ltr'>exc.</span> <span class='ocrx_word' id='word_1_1008' title='bbox 1506 3243 1553 3268; x_wconf 89' lang='lat' dir='ltr'>sO.</span> 
     </span>
    </p>

    <p class='ocr_par' dir='ltr' id='par_1_27' title="bbox 1432 3275 2486 3484">
     <span class='ocr_line' id='line_1_136' title="bbox 1485 3275 2485 3310; baseline -0.006 -7"><span class='ocrx_word' id='word_1_1009' title='bbox 1485 3278 1507 3310; x_wconf 87' lang='grc' dir='ltr'>ε)</span> <span class='ocrx_word' id='word_1_1010' title='bbox 1527 3285 1593 3310; x_wconf 83' lang='lat' dir='ltr'>quae</span> <span class='ocrx_word' id='word_1_1011' title='bbox 1612 3281 1749 3303; x_wconf 83' lang='lat' dir='ltr'>moventur</span> <span class='ocrx_word' id='word_1_1012' title='bbox 1768 3279 1840 3301; x_wconf 81' lang='lat' dir='ltr'>motu</span> <span class='ocrx_word' id='word_1_1013' title='bbox 1854 3275 2039 3307; x_wconf 74' lang='lat' dir='ltr'>profectionis,</span> <span class='ocrx_word' id='word_1_1014' title='bbox 2059 3282 2109 3299; x_wconf 87' lang='lat' dir='ltr'>non</span> <span class='ocrx_word' id='word_1_1015' title='bbox 2129 3277 2168 3299; x_wconf 81' lang='lat' dir='ltr'>est</span> <span class='ocrx_word' id='word_1_1016' title='bbox 2192 3281 2270 3298; x_wconf 85' lang='lat' dir='ltr'>unum</span> <span class='ocrx_word' id='word_1_1017' title='bbox 2297 3280 2402 3298; x_wconf 82' lang='lat' dir='ltr'>movens</span> <span class='ocrx_word' id='word_1_1018' title='bbox 2427 3276 2485 3297; x_wconf 83' lang='lat' dir='ltr'>tan-</span> 
     </span>
     <span class='ocr_line' id='line_1_137' title="bbox 1433 3308 2486 3342; baseline -0.007 -4"><span class='ocrx_word' id='word_1_1019' title='bbox 1433 3316 1526 3337; x_wconf 82' lang='lat' dir='ltr'>tum.-</span> <span class='ocrx_word' id='word_1_1020' title='bbox 1539 3313 1574 3337; x_wconf 88' lang='lat' dir='ltr'>Ita</span> <span class='ocrx_word' id='word_1_1021' title='bbox 1593 3314 1706 3342; x_wconf 78' lang='lat' dir='ltr'>codices3</span> <span class='ocrx_word' id='word_1_1022' title='bbox 1726 3311 1848 3336; x_wconf 86' lang='lat' dir='ltr'>editiones</span> <span class='ocrx_word' id='word_1_1023' title='bbox 1866 3318 1928 3335; x_wconf 90' lang='lat' dir='ltr'>vero</span> <span class='ocrx_word' id='word_1_1024' title='bbox 1947 3310 2012 3334; x_wconf 87' lang='lat' dir='ltr'>inter</span> <span class='ocrx_word' id='word_1_1025' title='bbox 2030 3309 2201 3341; x_wconf 70' lang='lat' dir='ltr'>profectionis</span> <span class='ocrx_word' id='word_1_1026' title='bbox 2219 3313 2243 3333; x_wconf 89' lang='lat' dir='ltr'>et</span> <span class='ocrx_word' id='word_1_1027' title='bbox 2262 3315 2312 3333; x_wconf 84' lang='lat' dir='ltr'>non</span> <span class='ocrx_word' id='word_1_1028' title='bbox 2333 3308 2486 3340; x_wconf 83' lang='lat' dir='ltr'>interpolant</span> 
     </span>
     <span class='ocr_line' id='line_1_138' title="bbox 1432 3343 2486 3379; baseline -0.006 -7"><span class='ocrx_word' id='word_1_1029' title='bbox 1432 3347 1509 3372; x_wconf 83' lang='lat' dir='ltr'>verba</span> <span class='ocrx_word' id='word_1_1030' title='bbox 1529 3355 1596 3379; x_wconf 79' lang='lat' dir='ltr'>quae</span> <span class='ocrx_word' id='word_1_1031' title='bbox 1614 3347 1677 3372; x_wconf 86' lang='lat' dir='ltr'>infra</span> <span class='ocrx_word' id='word_1_1032' title='bbox 1697 3351 1839 3378; x_wconf 82' lang='lat' dir='ltr'>sequuntur</span> <span class='ocrx_word' id='word_1_1033' title='bbox 1857 3350 1916 3377; x_wconf 89' lang='lat' dir='ltr'>post</span> <span class='ocrx_word' id='word_1_1034' title='bbox 1930 3344 2084 3376; x_wconf 74' lang='lat' dir='ltr'>praedictus</span> <span class='ocrx_word' id='word_1_1035' title='bbox 2098 3343 2285 3376; x_wconf 67' lang='lat' dir='ltr'>protectionis,</span> <span class='ocrx_word' id='word_1_1036' title='bbox 2305 3350 2411 3375; x_wconf 86' lang='lat' dir='ltr'>nempe:</span> <span class='ocrx_word' id='word_1_1037' title='bbox 2431 3349 2486 3366; x_wconf 87' lang='lat' dir='ltr'>mo-</span> 
     </span>
     <span class='ocr_line' id='line_1_139' title="bbox 1433 3377 2484 3414; baseline -0.006 -7"><span class='ocrx_word' id='word_1_1038' title='bbox 1433 3385 1475 3406; x_wconf 76' lang='lat' dir='ltr'>tus</span> <span class='ocrx_word' id='word_1_1039' title='bbox 1493 3382 1530 3414; x_wconf 83' lang='lat' dir='ltr'>fit</span> <span class='ocrx_word' id='word_1_1040' title='bbox 1543 3389 1595 3414; x_wconf 83' lang='lat' dir='ltr'>per</span> <span class='ocrx_word' id='word_1_1041' title='bbox 1613 3382 1726 3406; x_wconf 84' lang='lat' dir='ltr'>medium</span> <span class='ocrx_word' id='word_1_1042' title='bbox 1745 3381 1828 3413; x_wconf 83' lang='lat' dir='ltr'>facile</span> <span class='ocrx_word' id='word_1_1043' title='bbox 1847 3379 1986 3408; x_wconf 79' lang='lat' dir='ltr'>divisibile,</span> <span class='ocrx_word' id='word_1_1044' title='bbox 2006 3379 2104 3403; x_wconf 82' lang='lat' dir='ltr'>scilicet</span> <span class='ocrx_word' id='word_1_1045' title='bbox 2124 3385 2175 3410; x_wconf 81' lang='lat' dir='ltr'>per</span> <span class='ocrx_word' id='word_1_1046' title='bbox 2193 3385 2280 3402; x_wconf 85' lang='lat' dir='ltr'>aerem</span> <span class='ocrx_word' id='word_1_1047' title='bbox 2299 3381 2325 3402; x_wconf 82' lang='lat' dir='ltr'>et</span> <span class='ocrx_word' id='word_1_1048' title='bbox 2342 3384 2438 3410; x_wconf 83' lang='lat' dir='ltr'>aquam</span> <span class='ocrx_word' id='word_1_1049' title='bbox 2458 3377 2484 3401; x_wconf 84' lang='lat' dir='ltr'>in</span> 
     </span>
     <span class='ocr_line' id='line_1_140' title="bbox 1432 3412 2486 3448; baseline -0.006 -7"><span class='ocrx_word' id='word_1_1050' title='bbox 1432 3417 1524 3448; x_wconf 80' lang='lat' dir='ltr'>quibus</span> <span class='ocrx_word' id='word_1_1051' title='bbox 1538 3420 1651 3448; x_wconf 83' lang='lat' dir='ltr'>propter</span> <span class='ocrx_word' id='word_1_1052' title='bbox 1665 3416 1832 3444; x_wconf 73' lang='lat' dir='ltr'>divisionem5</span> <span class='ocrx_word' id='word_1_1053' title='bbox 1850 3420 1935 3438; x_wconf 86' lang='lat' dir='ltr'>tamen</span> <span class='ocrx_word' id='word_1_1054' title='bbox 1950 3414 2013 3438; x_wconf 81' lang='lat' dir='ltr'>infra</span> <span class='ocrx_word' id='word_1_1055' title='bbox 2027 3414 2150 3438; x_wconf 87' lang='lat' dir='ltr'>editiones</span> <span class='ocrx_word' id='word_1_1056' title='bbox 2163 3413 2225 3437; x_wconf 81' lang='lat' dir='ltr'>haec</span> <span class='ocrx_word' id='word_1_1057' title='bbox 2239 3413 2327 3437; x_wconf 83' lang='lat' dir='ltr'>eadem</span> <span class='ocrx_word' id='word_1_1058' title='bbox 2341 3412 2419 3436; x_wconf 82' lang='lat' dir='ltr'>verba</span> <span class='ocrx_word' id='word_1_1059' title='bbox 2433 3419 2486 3436; x_wconf 87' lang='lat' dir='ltr'>non</span> 
     </span>
     <span class='ocr_line' id='line_1_141' title="bbox 1433 3449 2135 3484; baseline -0.006 -8"><span class='ocrx_word' id='word_1_1060' title='bbox 1433 3457 1586 3484; x_wconf 82' lang='lat' dir='ltr'>expungunt,</span> <span class='ocrx_word' id='word_1_1061' title='bbox 1605 3452 1651 3475; x_wconf 88' lang='lat' dir='ltr'>sed</span> <span class='ocrx_word' id='word_1_1062' title='bbox 1669 3456 1767 3475; x_wconf 78' lang='lat' dir='ltr'>tantum</span> <span class='ocrx_word' id='word_1_1063' title='bbox 1786 3454 1884 3474; x_wconf 87' lang='lat' dir='ltr'>mutant</span> <span class='ocrx_word' id='word_1_1064' title='bbox 1902 3449 1999 3474; x_wconf 81' lang='lat' dir='ltr'>scilicet</span> <span class='ocrx_word' id='word_1_1065' title='bbox 2017 3449 2042 3473; x_wconf 90' lang='lat' dir='ltr'>in</span> <span class='ocrx_word' id='word_1_1066' title='bbox 2060 3449 2135 3473; x_wconf 83' lang='lat' dir='ltr'>idest.</span> 
     </span>
    </p>

    <p class='ocr_par' dir='ltr' id='par_1_28' title="bbox 1433 3481 2487 3588">
     <span class='ocr_line' id='line_1_142' title="bbox 1481 3481 2486 3520; baseline -0.005 -9"><span class='ocrx_word' id='word_1_1067' title='bbox 1481 3485 1510 3520; x_wconf 76' lang='grc' dir='ltr'>ζ)</span> <span class='ocrx_word' id='word_1_1068' title='bbox 1529 3486 1553 3511; x_wconf 84' lang='lat' dir='ltr'>si</span> <span class='ocrx_word' id='word_1_1069' title='bbox 1570 3489 1689 3517; x_wconf 78' lang='lat' dir='ltr'>ponatur·</span> <span class='ocrx_word' id='word_1_1070' title='bbox 1707 3491 1787 3510; x_wconf 83' lang='lat' dir='ltr'>causa</span> <span class='ocrx_word' id='word_1_1071' title='bbox 1806 3489 1881 3509; x_wconf 88' lang='lat' dir='ltr'>etc.—</span> <span class='ocrx_word' id='word_1_1072' title='bbox 1894 3484 1917 3508; x_wconf 78' lang='lat' dir='ltr'>si</span> <span class='ocrx_word' id='word_1_1073' title='bbox 1930 3486 2049 3515; x_wconf 82' lang='lat' dir='ltr'>ponatur</span> <span class='ocrx_word' id='word_1_1074' title='bbox 2072 3483 2141 3515; x_wconf 81' lang='lat' dir='ltr'>quod</span> <span class='ocrx_word' id='word_1_1075' title='bbox 2159 3489 2239 3507; x_wconf 80' lang='lat' dir='ltr'>eausa</span> <span class='ocrx_word' id='word_1_1076' title='bbox 2259 3481 2431 3513; x_wconf 66' lang='lat' dir='ltr'>profectionis</span> <span class='ocrx_word' id='word_1_1077' title='bbox 2449 3482 2486 3506; x_wconf 79' lang='lat' dir='ltr'>sit</span> 
     </span>
     <span class='ocr_line' id='line_1_143' title="bbox 1433 3516 2486 3552; baseline -0.006 -6"><span class='ocrx_word' id='word_1_1078' title='bbox 1433 3521 1626 3552; x_wconf 78' lang='lat' dir='ltr'>antiperistasis</span> <span class='ocrx_word' id='word_1_1079' title='bbox 1645 3526 1691 3544; x_wconf 88' lang='lat' dir='ltr'>etc.</span> <span class='ocrx_word' id='word_1_1080' title='bbox 1711 3519 1786 3549; x_wconf 81' lang='lat' dir='ltr'>Lso,</span> <span class='ocrx_word' id='word_1_1081' title='bbox 1805 3519 1828 3543; x_wconf 83' lang='lat' dir='ltr'>si</span> <span class='ocrx_word' id='word_1_1082' title='bbox 1847 3522 1968 3550; x_wconf 81' lang='lat' dir='ltr'>ponatur</span> <span class='ocrx_word' id='word_1_1083' title='bbox 1985 3518 2056 3550; x_wconf 84' lang='lat' dir='ltr'>quod</span> <span class='ocrx_word' id='word_1_1084' title='bbox 2073 3525 2153 3542; x_wconf 83' lang='lat' dir='ltr'>causa</span> <span class='ocrx_word' id='word_1_1085' title='bbox 2169 3517 2339 3548; x_wconf 73' lang='lat' dir='ltr'>protectionis</span> <span class='ocrx_word' id='word_1_1086' title='bbox 2357 3516 2486 3548; x_wconf 77' lang='lat' dir='ltr'>antiperi-</span> 
     </span>
     <span class='ocr_line' id='line_1_144' title="bbox 1433 3550 2487 3588; baseline -0.005 -8"><span class='ocrx_word' id='word_1_1087' title='bbox 1433 3555 1511 3580; x_wconf 80' lang='lat' dir='ltr'>stasis</span> <span class='ocrx_word' id='word_1_1088' title='bbox 1525 3556 1559 3580; x_wconf 80' lang='lat' dir='ltr'>sit</span> <span class='ocrx_word' id='word_1_1089' title='bbox 1574 3554 1643 3588; x_wconf 80' lang='lat' dir='ltr'>(om.</span> <span class='ocrx_word' id='word_1_1090' title='bbox 1657 3553 1743 3588; x_wconf 86' lang='lat' dir='ltr'>aeris)</span> <span class='ocrx_word' id='word_1_1091' title='bbox 1763 3554 1793 3583; x_wconf 71' lang='lat' dir='ltr'>D,</span> <span class='ocrx_word' id='word_1_1092' title='bbox 1803 3554 1827 3579; x_wconf 85' lang='lat' dir='ltr'>si</span> <span class='ocrx_word' id='word_1_1093' title='bbox 1835 3557 1953 3586; x_wconf 82' lang='lat' dir='ltr'>ponatur</span> <span class='ocrx_word' id='word_1_1094' title='bbox 1964 3560 2017 3585; x_wconf 78' lang='lat' dir='ltr'>pro</span> <span class='ocrx_word' id='word_1_1095' title='bbox 2030 3559 2110 3578; x_wconf 82' lang='lat' dir='ltr'>causa</span> <span class='ocrx_word' id='word_1_1096' title='bbox 2124 3552 2235 3583; x_wconf 83' lang='lat' dir='ltr'>FNZsH,</span> <span class='ocrx_word' id='word_1_1097' title='bbox 2248 3552 2272 3576; x_wconf 85' lang='lat' dir='ltr'>si</span> <span class='ocrx_word' id='word_1_1098' title='bbox 2285 3554 2404 3583; x_wconf 81' lang='lat' dir='ltr'>ponatur</span> <span class='ocrx_word' id='word_1_1099' title='bbox 2416 3550 2487 3583; x_wconf 82' lang='lat' dir='ltr'>quod</span> 
     </span>
    </p>
   </div>
   <div class='ocr_carea' id='block_1_21' title="bbox 2501 926 2619 948">
    <p class='ocr_par' dir='ltr' id='par_1_29' title="bbox 2501 926 2619 948">
     <span class='ocr_line' id='line_1_145' title="bbox 2501 926 2619 948; baseline 0.008 -1"><span class='ocrx_word' id='word_1_1100' title='bbox 2501 928 2510 936; x_wconf 85' lang='lat'><strong>·</strong></span> <span class='ocrx_word' id='word_1_1101' title='bbox 2525 926 2584 948; x_wconf 77' lang='lat' dir='ltr'>illud</span> <span class='ocrx_word' id='word_1_1102' title='bbox 2597 932 2619 948; x_wconf 71' lang='lat' dir='ltr'>r.</span> 
     </span>
    </p>
   </div>
   <div class='ocr_carea' id='block_1_22' title="bbox 2501 1025 2711 1053">
    <p class='ocr_par' dir='ltr' id='par_1_30' title="bbox 2501 1025 2711 1053">
     <span class='ocr_line' id='line_1_146' title="bbox 2501 1025 2711 1053; baseline -0.01 -6"><span class='ocrx_word' id='word_1_1103' title='bbox 2501 1027 2511 1036; x_wconf 82' lang='grc'>·</span> <span class='ocrx_word' id='word_1_1104' title='bbox 2528 1027 2613 1053; x_wconf 80' lang='lat' dir='ltr'>pauset</span> <span class='ocrx_word' id='word_1_1105' title='bbox 2631 1025 2711 1047; x_wconf 67' lang='lat' dir='ltr'>pai-cb.</span> 
     </span>
    </p>
   </div>
   <div class='ocr_carea' id='block_1_23' title="bbox 2600 1438 2615 1462">
    <p class='ocr_par' dir='ltr' id='par_1_31' title="bbox 2600 1438 2615 1462">
     <span class='ocr_line' id='line_1_147' title="bbox 2600 1438 2615 1462; baseline 0 0"><span class='ocrx_word' id='word_1_1106' title='bbox 2600 1438 2615 1462; x_wconf 86' lang='grc' dir='ltr'>δ</span> 
     </span>
    </p>
   </div>
   <div class='ocr_carea' id='block_1_24' title="bbox 2506 1545 2688 1572">
    <p class='ocr_par' dir='ltr' id='par_1_32' title="bbox 2506 1545 2688 1572">
     <span class='ocr_line' id='line_1_148' title="bbox 2506 1545 2688 1572; baseline 0 -6"><span class='ocrx_word' id='word_1_1107' title='bbox 2506 1546 2515 1555; x_wconf 79' lang='lat'><strong>·</strong></span> <span class='ocrx_word' id='word_1_1108' title='bbox 2529 1545 2599 1567; x_wconf 87' lang='lat' dir='ltr'>Num.</span> <span class='ocrx_word' id='word_1_1109' title='bbox 2611 1550 2688 1572; x_wconf 78' lang='lat' dir='ltr'>praec.</span> 
     </span>
    </p>
   </div>
   <div class='ocr_carea' id='block_1_25' title="bbox 2508 1812 2590 1834">
    <p class='ocr_par' dir='ltr' id='par_1_33' title="bbox 2508 1812 2590 1834">
     <span class='ocr_line' id='line_1_149' title="bbox 2508 1812 2590 1834; baseline -0.012 0"><span class='ocrx_word' id='word_1_1110' title='bbox 2508 1814 2516 1823; x_wconf 78' lang='lat'><em>⁶</em></span> <span class='ocrx_word' id='word_1_1111' title='bbox 2532 1812 2590 1834; x_wconf 84' lang='lat' dir='ltr'>Ibid.</span> 
     </span>
    </p>
   </div>
   <div class='ocr_carea' id='block_1_26' title="bbox 2508 1910 2720 1959">
    <p class='ocr_par' dir='ltr' id='par_1_34' title="bbox 2508 1910 2720 1959">
     <span class='ocr_line' id='line_1_150' title="bbox 2554 1910 2720 1931; baseline 0 0"><span class='ocrx_word' id='word_1_1112' title='bbox 2554 1911 2595 1931; x_wconf 81' lang='lat' dir='ltr'>uid</span> <span class='ocrx_word' id='word_1_1113' title='bbox 2613 1910 2664 1931; x_wconf 87' lang='lat' dir='ltr'>edd.</span> <span class='ocrx_word' id='word_1_1114' title='bbox 2680 1916 2695 1931; x_wconf 87' lang='lat' dir='ltr'>a</span> <span class='ocrx_word' id='word_1_1115' title='bbox 2708 1910 2720 1931; x_wconf 82' lang='lat' dir='ltr'><em>b</em></span> 
     </span>
     <span class='ocr_line' id='line_1_151' title="bbox 2508 1937 2707 1959; baseline -0.005 -1"><span class='ocrx_word' id='word_1_1116' title='bbox 2508 1941 2530 1959; x_wconf 86' lang='lat' dir='ltr'>et</span> <span class='ocrx_word' id='word_1_1117' title='bbox 2544 1937 2612 1958; x_wconf 88' lang='lat' dir='ltr'>codd.</span> <span class='ocrx_word' id='word_1_1118' title='bbox 2624 1943 2672 1958; x_wconf 83' lang='lat' dir='ltr'>exc.</span> <span class='ocrx_word' id='word_1_1119' title='bbox 2682 1943 2707 1957; x_wconf 73' lang='grc' dir='ltr'>κ.</span> 
     </span>
    </p>
   </div>
   <div class='ocr_carea' id='block_1_27' title="bbox 2508 2015 2695 2068">
    <p class='ocr_par' dir='ltr' id='par_1_35' title="bbox 2508 2015 2695 2068">
     <span class='ocr_line' id='line_1_152' title="bbox 2508 2015 2629 2037; baseline -0.008 -1"><span class='ocrx_word' id='word_1_1120' title='bbox 2508 2016 2517 2025; x_wconf 77' lang='grc'>’</span> <span class='ocrx_word' id='word_1_1121' title='bbox 2533 2015 2595 2037; x_wconf 82' lang='lat' dir='ltr'>Lect.</span> <span class='ocrx_word' id='word_1_1122' title='bbox 2605 2022 2629 2036; x_wconf 87' lang='lat' dir='ltr'>v.</span> 
     </span>
     <span class='ocr_line' id='line_1_153' title="bbox 2508 2042 2695 2068; baseline -0.005 -5"><span class='ocrx_word' id='word_1_1123' title='bbox 2508 2042 2531 2053; x_wconf 59' lang='lat'>‘³</span> <span class='ocrx_word' id='word_1_1124' title='bbox 2545 2042 2607 2063; x_wconf 78' lang='lat' dir='ltr'>Lect.</span> <span class='ocrx_word' id='word_1_1125' title='bbox 2618 2048 2634 2068; x_wconf 83' lang='grc' dir='ltr'>ι,</span> <span class='ocrx_word' id='word_1_1126' title='bbox 2645 2047 2668 2063; x_wconf 80' lang='grc' dir='ltr'>ῃ.</span> <span class='ocrx_word' id='word_1_1127' title='bbox 2676 2047 2695 2062; x_wconf 91' lang='lat'>2.</span> 
     </span>
    </p>
   </div>
   <div class='ocr_carea' id='block_1_28' title="bbox 2508 2179 2720 2228">
    <p class='ocr_par' dir='ltr' id='par_1_36' title="bbox 2508 2179 2720 2228">
     <span class='ocr_line' id='line_1_154' title="bbox 2509 2179 2720 2228; baseline -0.005 -27"><span class='ocrx_word' id='word_1_1128' title='bbox 2509 2182 2519 2190; x_wconf 78' lang='lat'><em>‘</em></span> <span class='ocrx_word' id='word_1_1129' title='bbox 2533 2180 2580 2228; x_wconf 60' lang='lat' dir='ltr'>{psi</span> <span class='ocrx_word' id='word_1_1130' title='bbox 2593 2186 2612 2207; x_wconf 78' lang='grc' dir='ltr'>ι,</span> <span class='ocrx_word' id='word_1_1131' title='bbox 2633 2182 2656 2201; x_wconf 87' lang='lat' dir='ltr'>et</span> <span class='ocrx_word' id='word_1_1132' title='bbox 2672 2179 2720 2207; x_wconf 73' lang='lat' dir='ltr'>ipsi</span> 
     </span>
     <span class='ocr_line' id='line_1_155' title="bbox 2508 2212 2553 2227; baseline -0.022 0"><span class='ocrx_word' id='word_1_1133' title='bbox 2508 2212 2534 2227; x_wconf 85' lang='lat' dir='ltr'>ce</span> <span class='ocrx_word' id='word_1_1134' title='bbox 2547 2221 2553 2226; x_wconf 93' lang='lat'><em>.</em></span> 
     </span>
    </p>
   </div>
   <div class='ocr_carea' id='block_1_29' title="bbox 2609 2323 2620 2339">
    <p class='ocr_par' dir='ltr' id='par_1_37' title="bbox 2609 2323 2620 2339">
     <span class='ocr_line' id='line_1_156' title="bbox 2609 2323 2620 2339; baseline 0 0"><span class='ocrx_word' id='word_1_1135' title='bbox 2609 2323 2620 2339; x_wconf 79' lang='grc' dir='ltr'><strong><em>Ε</em></strong></span> 
     </span>
    </p>
   </div>
   <div class='ocr_carea' id='block_1_30' title="bbox 2508 2348 2719 2400">
    <p class='ocr_par' dir='ltr' id='par_1_38' title="bbox 2508 2348 2719 2400">
     <span class='ocr_line' id='line_1_157' title="bbox 2509 2348 2719 2370; baseline 0 -1"><span class='ocrx_word' id='word_1_1136' title='bbox 2509 2350 2518 2358; x_wconf 74' lang='lat'><em>‘</em></span> <span class='ocrx_word' id='word_1_1137' title='bbox 2527 2348 2587 2369; x_wconf 74' lang='lat' dir='ltr'>idest</span> <span class='ocrx_word' id='word_1_1138' title='bbox 2594 2348 2662 2369; x_wconf 88' lang='lat' dir='ltr'>codd.</span> <span class='ocrx_word' id='word_1_1139' title='bbox 2670 2354 2719 2370; x_wconf 86' lang='lat' dir='ltr'>exc.</span> 
     </span>
     <span class='ocr_line' id='line_1_158' title="bbox 2508 2380 2658 2400; baseline -0.007 -4"><span class='ocrx_word' id='word_1_1140' title='bbox 2508 2380 2658 2400; x_wconf 67' lang='lat' dir='ltr'>nnnuoqsvx.</span> 
     </span>
    </p>
   </div>
   <div class='ocr_carea' id='block_1_31' title="bbox 2510 2699 2652 2720">
    <p class='ocr_par' dir='ltr' id='par_1_39' title="bbox 2510 2699 2652 2720">
     <span class='ocr_line' id='line_1_159' title="bbox 2510 2699 2652 2720; baseline -0.007 0"><span class='ocrx_word' id='word_1_1141' title='bbox 2510 2701 2519 2710; x_wconf 72' lang='lat'>&#39;</span> <span class='ocrx_word' id='word_1_1142' title='bbox 2535 2701 2558 2720; x_wconf 78' lang='lat' dir='ltr'>el</span> <span class='ocrx_word' id='word_1_1143' title='bbox 2570 2699 2652 2720; x_wconf 55' lang='lat' dir='ltr'>navah.</span> 
     </span>
    </p>
   </div>
   <div class='ocr_carea' id='block_1_32' title="bbox 2511 2854 2709 2881">
    <p class='ocr_par' dir='ltr' id='par_1_40' title="bbox 2511 2854 2709 2881">
     <span class='ocr_line' id='line_1_160' title="bbox 2511 2854 2709 2881; baseline -0.01 -5"><span class='ocrx_word' id='word_1_1144' title='bbox 2511 2857 2520 2865; x_wconf 89' lang='grc'>·</span> <span class='ocrx_word' id='word_1_1145' title='bbox 2535 2855 2600 2877; x_wconf 84' lang='lat' dir='ltr'>Lect.</span> <span class='ocrx_word' id='word_1_1146' title='bbox 2612 2861 2643 2881; x_wconf 79' lang='lat' dir='ltr'>xi,</span> <span class='ocrx_word' id='word_1_1147' title='bbox 2654 2860 2677 2876; x_wconf 89' lang='lat' dir='ltr'>n.</span> <span class='ocrx_word' id='word_1_1148' title='bbox 2686 2854 2709 2875; x_wconf 85' lang='lat'>6.</span> 
     </span>
    </p>
   </div>
   <div class='ocr_carea' id='block_1_33' title="bbox 2610 2952 2624 2981">
    <p class='ocr_par' dir='ltr' id='par_1_41' title="bbox 2610 2952 2624 2981">
     <span class='ocr_line' id='line_1_161' title="bbox 2610 2952 2624 2981; baseline 0 0"><span class='ocrx_word' id='word_1_1149' title='bbox 2610 2952 2624 2981; x_wconf 82' lang='grc' dir='ltr'><strong>ζ</strong></span> 
     </span>
    </p>
   </div>
  </div>
 </body>
</html>
