<?xml version="1.0" encoding="UTF-8"?>
<!DOCTYPE html PUBLIC "-//W3C//DTD XHTML 1.0 Transitional//EN"
    "http://www.w3.org/TR/xhtml1/DTD/xhtml1-transitional.dtd">
<html xmlns="http://www.w3.org/1999/xhtml" xml:lang="en" lang="en">
 <head>
  <title>
</title>
<meta http-equiv="Content-Type" content="text/html;charset=utf-8" />
  <meta name='ocr-system' content='tesseract 3.04.00' />
  <meta name='ocr-capabilities' content='ocr_page ocr_carea ocr_par ocr_line ocrx_word'/>
</head>
<body>
  <div class='ocr_page' id='page_1' title='image "./operaomniaiussui02thom_0224.png"; bbox 0 0 2950 4004; ppageno 0'>
   <div class='ocr_carea' id='block_1_1' title="bbox 253 515 412 536">
    <p class='ocr_par' dir='ltr' id='par_1_1' title="bbox 253 515 412 536">
     <span class='ocr_line' id='line_1_1' title="bbox 253 515 412 536; baseline -0.006 0"><span class='ocrx_word' id='word_1_1' title='bbox 253 516 263 525; x_wconf 78' lang='lat'>&#39;</span> <span class='ocrx_word' id='word_1_2' title='bbox 277 515 342 536; x_wconf 74' lang='lat' dir='ltr'><strong>Lect.</strong></span> <span class='ocrx_word' id='word_1_3' title='bbox 356 520 412 535; x_wconf 89' lang='lat' dir='ltr'><strong>xvn.</strong></span> 
     </span>
    </p>
   </div>
   <div class='ocr_carea' id='block_1_2' title="bbox 251 571 467 626">
    <p class='ocr_par' dir='ltr' id='par_1_2' title="bbox 251 571 467 626">
     <span class='ocr_line' id='line_1_2' title="bbox 251 571 466 599; baseline -0.005 -6"><span class='ocrx_word' id='word_1_4' title='bbox 251 573 262 584; x_wconf 72' lang='lat'><strong>⁸*</strong></span> <span class='ocrx_word' id='word_1_5' title='bbox 272 571 384 599; x_wconf 75' lang='lat' dir='ltr'><em>procedit</em></span> <span class='ocrx_word' id='word_1_6' title='bbox 397 571 466 592; x_wconf 88' lang='lat' dir='ltr'>codd.</span> 
     </span>
     <span class='ocr_line' id='line_1_3' title="bbox 253 598 467 626; baseline -0.005 -6"><span class='ocrx_word' id='word_1_7' title='bbox 253 603 274 620; x_wconf 85' lang='lat' dir='ltr'><strong>et</strong></span> <span class='ocrx_word' id='word_1_8' title='bbox 296 605 319 620; x_wconf 85' lang='lat' dir='ltr'><strong>a.</strong></span> <span class='ocrx_word' id='word_1_9' title='bbox 341 598 376 620; x_wconf 80' lang='lat' dir='ltr'><strong>Cf.</strong></span> <span class='ocrx_word' id='word_1_10' title='bbox 396 598 467 626; x_wconf 77' lang='lat' dir='ltr'><strong>paulo</strong></span> 
     </span>
    </p>
   </div>
   <div class='ocr_carea' id='block_1_3' title="bbox 252 631 406 678">
    <p class='ocr_par' dir='ltr' id='par_1_3' title="bbox 252 631 406 678">
     <span class='ocr_line' id='line_1_4' title="bbox 252 631 330 672; baseline 0.013 -27"><span class='ocrx_word' id='word_1_11' title='bbox 252 631 279 646; x_wconf 87' lang='lat' dir='ltr'><strong>su</strong></span> <span class='ocrx_word' id='word_1_12' title='bbox 278 631 330 672; x_wconf 61' lang='lat' dir='ltr'><strong>pra.</strong></span> 
     </span>
     <span class='ocr_line' id='line_1_5' title="bbox 252 652 406 678; baseline -0.013 -5"><span class='ocrx_word' id='word_1_13' title='bbox 252 652 263 662; x_wconf 76' lang='lat'>⁸</span> <span class='ocrx_word' id='word_1_14' title='bbox 298 654 342 672; x_wconf 86' lang='lat' dir='ltr'><strong>ect.</strong></span> <span class='ocrx_word' id='word_1_15' title='bbox 357 657 406 678; x_wconf 88' lang='lat' dir='ltr'><strong>seq.</strong></span> 
     </span>
    </p>
   </div>
   <div class='ocr_carea' id='block_1_4' title="bbox 250 840 465 1021">
    <p class='ocr_par' dir='ltr' id='par_1_4' title="bbox 250 840 465 1021">
     <span class='ocr_line' id='line_1_6' title="bbox 352 840 368 856; baseline 0 0"><span class='ocrx_word' id='word_1_16' title='bbox 352 840 368 856; x_wconf 84' lang='grc' dir='ltr'>α</span> 
     </span>
     <span class='ocr_line' id='line_1_7' title="bbox 251 887 385 914; baseline -0.015 -4"><span class='ocrx_word' id='word_1_17' title='bbox 251 889 261 899; x_wconf 77' lang='grc'><em>“</em></span> <span class='ocrx_word' id='word_1_18' title='bbox 276 887 346 909; x_wconf 87' lang='lat' dir='ltr'><strong>Num.</strong></span> <span class='ocrx_word' id='word_1_19' title='bbox 361 894 385 914; x_wconf 84' lang='lat'><strong>4.</strong></span> 
     </span>
     <span class='ocr_line' id='line_1_8' title="bbox 252 941 465 962; baseline -0.005 0"><span class='ocrx_word' id='word_1_20' title='bbox 252 942 263 951; x_wconf 77' lang='lat'>⁸</span> <span class='ocrx_word' id='word_1_21' title='bbox 278 941 330 962; x_wconf 79' lang='lat' dir='ltr'><strong>istis</strong></span> <span class='ocrx_word' id='word_1_22' title='bbox 344 947 372 962; x_wconf 72' lang='lat' dir='ltr'><strong>m:</strong></span> <span class='ocrx_word' id='word_1_23' title='bbox 385 944 406 962; x_wconf 80' lang='lat' dir='ltr'><strong>et</strong></span> <span class='ocrx_word' id='word_1_24' title='bbox 421 946 436 961; x_wconf 86' lang='lat' dir='ltr'><em>a</em></span> <span class='ocrx_word' id='word_1_25' title='bbox 445 941 465 962; x_wconf 84' lang='lat' dir='ltr'><strong>b.</strong></span> 
     </span>
     <span class='ocr_line' id='line_1_9' title="bbox 250 992 465 1021; baseline 0 -7"><span class='ocrx_word' id='word_1_26' title='bbox 250 994 262 1004; x_wconf 70' lang='lat'><strong>⁴⁸</strong></span> <span class='ocrx_word' id='word_1_27' title='bbox 276 993 385 1021; x_wconf 77' lang='lat' dir='ltr'><strong>accipere</strong></span> <span class='ocrx_word' id='word_1_28' title='bbox 396 992 465 1014; x_wconf 86' lang='lat' dir='ltr'><strong>codd.</strong></span> 
     </span>
    </p>
   </div>
   <div class='ocr_carea' id='block_1_5' title="bbox 251 1026 456 1074">
    <p class='ocr_par' dir='ltr' id='par_1_5' title="bbox 251 1026 456 1074">
     <span class='ocr_line' id='line_1_10' title="bbox 253 1026 388 1047; baseline 0.007 -7"><span class='ocrx_word' id='word_1_29' title='bbox 253 1026 302 1041; x_wconf 82' lang='lat' dir='ltr'><strong>exc.</strong></span> <span class='ocrx_word' id='word_1_30' title='bbox 318 1026 388 1047; x_wconf 67' lang='lat' dir='ltr'><strong>nupt.</strong></span> 
     </span>
     <span class='ocr_line' id='line_1_11' title="bbox 251 1045 456 1074; baseline 0 -7"><span class='ocrx_word' id='word_1_31' title='bbox 251 1047 262 1057; x_wconf 71' lang='grc'><em>’</em></span> <span class='ocrx_word' id='word_1_32' title='bbox 277 1046 340 1074; x_wconf 84' lang='lat' dir='ltr'><strong>quod</strong></span> <span class='ocrx_word' id='word_1_33' title='bbox 353 1046 406 1067; x_wconf 87' lang='lat' dir='ltr'><strong>add.</strong></span> <span class='ocrx_word' id='word_1_34' title='bbox 421 1045 456 1067; x_wconf 73' lang='lat' dir='ltr'><strong>Pb.</strong></span> 
     </span>
    </p>
   </div>
   <div class='ocr_carea' id='block_1_6' title="bbox 252 1203 465 1252">
    <p class='ocr_par' dir='ltr' id='par_1_6' title="bbox 252 1203 465 1252">
     <span class='ocr_line' id='line_1_12' title="bbox 252 1203 465 1226; baseline -0.005 -1"><span class='ocrx_word' id='word_1_35' title='bbox 252 1205 261 1216; x_wconf 78' lang='lat'>⁸</span> <span class='ocrx_word' id='word_1_36' title='bbox 276 1206 319 1226; x_wconf 79' lang='lat' dir='ltr'><strong>aut</strong></span> <span class='ocrx_word' id='word_1_37' title='bbox 331 1203 399 1225; x_wconf 85' lang='lat' dir='ltr'>codd.</span> <span class='ocrx_word' id='word_1_38' title='bbox 415 1209 465 1225; x_wconf 84' lang='lat' dir='ltr'><strong>exc.</strong></span> 
     </span>
     <span class='ocr_line' id='line_1_13' title="bbox 252 1237 290 1252; baseline 0 0"><span class='ocrx_word' id='word_1_39' title='bbox 252 1237 290 1252; x_wconf 77' lang='lat' dir='ltr'><strong>m.</strong></span> 
     </span>
    </p>
   </div>
   <div class='ocr_carea' id='block_1_7' title="bbox 250 2157 469 2205">
    <p class='ocr_par' dir='ltr' id='par_1_7' title="bbox 250 2157 469 2205">
     <span class='ocr_line' id='line_1_14' title="bbox 250 2157 469 2185; baseline 0 -7"><span class='ocrx_word' id='word_1_40' title='bbox 250 2158 261 2168; x_wconf 64' lang='lat'>³</span> <span class='ocrx_word' id='word_1_41' title='bbox 276 2157 350 2185; x_wconf 82' lang='lat' dir='ltr'><strong>ipsum</strong></span> <span class='ocrx_word' id='word_1_42' title='bbox 365 2163 413 2178; x_wconf 91' lang='lat' dir='ltr'><strong>om.</strong></span> <span class='ocrx_word' id='word_1_43' title='bbox 429 2162 469 2178; x_wconf 90' lang='lat' dir='ltr'><strong>co-</strong></span> 
     </span>
     <span class='ocr_line' id='line_1_15' title="bbox 253 2184 417 2205; baseline -0.006 0"><span class='ocrx_word' id='word_1_44' title='bbox 253 2184 315 2205; x_wconf 80' lang='lat' dir='ltr'>dices</span> <span class='ocrx_word' id='word_1_45' title='bbox 332 2190 381 2205; x_wconf 83' lang='lat' dir='ltr'><strong>exc.</strong></span> <span class='ocrx_word' id='word_1_46' title='bbox 396 2190 417 2204; x_wconf 76' lang='grc' dir='ltr'><strong>ε.</strong></span> 
     </span>
    </p>
   </div>
   <div class='ocr_carea' id='block_1_8' title="bbox 252 2262 467 2317">
    <p class='ocr_par' dir='ltr' id='par_1_8' title="bbox 252 2262 467 2317">
     <span class='ocr_line' id='line_1_16' title="bbox 252 2262 467 2290; baseline -0.005 -6"><span class='ocrx_word' id='word_1_47' title='bbox 252 2264 263 2274; x_wconf 73' lang='lat'>⁸</span> <span class='ocrx_word' id='word_1_48' title='bbox 278 2263 330 2284; x_wconf 88' lang='lat' dir='ltr'><strong>Lib.</strong></span> <span class='ocrx_word' id='word_1_49' title='bbox 344 2262 384 2290; x_wconf 87' lang='lat' dir='ltr'><strong>VI,</strong></span> <span class='ocrx_word' id='word_1_50' title='bbox 395 2262 467 2284; x_wconf 84' lang='lat' dir='ltr'><strong>lect.1</strong></span> 
     </span>
     <span class='ocr_line' id='line_1_17' title="bbox 253 2294 354 2317; baseline 0 -6"><span class='ocrx_word' id='word_1_51' title='bbox 253 2294 274 2311; x_wconf 84' lang='lat' dir='ltr'><strong>et</strong></span> <span class='ocrx_word' id='word_1_52' title='bbox 290 2295 354 2317; x_wconf 86' lang='lat' dir='ltr'><strong>seqq.</strong></span> 
     </span>
    </p>
   </div>
   <div class='ocr_carea' id='block_1_9' title="bbox 252 2579 412 2607">
    <p class='ocr_par' dir='ltr' id='par_1_9' title="bbox 252 2579 412 2607">
     <span class='ocr_line' id='line_1_18' title="bbox 252 2579 412 2607; baseline 0 -6"><span class='ocrx_word' id='word_1_53' title='bbox 252 2580 263 2590; x_wconf 69' lang='lat'>⁴</span> <span class='ocrx_word' id='word_1_54' title='bbox 278 2579 348 2601; x_wconf 80' lang='lat' dir='ltr'><strong>Num.</strong></span> <span class='ocrx_word' id='word_1_55' title='bbox 363 2586 412 2607; x_wconf 81' lang='lat' dir='ltr'><strong>seq.</strong></span> 
     </span>
    </p>
   </div>
   <div class='ocr_carea' id='block_1_10' title="bbox 252 2632 386 2654">
    <p class='ocr_par' dir='ltr' id='par_1_10' title="bbox 252 2632 386 2654">
     <span class='ocr_line' id='line_1_19' title="bbox 252 2632 386 2654; baseline 0 0"><span class='ocrx_word' id='word_1_56' title='bbox 252 2633 264 2643; x_wconf 71' lang='lat'><strong>¹³</strong></span> <span class='ocrx_word' id='word_1_57' title='bbox 278 2632 348 2654; x_wconf 85' lang='lat' dir='ltr'><strong>Num.</strong></span> <span class='ocrx_word' id='word_1_58' title='bbox 364 2632 386 2654; x_wconf 88' lang='lat'><strong>6.</strong></span> 
     </span>
    </p>
   </div>
   <div class='ocr_carea' id='block_1_11' title="bbox 499 274 568 321">
    <p class='ocr_par' dir='ltr' id='par_1_11' title="bbox 499 274 568 321">
     <span class='ocr_line' id='line_1_20' title="bbox 499 274 568 321; baseline 0 -12"><span class='ocrx_word' id='word_1_59' title='bbox 499 274 568 321; x_wconf 86' lang='lat'><strong>198</strong></span> 
     </span>
    </p>
   </div>
   <div class='ocr_carea' id='block_1_12' title="bbox 494 351 1560 614">
    <p class='ocr_par' dir='ltr' id='par_1_12' title="bbox 494 351 1560 614">
     <span class='ocr_line' id='line_1_21' title="bbox 548 351 1560 400; baseline -0.004 -9"><span class='ocrx_word' id='word_1_60' title='bbox 548 354 698 391; x_wconf 86' lang='lat' dir='ltr'>Deinde</span> <span class='ocrx_word' id='word_1_61' title='bbox 727 365 815 390; x_wconf 90' lang='lat' dir='ltr'><strong>cum</strong></span> <span class='ocrx_word' id='word_1_62' title='bbox 845 352 949 390; x_wconf 89' lang='lat' dir='ltr'><strong>dicit:</strong></span> <span class='ocrx_word' id='word_1_63' title='bbox 984 351 1093 394; x_wconf 85' lang='lat' dir='ltr'><strong>Quod</strong></span> <span class='ocrx_word' id='word_1_64' title='bbox 1120 351 1268 400; x_wconf 82' lang='lat' dir='ltr'><strong>quidem</strong></span> <span class='ocrx_word' id='word_1_65' title='bbox 1297 351 1414 400; x_wconf 82' lang='lat' dir='ltr'><strong>igitur</strong></span> <span class='ocrx_word' id='word_1_66' title='bbox 1441 351 1560 388; x_wconf 86' lang='lat' dir='ltr'><strong>omni—</strong></span> 
     </span>
     <span class='ocr_line' id='line_1_22' title="bbox 495 403 1559 454; baseline -0.005 -10"><span class='ocrx_word' id='word_1_67' title='bbox 495 419 543 444; x_wconf 90' lang='lat' dir='ltr'><strong>no</strong></span> <span class='ocrx_word' id='word_1_68' title='bbox 564 419 638 444; x_wconf 91' lang='lat' dir='ltr'><strong>non</strong></span> <span class='ocrx_word' id='word_1_69' title='bbox 658 407 706 444; x_wconf 87' lang='lat' dir='ltr'><strong>sit</strong></span> <span class='ocrx_word' id='word_1_70' title='bbox 723 414 804 452; x_wconf 88' lang='lat' dir='ltr'><strong>etc.‚</strong></span> <span class='ocrx_word' id='word_1_71' title='bbox 825 405 1067 454; x_wconf 76' lang='lat' dir='ltr'>prosequitur</span> <span class='ocrx_word' id='word_1_72' title='bbox 1089 404 1136 441; x_wconf 91' lang='lat' dir='ltr'><strong>de</strong></span> <span class='ocrx_word' id='word_1_73' title='bbox 1155 411 1349 452; x_wconf 88' lang='lat' dir='ltr'><strong>tempore:</strong></span> <span class='ocrx_word' id='word_1_74' title='bbox 1380 410 1416 440; x_wconf 90' lang='lat' dir='ltr'><strong>et</strong></span> <span class='ocrx_word' id='word_1_75' title='bbox 1434 403 1559 452; x_wconf 90' lang='lat' dir='ltr'><strong>primo</strong></span> 
     </span>
     <span class='ocr_line' id='line_1_23' title="bbox 496 456 1559 508; baseline -0.004 -12"><span class='ocrx_word' id='word_1_76' title='bbox 496 459 749 508; x_wconf 84' lang='lat' dir='ltr'><strong>opponendo3</strong></span> <span class='ocrx_word' id='word_1_77' title='bbox 766 459 934 496; x_wconf 91' lang='lat' dir='ltr'><strong>secundo</strong></span> <span class='ocrx_word' id='word_1_78' title='bbox 956 457 1244 494; x_wconf 90' lang='lat' dir='ltr'><strong>determinando</strong></span> <span class='ocrx_word' id='word_1_79' title='bbox 1263 456 1476 502; x_wconf 89' lang='lat' dir='ltr'><strong>veritatem,</strong></span> <span class='ocrx_word' id='word_1_80' title='bbox 1492 456 1559 493; x_wconf 88' lang='lat' dir='ltr'><strong>ibi:</strong></span> 
     </span>
     <span class='ocr_line' id='line_1_24' title="bbox 494 509 1559 560; baseline -0.003 -11"><span class='ocrx_word' id='word_1_81' title='bbox 494 512 763 560; x_wconf 84' lang='lat' dir='ltr'><strong>Accipiendum</strong></span> <span class='ocrx_word' id='word_1_82' title='bbox 779 517 903 548; x_wconf 87' lang='lat' dir='ltr'><strong>autem</strong></span> <span class='ocrx_word' id='word_1_83' title='bbox 923 512 942 532; x_wconf 73' lang='lat'><strong>&#39;¹‘</strong></span> <span class='ocrx_word' id='word_1_84' title='bbox 963 517 1030 547; x_wconf 92' lang='lat' dir='ltr'><strong>etc.</strong></span> <span class='ocrx_word' id='word_1_85' title='bbox 1049 509 1160 547; x_wconf 89' lang='lat' dir='ltr'><strong>Circa</strong></span> <span class='ocrx_word' id='word_1_86' title='bbox 1174 509 1343 559; x_wconf 89' lang='lat' dir='ltr'><strong>primum</strong></span> <span class='ocrx_word' id='word_1_87' title='bbox 1359 509 1436 546; x_wconf 93' lang='lat' dir='ltr'><strong>duo</strong></span> <span class='ocrx_word' id='word_1_88' title='bbox 1455 509 1559 546; x_wconf 82' lang='lat' dir='ltr'><strong>facit:</strong></span> 
     </span>
     <span class='ocr_line' id='line_1_25' title="bbox 494 561 1559 614; baseline -0.003 -13"><span class='ocrx_word' id='word_1_89' title='bbox 494 565 620 614; x_wconf 90' lang='lat' dir='ltr'><strong>primo</strong></span> <span class='ocrx_word' id='word_1_90' title='bbox 651 564 884 613; x_wconf 90' lang='lat' dir='ltr'><strong>opponendo</strong></span> <span class='ocrx_word' id='word_1_91' title='bbox 914 563 1068 612; x_wconf 84' lang='lat' dir='ltr'><strong>inquirit</strong></span> <span class='ocrx_word' id='word_1_92' title='bbox 1094 563 1114 584; x_wconf 83' lang='lat'><strong>&#39;¹&#39;</strong></span> <span class='ocrx_word' id='word_1_93' title='bbox 1142 575 1191 599; x_wconf 89' lang='lat' dir='ltr'><strong>an</strong></span> <span class='ocrx_word' id='word_1_94' title='bbox 1225 569 1376 611; x_wconf 89' lang='lat' dir='ltr'><strong>tempus</strong></span> <span class='ocrx_word' id='word_1_95' title='bbox 1404 561 1470 607; x_wconf 87' lang='lat' dir='ltr'><strong>sit;</strong></span> <span class='ocrx_word' id='word_1_96' title='bbox 1504 573 1559 599; x_wconf 89' lang='lat' dir='ltr'><strong>se-</strong></span> 
     </span>
    </p>
   </div>
   <div class='ocr_carea' id='block_1_13' title="bbox 487 615 1559 666">
    <p class='ocr_par' dir='ltr' id='par_1_13' title="bbox 487 615 1559 666">
     <span class='ocr_line' id='line_1_26' title="bbox 487 615 1559 666; baseline -0.004 -11"><span class='ocrx_word' id='word_1_97' title='bbox 487 617 622 655; x_wconf 89' lang='lat' dir='ltr'><strong>-cundo</strong></span> <span class='ocrx_word' id='word_1_98' title='bbox 653 617 745 666; x_wconf 88' lang='lat' dir='ltr'><strong>quid</strong></span> <span class='ocrx_word' id='word_1_99' title='bbox 765 617 825 663; x_wconf 87' lang='lat' dir='ltr'><strong>sit,</strong></span> <span class='ocrx_word' id='word_1_100' title='bbox 855 615 928 653; x_wconf 88' lang='lat' dir='ltr'><strong>ibi:</strong></span> <span class='ocrx_word' id='word_1_101' title='bbox 954 616 1052 658; x_wconf 85' lang='lat' dir='ltr'><strong>Quid</strong></span> <span class='ocrx_word' id='word_1_102' title='bbox 1069 621 1194 652; x_wconf 85' lang='lat' dir='ltr'><strong>autem</strong></span> <span class='ocrx_word' id='word_1_103' title='bbox 1213 615 1261 652; x_wconf 86' lang='lat' dir='ltr'><strong>sit</strong></span> <span class='ocrx_word' id='word_1_104' title='bbox 1286 620 1429 663; x_wconf 85' lang='lat' dir='ltr'><strong>tempus</strong></span> <span class='ocrx_word' id='word_1_105' title='bbox 1449 615 1470 636; x_wconf 74' lang='lat'>*</span> <span class='ocrx_word' id='word_1_106' title='bbox 1491 621 1559 652; x_wconf 93' lang='lat' dir='ltr'><strong>etc.</strong></span> 
     </span>
    </p>
   </div>
   <div class='ocr_carea' id='block_1_14' title="bbox 491 667 1563 2875">
    <p class='ocr_par' dir='ltr' id='par_1_14' title="bbox 493 667 1562 919">
     <span class='ocr_line' id='line_1_27' title="bbox 496 667 1562 718; baseline -0.003 -11"><span class='ocrx_word' id='word_1_107' title='bbox 496 670 606 707; x_wconf 90' lang='lat' dir='ltr'><strong>Circa</strong></span> <span class='ocrx_word' id='word_1_108' title='bbox 634 670 803 718; x_wconf 85' lang='lat' dir='ltr'><strong>primum</strong></span> <span class='ocrx_word' id='word_1_109' title='bbox 837 670 914 707; x_wconf 91' lang='lat' dir='ltr'><strong>duo</strong></span> <span class='ocrx_word' id='word_1_110' title='bbox 949 669 1056 706; x_wconf 86' lang='lat' dir='ltr'><strong>facit:</strong></span> <span class='ocrx_word' id='word_1_111' title='bbox 1095 668 1220 718; x_wconf 89' lang='lat' dir='ltr'><strong>primo</strong></span> <span class='ocrx_word' id='word_1_112' title='bbox 1244 668 1354 717; x_wconf 89' lang='lat' dir='ltr'><strong>ponit</strong></span> <span class='ocrx_word' id='word_1_113' title='bbox 1378 667 1472 705; x_wconf 87' lang='lat' dir='ltr'><strong>duas</strong></span> <span class='ocrx_word' id='word_1_114' title='bbox 1505 680 1562 704; x_wconf 90' lang='lat' dir='ltr'><strong>ra-</strong></span> 
     </span>
     <span class='ocr_line' id='line_1_28' title="bbox 493 719 1561 770; baseline -0.002 -11"><span class='ocrx_word' id='word_1_115' title='bbox 493 723 615 760; x_wconf 88' lang='lat' dir='ltr'><strong>tiones</strong></span> <span class='ocrx_word' id='word_1_116' title='bbox 636 723 685 760; x_wconf 92' lang='lat' dir='ltr'><strong>ad</strong></span> <span class='ocrx_word' id='word_1_117' title='bbox 701 722 981 760; x_wconf 90' lang='lat' dir='ltr'><strong>ostendendum</strong></span> <span class='ocrx_word' id='word_1_118' title='bbox 1001 730 1153 770; x_wconf 87' lang='lat' dir='ltr'><strong>tempus</strong></span> <span class='ocrx_word' id='word_1_119' title='bbox 1173 733 1251 758; x_wconf 92' lang='lat' dir='ltr'><strong>non</strong></span> <span class='ocrx_word' id='word_1_120' title='bbox 1271 732 1370 767; x_wconf 89' lang='lat' dir='ltr'><strong>esse;</strong></span> <span class='ocrx_word' id='word_1_121' title='bbox 1391 719 1561 757; x_wconf 90' lang='lat' dir='ltr'><strong>secundo</strong></span> 
     </span>
     <span class='ocr_line' id='line_1_29' title="bbox 494 773 1561 824; baseline -0.002 -12"><span class='ocrx_word' id='word_1_122' title='bbox 494 775 647 824; x_wconf 89' lang='lat' dir='ltr'><strong>inquirit</strong></span> <span class='ocrx_word' id='word_1_123' title='bbox 675 776 723 813; x_wconf 87' lang='lat' dir='ltr'><strong>de</strong></span> <span class='ocrx_word' id='word_1_124' title='bbox 756 787 867 822; x_wconf 89' lang='lat' dir='ltr'><strong>nunc,</strong></span> <span class='ocrx_word' id='word_1_125' title='bbox 897 782 1025 812; x_wconf 84' lang='lat' dir='ltr'><strong>utrum</strong></span> <span class='ocrx_word' id='word_1_126' title='bbox 1054 775 1100 811; x_wconf 90' lang='lat' dir='ltr'><strong>sit</strong></span> <span class='ocrx_word' id='word_1_127' title='bbox 1126 784 1248 811; x_wconf 89' lang='lat' dir='ltr'><strong>unum</strong></span> <span class='ocrx_word' id='word_1_128' title='bbox 1277 786 1379 810; x_wconf 92' lang='lat' dir='ltr'><strong>nunc</strong></span> <span class='ocrx_word' id='word_1_129' title='bbox 1406 773 1444 810; x_wconf 91' lang='lat' dir='ltr'><strong>in</strong></span> <span class='ocrx_word' id='word_1_130' title='bbox 1481 781 1561 810; x_wconf 93' lang='lat' dir='ltr'><strong>toto</strong></span> 
     </span>
     <span class='ocr_line' id='line_1_30' title="bbox 494 827 1562 878; baseline -0.004 -12"><span class='ocrx_word' id='word_1_131' title='bbox 494 837 668 877; x_wconf 86' lang='lat' dir='ltr'><strong>tempore</strong></span> <span class='ocrx_word' id='word_1_132' title='bbox 696 830 759 866; x_wconf 87' lang='lat' dir='ltr'><strong>vel</strong></span> <span class='ocrx_word' id='word_1_133' title='bbox 792 829 900 878; x_wconf 90' lang='lat' dir='ltr'><strong>plura</strong></span> <span class='ocrx_word' id='word_1_134' title='bbox 928 834 958 875; x_wconf 59' lang='grc' dir='ltr'><strong>α,</strong></span> <span class='ocrx_word' id='word_1_135' title='bbox 987 827 1062 865; x_wconf 88' lang='lat' dir='ltr'><strong>ibi:</strong></span> <span class='ocrx_word' id='word_1_136' title='bbox 1091 827 1264 876; x_wconf 82' lang='lat' dir='ltr'><em>Amplius</em></span> <span class='ocrx_word' id='word_1_137' title='bbox 1296 832 1421 864; x_wconf 90' lang='lat' dir='ltr'><strong>autem</strong></span> <span class='ocrx_word' id='word_1_138' title='bbox 1441 827 1562 875; x_wconf 83' lang='lat' dir='ltr'><strong>ipsum</strong></span> 
     </span>
     <span class='ocr_line' id='line_1_31' title="bbox 494 882 741 919; baseline 0 -1"><span class='ocrx_word' id='word_1_139' title='bbox 494 893 595 919; x_wconf 86' lang='lat' dir='ltr'><strong>nunc</strong></span> <span class='ocrx_word' id='word_1_140' title='bbox 622 882 642 902; x_wconf 76' lang='grc'><em>*</em></span> <span class='ocrx_word' id='word_1_141' title='bbox 672 889 741 919; x_wconf 88' lang='lat' dir='ltr'><strong>etc.</strong></span> 
     </span>
    </p>

    <p class='ocr_par' dir='ltr' id='par_1_15' title="bbox 491 931 1563 1566">
     <span class='ocr_line' id='line_1_32' title="bbox 550 931 1562 983; baseline -0.002 -12"><span class='ocrx_word' id='word_1_142' title='bbox 550 945 583 971; x_wconf 89' lang='lat'><strong>2.</strong></span> <span class='ocrx_word' id='word_1_143' title='bbox 605 934 705 972; x_wconf 91' lang='lat' dir='ltr'><strong>Dicit</strong></span> <span class='ocrx_word' id='word_1_144' title='bbox 725 946 814 982; x_wconf 87' lang='lat' dir='ltr'><strong>ergo</strong></span> <span class='ocrx_word' id='word_1_145' title='bbox 834 934 961 983; x_wconf 89' lang='lat' dir='ltr'><strong>primo</strong></span> <span class='ocrx_word' id='word_1_146' title='bbox 982 933 1087 982; x_wconf 92' lang='lat' dir='ltr'><strong>quod</strong></span> <span class='ocrx_word' id='word_1_147' title='bbox 1107 944 1153 969; x_wconf 87' lang='lat' dir='ltr'><strong>ex</strong></span> <span class='ocrx_word' id='word_1_148' title='bbox 1171 932 1259 969; x_wconf 83' lang='lat' dir='ltr'><strong>his*</strong></span> <span class='ocrx_word' id='word_1_149' title='bbox 1274 931 1423 969; x_wconf 87' lang='lat' dir='ltr'><strong>duabus</strong></span> <span class='ocrx_word' id='word_1_150' title='bbox 1451 932 1562 970; x_wconf 92' lang='lat' dir='ltr'><strong>ratio-</strong></span> 
     </span>
     <span class='ocr_line' id='line_1_33' title="bbox 494 985 1562 1036; baseline -0.002 -12"><span class='ocrx_word' id='word_1_151' title='bbox 494 987 607 1024; x_wconf 89' lang='lat' dir='ltr'><strong>nibus</strong></span> <span class='ocrx_word' id='word_1_152' title='bbox 638 995 764 1036; x_wconf 89' lang='lat' dir='ltr'><strong>potest</strong></span> <span class='ocrx_word' id='word_1_153' title='bbox 797 987 931 1036; x_wconf 88' lang='lat' dir='ltr'><strong>aliquis</strong></span> <span class='ocrx_word' id='word_1_154' title='bbox 966 986 1166 1035; x_wconf 88' lang='lat' dir='ltr'><strong>concipere</strong></span> <span class='ocrx_word' id='word_1_155' title='bbox 1195 987 1232 1033; x_wconf 74' lang='lat'><strong>⁴⁵,</strong></span> <span class='ocrx_word' id='word_1_156' title='bbox 1271 985 1377 1034; x_wconf 91' lang='lat' dir='ltr'><strong>quod</strong></span> <span class='ocrx_word' id='word_1_157' title='bbox 1410 993 1562 1035; x_wconf 90' lang='lat' dir='ltr'><strong>tempus</strong></span> 
     </span>
     <span class='ocr_line' id='line_1_34' title="bbox 492 1038 1563 1088; baseline -0.002 -11"><span class='ocrx_word' id='word_1_158' title='bbox 492 1041 555 1077; x_wconf 91' lang='lat' dir='ltr'><strong>vel</strong></span> <span class='ocrx_word' id='word_1_159' title='bbox 585 1041 743 1078; x_wconf 90' lang='lat' dir='ltr'><strong>omnino</strong></span> <span class='ocrx_word' id='word_1_160' title='bbox 764 1053 842 1077; x_wconf 93' lang='lat' dir='ltr'><strong>non</strong></span> <span class='ocrx_word' id='word_1_161' title='bbox 863 1040 919 1087; x_wconf 91' lang='lat' dir='ltr'><strong>sit,</strong></span> <span class='ocrx_word' id='word_1_162' title='bbox 944 1040 1006 1076; x_wconf 86' lang='lat' dir='ltr'><strong>vel</strong></span> <span class='ocrx_word' id='word_1_163' title='bbox 1025 1040 1044 1060; x_wconf 80' lang='lat'><strong>&#39;¹‘</strong></span> <span class='ocrx_word' id='word_1_164' title='bbox 1064 1039 1110 1076; x_wconf 92' lang='lat' dir='ltr'><strong>sit</strong></span> <span class='ocrx_word' id='word_1_165' title='bbox 1133 1038 1274 1087; x_wconf 87' lang='lat' dir='ltr'><strong>aliquid</strong></span> <span class='ocrx_word' id='word_1_166' title='bbox 1301 1038 1408 1088; x_wconf 92' lang='lat' dir='ltr'><strong>quod</strong></span> <span class='ocrx_word' id='word_1_167' title='bbox 1435 1038 1498 1076; x_wconf 87' lang='lat' dir='ltr'><strong>vix</strong></span> <span class='ocrx_word' id='word_1_168' title='bbox 1528 1046 1563 1075; x_wconf 92' lang='lat' dir='ltr'><strong>et</strong></span> 
     </span>
     <span class='ocr_line' id='line_1_35' title="bbox 495 1091 1559 1143; baseline -0.002 -13"><span class='ocrx_word' id='word_1_169' title='bbox 495 1094 655 1130; x_wconf 87' lang='lat' dir='ltr'><strong>obscure</strong></span> <span class='ocrx_word' id='word_1_170' title='bbox 675 1093 818 1143; x_wconf 88' lang='lat' dir='ltr'><strong>percipi</strong></span> <span class='ocrx_word' id='word_1_171' title='bbox 837 1092 966 1142; x_wconf 85' lang='lat' dir='ltr'><strong>possit.</strong></span> <span class='ocrx_word' id='word_1_172' title='bbox 982 1113 1007 1120; x_wconf 97' lang='lat'><em>-</em></span> <span class='ocrx_word' id='word_1_173' title='bbox 1023 1091 1153 1129; x_wconf 89' lang='lat' dir='ltr'><strong>Prima</strong></span> <span class='ocrx_word' id='word_1_174' title='bbox 1168 1103 1257 1140; x_wconf 89' lang='lat' dir='ltr'><strong>ergo</strong></span> <span class='ocrx_word' id='word_1_175' title='bbox 1278 1091 1372 1128; x_wconf 88' lang='lat' dir='ltr'><strong>ratio</strong></span> <span class='ocrx_word' id='word_1_176' title='bbox 1391 1091 1473 1128; x_wconf 89' lang='lat' dir='ltr'><strong>talis</strong></span> <span class='ocrx_word' id='word_1_177' title='bbox 1494 1099 1559 1128; x_wconf 90' lang='lat' dir='ltr'><strong>est.</strong></span> 
     </span>
     <span class='ocr_line' id='line_1_36' title="bbox 494 1144 1561 1195; baseline -0.002 -12"><span class='ocrx_word' id='word_1_178' title='bbox 494 1146 622 1183; x_wconf 90' lang='lat' dir='ltr'><strong>Omne</strong></span> <span class='ocrx_word' id='word_1_179' title='bbox 657 1146 914 1195; x_wconf 89' lang='lat' dir='ltr'><strong>compositum</strong></span> <span class='ocrx_word' id='word_1_180' title='bbox 947 1157 993 1182; x_wconf 85' lang='lat' dir='ltr'><strong>ex</strong></span> <span class='ocrx_word' id='word_1_181' title='bbox 1026 1145 1084 1182; x_wconf 89' lang='lat' dir='ltr'><strong>his</strong></span> <span class='ocrx_word' id='word_1_182' title='bbox 1117 1157 1216 1193; x_wconf 88' lang='lat' dir='ltr'><strong>quae</strong></span> <span class='ocrx_word' id='word_1_183' title='bbox 1245 1157 1324 1181; x_wconf 91' lang='lat' dir='ltr'><strong>non</strong></span> <span class='ocrx_word' id='word_1_184' title='bbox 1356 1151 1462 1192; x_wconf 85' lang='lat' dir='ltr'><strong>sunt,</strong></span> <span class='ocrx_word' id='word_1_185' title='bbox 1492 1144 1561 1181; x_wconf 93' lang='lat' dir='ltr'><strong>irn-</strong></span> 
     </span>
     <span class='ocr_line' id='line_1_37' title="bbox 491 1197 1561 1247; baseline -0.002 -11"><span class='ocrx_word' id='word_1_186' title='bbox 491 1198 672 1247; x_wconf 86' lang='lat' dir='ltr'><strong>possibile</strong></span> <span class='ocrx_word' id='word_1_187' title='bbox 703 1206 758 1236; x_wconf 89' lang='lat' dir='ltr'><strong>est</strong></span> <span class='ocrx_word' id='word_1_188' title='bbox 785 1211 879 1246; x_wconf 87' lang='lat' dir='ltr'><strong>esse,</strong></span> <span class='ocrx_word' id='word_1_189' title='bbox 900 1199 963 1236; x_wconf 87' lang='lat' dir='ltr'><strong>vel</strong></span> <span class='ocrx_word' id='word_1_190' title='bbox 984 1200 1004 1220; x_wconf 67' lang='lat'><strong>‘²‘</strong></span> <span class='ocrx_word' id='word_1_191' title='bbox 1023 1198 1165 1236; x_wconf 86' lang='lat' dir='ltr'><strong>habere</strong></span> <span class='ocrx_word' id='word_1_192' title='bbox 1194 1197 1361 1247; x_wconf 87' lang='lat' dir='ltr'><strong>aliquam</strong></span> <span class='ocrx_word' id='word_1_193' title='bbox 1390 1198 1561 1234; x_wconf 83' lang='lat' dir='ltr'><strong>substan-</strong></span> 
     </span>
     <span class='ocr_line' id='line_1_38' title="bbox 492 1250 1562 1301; baseline -0.003 -12"><span class='ocrx_word' id='word_1_194' title='bbox 492 1251 595 1289; x_wconf 84' lang='lat' dir='ltr'><strong>tiam.</strong></span> <span class='ocrx_word' id='word_1_195' title='bbox 627 1252 705 1289; x_wconf 91' lang='lat' dir='ltr'><strong>Sed</strong></span> <span class='ocrx_word' id='word_1_196' title='bbox 733 1259 884 1301; x_wconf 89' lang='lat' dir='ltr'><strong>tempus</strong></span> <span class='ocrx_word' id='word_1_197' title='bbox 914 1250 1158 1301; x_wconf 90' lang='lat' dir='ltr'><strong>componitur</strong></span> <span class='ocrx_word' id='word_1_198' title='bbox 1190 1263 1235 1288; x_wconf 86' lang='lat' dir='ltr'><strong>ex</strong></span> <span class='ocrx_word' id='word_1_199' title='bbox 1262 1250 1320 1287; x_wconf 90' lang='lat' dir='ltr'><strong>his</strong></span> <span class='ocrx_word' id='word_1_200' title='bbox 1353 1262 1450 1299; x_wconf 91' lang='lat' dir='ltr'><strong>quae</strong></span> <span class='ocrx_word' id='word_1_201' title='bbox 1483 1262 1562 1287; x_wconf 90' lang='lat' dir='ltr'><strong>non</strong></span> 
     </span>
     <span class='ocr_line' id='line_1_39' title="bbox 493 1303 1563 1354; baseline -0.003 -12"><span class='ocrx_word' id='word_1_202' title='bbox 493 1312 599 1351; x_wconf 89' lang='lat' dir='ltr'><strong>sunt;</strong></span> <span class='ocrx_word' id='word_1_203' title='bbox 629 1305 718 1354; x_wconf 90' lang='lat' dir='ltr'><strong>quia</strong></span> <span class='ocrx_word' id='word_1_204' title='bbox 746 1305 929 1354; x_wconf 87' lang='lat' dir='ltr'><strong>temporis</strong></span> <span class='ocrx_word' id='word_1_205' title='bbox 960 1312 1016 1342; x_wconf 92' lang='lat' dir='ltr'><strong>est</strong></span> <span class='ocrx_word' id='word_1_206' title='bbox 1043 1303 1184 1352; x_wconf 91' lang='lat' dir='ltr'><strong>aliquid</strong></span> <span class='ocrx_word' id='word_1_207' title='bbox 1220 1303 1491 1352; x_wconf 84' lang='lat' dir='ltr'><strong>praeteritum,</strong></span> <span class='ocrx_word' id='word_1_208' title='bbox 1526 1310 1563 1339; x_wconf 89' lang='lat' dir='ltr'><strong>et</strong></span> 
     </span>
     <span class='ocr_line' id='line_1_40' title="bbox 491 1356 1560 1405; baseline -0.004 -10"><span class='ocrx_word' id='word_1_209' title='bbox 491 1357 569 1394; x_wconf 88' lang='lat' dir='ltr'><strong>iam</strong></span> <span class='ocrx_word' id='word_1_210' title='bbox 597 1371 676 1395; x_wconf 92' lang='lat' dir='ltr'><strong>non</strong></span> <span class='ocrx_word' id='word_1_211' title='bbox 705 1365 780 1405; x_wconf 89' lang='lat' dir='ltr'><strong>est,</strong></span> <span class='ocrx_word' id='word_1_212' title='bbox 810 1357 912 1395; x_wconf 91' lang='lat' dir='ltr'><strong>aliud</strong></span> <span class='ocrx_word' id='word_1_213' title='bbox 941 1365 996 1394; x_wconf 89' lang='lat' dir='ltr'><strong>est</strong></span> <span class='ocrx_word' id='word_1_214' title='bbox 1024 1357 1206 1403; x_wconf 84' lang='lat' dir='ltr'><strong>futurum,</strong></span> <span class='ocrx_word' id='word_1_215' title='bbox 1227 1363 1263 1392; x_wconf 93' lang='lat' dir='ltr'><strong>et</strong></span> <span class='ocrx_word' id='word_1_216' title='bbox 1290 1356 1464 1392; x_wconf 89' lang='lat' dir='ltr'><strong>nondum</strong></span> <span class='ocrx_word' id='word_1_217' title='bbox 1495 1363 1560 1402; x_wconf 90' lang='lat' dir='ltr'><strong>est,</strong></span> 
     </span>
     <span class='ocr_line' id='line_1_41' title="bbox 494 1407 1559 1460; baseline -0.005 -12"><span class='ocrx_word' id='word_1_218' title='bbox 494 1417 529 1447; x_wconf 89' lang='lat' dir='ltr'><strong>et</strong></span> <span class='ocrx_word' id='word_1_219' title='bbox 558 1423 603 1448; x_wconf 89' lang='lat' dir='ltr'><strong>ex</strong></span> <span class='ocrx_word' id='word_1_220' title='bbox 630 1410 688 1448; x_wconf 91' lang='lat' dir='ltr'><strong>his</strong></span> <span class='ocrx_word' id='word_1_221' title='bbox 718 1411 869 1448; x_wconf 89' lang='lat' dir='ltr'><strong>duobus</strong></span> <span class='ocrx_word' id='word_1_222' title='bbox 899 1409 1142 1460; x_wconf 83' lang='lat' dir='ltr'><strong>componitur</strong></span> <span class='ocrx_word' id='word_1_223' title='bbox 1169 1415 1292 1446; x_wconf 90' lang='lat' dir='ltr'><strong>totum</strong></span> <span class='ocrx_word' id='word_1_224' title='bbox 1321 1415 1484 1456; x_wconf 89' lang='lat' dir='ltr'><strong>tempus,</strong></span> <span class='ocrx_word' id='word_1_225' title='bbox 1505 1407 1559 1444; x_wconf 91' lang='lat' dir='ltr'><strong>in-</strong></span> 
     </span>
     <span class='ocr_line' id='line_1_42' title="bbox 492 1460 1561 1513; baseline -0.003 -13"><span class='ocrx_word' id='word_1_226' title='bbox 492 1463 642 1501; x_wconf 90' lang='lat' dir='ltr'><strong>finitum</strong></span> <span class='ocrx_word' id='word_1_227' title='bbox 672 1471 708 1500; x_wconf 92' lang='lat' dir='ltr'><strong>et</strong></span> <span class='ocrx_word' id='word_1_228' title='bbox 734 1470 963 1513; x_wconf 89' lang='lat' dir='ltr'><strong>perpetuum</strong></span> <span class='ocrx_word' id='word_1_229' title='bbox 991 1462 1170 1512; x_wconf 90' lang='lat' dir='ltr'><strong>positum.</strong></span> <span class='ocrx_word' id='word_1_230' title='bbox 1196 1462 1298 1509; x_wconf 86' lang='lat' dir='ltr'><strong>Ergo</strong></span> <span class='ocrx_word' id='word_1_231' title='bbox 1327 1460 1561 1510; x_wconf 88' lang='lat' dir='ltr'><strong>impossibile</strong></span> 
     </span>
     <span class='ocr_line' id='line_1_43' title="bbox 495 1516 1025 1566; baseline -0.004 -12"><span class='ocrx_word' id='word_1_232' title='bbox 495 1525 550 1554; x_wconf 93' lang='lat' dir='ltr'><strong>est</strong></span> <span class='ocrx_word' id='word_1_233' title='bbox 577 1524 731 1566; x_wconf 91' lang='lat' dir='ltr'><strong>tempus</strong></span> <span class='ocrx_word' id='word_1_234' title='bbox 761 1516 902 1565; x_wconf 88' lang='lat' dir='ltr'><strong>aliquid</strong></span> <span class='ocrx_word' id='word_1_235' title='bbox 932 1528 1025 1552; x_wconf 89' lang='lat' dir='ltr'><strong>esse.</strong></span> 
     </span>
    </p>

    <p class='ocr_par' dir='ltr' id='par_1_16' title="bbox 491 1566 1562 2357">
     <span class='ocr_line' id='line_1_44' title="bbox 550 1566 1560 1616; baseline -0.005 -9"><span class='ocrx_word' id='word_1_236' title='bbox 550 1571 584 1607; x_wconf 86' lang='lat'><strong>3.</strong></span> <span class='ocrx_word' id='word_1_237' title='bbox 608 1569 828 1606; x_wconf 91' lang='lat' dir='ltr'><strong>Secundam</strong></span> <span class='ocrx_word' id='word_1_238' title='bbox 849 1569 1035 1606; x_wconf 88' lang='lat' dir='ltr'><strong>rationem</strong></span> <span class='ocrx_word' id='word_1_239' title='bbox 1055 1567 1163 1616; x_wconf 92' lang='lat' dir='ltr'><strong>ponit</strong></span> <span class='ocrx_word' id='word_1_240' title='bbox 1181 1566 1253 1603; x_wconf 86' lang='lat' dir='ltr'><strong>ibi:</strong></span> <span class='ocrx_word' id='word_1_241' title='bbox 1282 1566 1418 1603; x_wconf 82' lang='lat' dir='ltr'><strong>Adhuc</strong></span> <span class='ocrx_word' id='word_1_242' title='bbox 1435 1571 1560 1603; x_wconf 85' lang='lat' dir='ltr'><strong>autem</strong></span> 
     </span>
     <span class='ocr_line' id='line_1_45' title="bbox 493 1618 1561 1671; baseline -0.004 -12"><span class='ocrx_word' id='word_1_243' title='bbox 493 1623 614 1660; x_wconf 81' lang='lat' dir='ltr'><strong>omnis</strong></span> <span class='ocrx_word' id='word_1_244' title='bbox 643 1630 735 1659; x_wconf 88' lang='lat' dir='ltr'><strong>etc.:</strong></span> <span class='ocrx_word' id='word_1_245' title='bbox 765 1634 862 1671; x_wconf 88' lang='lat' dir='ltr'><strong>quae</strong></span> <span class='ocrx_word' id='word_1_246' title='bbox 900 1621 982 1658; x_wconf 91' lang='lat' dir='ltr'><strong>talis</strong></span> <span class='ocrx_word' id='word_1_247' title='bbox 1022 1628 1087 1658; x_wconf 88' lang='lat' dir='ltr'><strong>est.</strong></span> <span class='ocrx_word' id='word_1_248' title='bbox 1119 1619 1328 1656; x_wconf 89' lang='lat' dir='ltr'><strong>Cuiuslibet</strong></span> <span class='ocrx_word' id='word_1_249' title='bbox 1365 1618 1561 1656; x_wconf 84' lang='lat' dir='ltr'><strong>divisibilis</strong></span> 
     </span>
     <span class='ocr_line' id='line_1_46' title="bbox 494 1672 1562 1721; baseline -0.005 -9"><span class='ocrx_word' id='word_1_250' title='bbox 494 1675 683 1712; x_wconf 87' lang='lat' dir='ltr'><strong>existentis</strong></span> <span class='ocrx_word' id='word_1_251' title='bbox 703 1687 859 1712; x_wconf 90' lang='lat' dir='ltr'><strong>necesse</strong></span> <span class='ocrx_word' id='word_1_252' title='bbox 889 1681 942 1711; x_wconf 92' lang='lat' dir='ltr'><strong>est</strong></span> <span class='ocrx_word' id='word_1_253' title='bbox 962 1686 1056 1720; x_wconf 90' lang='lat' dir='ltr'><strong>esse,</strong></span> <span class='ocrx_word' id='word_1_254' title='bbox 1083 1673 1176 1710; x_wconf 90' lang='lat' dir='ltr'><strong>dum</strong></span> <span class='ocrx_word' id='word_1_255' title='bbox 1199 1679 1265 1719; x_wconf 87' lang='lat' dir='ltr'><strong>est,</strong></span> <span class='ocrx_word' id='word_1_256' title='bbox 1287 1672 1453 1721; x_wconf 86' lang='lat' dir='ltr'><strong>aliquam</strong></span> <span class='ocrx_word' id='word_1_257' title='bbox 1477 1684 1562 1720; x_wconf 90' lang='lat' dir='ltr'><strong>par-</strong></span> 
     </span>
     <span class='ocr_line' id='line_1_47' title="bbox 493 1724 1562 1776; baseline -0.004 -12"><span class='ocrx_word' id='word_1_258' title='bbox 493 1736 570 1765; x_wconf 88' lang='lat' dir='ltr'><strong>tem</strong></span> <span class='ocrx_word' id='word_1_259' title='bbox 592 1727 684 1775; x_wconf 88' lang='lat' dir='ltr'><strong>eius,</strong></span> <span class='ocrx_word' id='word_1_260' title='bbox 705 1735 770 1764; x_wconf 90' lang='lat' dir='ltr'><strong>aut</strong></span> <span class='ocrx_word' id='word_1_261' title='bbox 789 1727 932 1776; x_wconf 84' lang='lat' dir='ltr'><strong>aliquas</strong></span> <span class='ocrx_word' id='word_1_262' title='bbox 946 1725 975 1764; x_wconf 68' lang='grc' dir='ltr'><strong>β.</strong></span> <span class='ocrx_word' id='word_1_263' title='bbox 998 1726 1075 1763; x_wconf 90' lang='lat' dir='ltr'><strong>Sed</strong></span> <span class='ocrx_word' id='word_1_264' title='bbox 1094 1733 1245 1774; x_wconf 89' lang='lat' dir='ltr'><strong>tempus</strong></span> <span class='ocrx_word' id='word_1_265' title='bbox 1265 1737 1343 1762; x_wconf 92' lang='lat' dir='ltr'><strong>non</strong></span> <span class='ocrx_word' id='word_1_266' title='bbox 1364 1732 1419 1761; x_wconf 90' lang='lat' dir='ltr'><strong>est</strong></span> <span class='ocrx_word' id='word_1_267' title='bbox 1432 1724 1562 1761; x_wconf 92' lang='lat' dir='ltr'><strong>huius-</strong></span> 
     </span>
     <span class='ocr_line' id='line_1_48' title="bbox 493 1777 1560 1830; baseline -0.005 -12"><span class='ocrx_word' id='word_1_268' title='bbox 493 1780 616 1828; x_wconf 88' lang='lat' dir='ltr'><strong>modi;</strong></span> <span class='ocrx_word' id='word_1_269' title='bbox 647 1780 736 1830; x_wconf 89' lang='lat' dir='ltr'><strong>quia</strong></span> <span class='ocrx_word' id='word_1_270' title='bbox 770 1779 960 1829; x_wconf 86' lang='lat' dir='ltr'><strong>quaedam</strong></span> <span class='ocrx_word' id='word_1_271' title='bbox 988 1786 1113 1828; x_wconf 90' lang='lat' dir='ltr'><strong>partes</strong></span> <span class='ocrx_word' id='word_1_272' title='bbox 1150 1777 1333 1827; x_wconf 91' lang='lat' dir='ltr'><strong>temporis</strong></span> <span class='ocrx_word' id='word_1_273' title='bbox 1366 1784 1453 1814; x_wconf 89' lang='lat' dir='ltr'><strong>sunt</strong></span> <span class='ocrx_word' id='word_1_274' title='bbox 1484 1777 1560 1814; x_wconf 89' lang='lat' dir='ltr'><strong>iam</strong></span> 
     </span>
     <span class='ocr_line' id='line_1_49' title="bbox 491 1829 1560 1884; baseline -0.004 -14"><span class='ocrx_word' id='word_1_275' title='bbox 491 1833 732 1884; x_wconf 89' lang='lat' dir='ltr'><strong>praeteritae,</strong></span> <span class='ocrx_word' id='word_1_276' title='bbox 754 1833 848 1870; x_wconf 87' lang='lat' dir='ltr'><strong>aliae</strong></span> <span class='ocrx_word' id='word_1_277' title='bbox 875 1845 970 1870; x_wconf 87' lang='lat' dir='ltr'><strong>vero</strong></span> <span class='ocrx_word' id='word_1_278' title='bbox 991 1839 1077 1869; x_wconf 90' lang='lat' dir='ltr'><strong>sunt</strong></span> <span class='ocrx_word' id='word_1_279' title='bbox 1105 1832 1263 1877; x_wconf 85' lang='lat' dir='ltr'><strong>futurae,</strong></span> <span class='ocrx_word' id='word_1_280' title='bbox 1285 1838 1321 1867; x_wconf 91' lang='lat' dir='ltr'><strong>et</strong></span> <span class='ocrx_word' id='word_1_281' title='bbox 1348 1829 1439 1867; x_wconf 85' lang='lat' dir='ltr'><strong>nihil</strong></span> <span class='ocrx_word' id='word_1_282' title='bbox 1466 1838 1560 1867; x_wconf 88' lang='lat' dir='ltr'><strong>tem-</strong></span> 
     </span>
     <span class='ocr_line' id='line_1_50' title="bbox 492 1884 1559 1936; baseline -0.004 -13"><span class='ocrx_word' id='word_1_283' title='bbox 492 1886 596 1936; x_wconf 91' lang='lat' dir='ltr'><strong>poris</strong></span> <span class='ocrx_word' id='word_1_284' title='bbox 625 1886 730 1935; x_wconf 88' lang='lat' dir='ltr'><strong>quod</strong></span> <span class='ocrx_word' id='word_1_285' title='bbox 758 1886 804 1922; x_wconf 90' lang='lat' dir='ltr'><strong>sit</strong></span> <span class='ocrx_word' id='word_1_286' title='bbox 824 1885 1008 1923; x_wconf 85' lang='lat' dir='ltr'><strong>divisibile</strong></span> <span class='ocrx_word' id='word_1_287' title='bbox 1039 1891 1094 1921; x_wconf 90' lang='lat' dir='ltr'><strong>est</strong></span> <span class='ocrx_word' id='word_1_288' title='bbox 1121 1884 1159 1921; x_wconf 91' lang='lat' dir='ltr'><strong>in</strong></span> <span class='ocrx_word' id='word_1_289' title='bbox 1188 1891 1285 1925; x_wconf 84' lang='lat' dir='ltr'><strong>actu.</strong></span> <span class='ocrx_word' id='word_1_290' title='bbox 1316 1884 1446 1932; x_wconf 90' lang='lat' dir='ltr'><strong>Ipsum</strong></span> <span class='ocrx_word' id='word_1_291' title='bbox 1465 1895 1559 1920; x_wconf 89' lang='lat' dir='ltr'><strong>vero</strong></span> 
     </span>
     <span class='ocr_line' id='line_1_51' title="bbox 493 1936 1559 1988; baseline -0.004 -12"><span class='ocrx_word' id='word_1_292' title='bbox 493 1951 606 1986; x_wconf 88' lang='lat' dir='ltr'><strong>nune,</strong></span> <span class='ocrx_word' id='word_1_293' title='bbox 637 1939 742 1988; x_wconf 91' lang='lat' dir='ltr'><strong>quod</strong></span> <span class='ocrx_word' id='word_1_294' title='bbox 772 1946 827 1975; x_wconf 87' lang='lat' dir='ltr'><strong>est</strong></span> <span class='ocrx_word' id='word_1_295' title='bbox 855 1938 893 1975; x_wconf 92' lang='lat' dir='ltr'><strong>in</strong></span> <span class='ocrx_word' id='word_1_296' title='bbox 922 1945 1020 1985; x_wconf 90' lang='lat' dir='ltr'><strong>actu,</strong></span> <span class='ocrx_word' id='word_1_297' title='bbox 1050 1949 1130 1974; x_wconf 91' lang='lat' dir='ltr'><strong>non</strong></span> <span class='ocrx_word' id='word_1_298' title='bbox 1158 1944 1219 1973; x_wconf 84' lang='lat' dir='ltr'><strong>est</strong></span> <span class='ocrx_word' id='word_1_299' title='bbox 1240 1948 1328 1985; x_wconf 89' lang='lat' dir='ltr'><strong>pars</strong></span> <span class='ocrx_word' id='word_1_300' title='bbox 1356 1936 1559 1984; x_wconf 90' lang='lat' dir='ltr'><strong>temporis:</strong></span> 
     </span>
     <span class='ocr_line' id='line_1_52' title="bbox 494 1988 1560 2041; baseline -0.003 -13"><span class='ocrx_word' id='word_1_301' title='bbox 494 1991 583 2041; x_wconf 87' lang='lat' dir='ltr'><strong>quia</strong></span> <span class='ocrx_word' id='word_1_302' title='bbox 610 2004 698 2040; x_wconf 90' lang='lat' dir='ltr'><strong>pars</strong></span> <span class='ocrx_word' id='word_1_303' title='bbox 724 1998 779 2028; x_wconf 92' lang='lat' dir='ltr'><strong>est</strong></span> <span class='ocrx_word' id='word_1_304' title='bbox 806 2003 906 2040; x_wconf 88' lang='lat' dir='ltr'><strong>quae</strong></span> <span class='ocrx_word' id='word_1_305' title='bbox 939 1997 1134 2027; x_wconf 84' lang='lat' dir='ltr'><strong>mensurat</strong></span> <span class='ocrx_word' id='word_1_306' title='bbox 1161 1997 1295 2036; x_wconf 88' lang='lat' dir='ltr'><strong>totum,</strong></span> <span class='ocrx_word' id='word_1_307' title='bbox 1324 1996 1367 2026; x_wconf 92' lang='lat' dir='ltr'><strong>ut</strong></span> <span class='ocrx_word' id='word_1_308' title='bbox 1393 1988 1560 2025; x_wconf 90' lang='lat' dir='ltr'><strong>binarius</strong></span> 
     </span>
     <span class='ocr_line' id='line_1_53' title="bbox 494 2042 1558 2092; baseline -0.004 -10"><span class='ocrx_word' id='word_1_309' title='bbox 494 2044 704 2090; x_wconf 81' lang='lat' dir='ltr'><strong>senarium3</strong></span> <span class='ocrx_word' id='word_1_310' title='bbox 732 2045 795 2081; x_wconf 86' lang='lat' dir='ltr'><strong>vel</strong></span> <span class='ocrx_word' id='word_1_311' title='bbox 824 2045 958 2081; x_wconf 87' lang='lat' dir='ltr'><strong>saltem</strong></span> <span class='ocrx_word' id='word_1_312' title='bbox 978 2055 1024 2080; x_wconf 87' lang='lat' dir='ltr'><strong>ex</strong></span> <span class='ocrx_word' id='word_1_313' title='bbox 1051 2055 1128 2092; x_wconf 91' lang='lat' dir='ltr'><strong>qua</strong></span> <span class='ocrx_word' id='word_1_314' title='bbox 1152 2042 1397 2091; x_wconf 89' lang='lat' dir='ltr'><strong>componitur</strong></span> <span class='ocrx_word' id='word_1_315' title='bbox 1423 2049 1558 2089; x_wconf 90' lang='lat' dir='ltr'><strong>totum,</strong></span> 
     </span>
     <span class='ocr_line' id='line_1_54' title="bbox 494 2095 1560 2146; baseline -0.003 -12"><span class='ocrx_word' id='word_1_316' title='bbox 494 2098 590 2135; x_wconf 89' lang='lat' dir='ltr'><strong>sicut</strong></span> <span class='ocrx_word' id='word_1_317' title='bbox 609 2098 869 2146; x_wconf 88' lang='lat' dir='ltr'><strong>quaternarius</strong></span> <span class='ocrx_word' id='word_1_318' title='bbox 885 2104 940 2134; x_wconf 89' lang='lat' dir='ltr'><strong>est</strong></span> <span class='ocrx_word' id='word_1_319' title='bbox 957 2109 1045 2145; x_wconf 90' lang='lat' dir='ltr'><strong>pars</strong></span> <span class='ocrx_word' id='word_1_320' title='bbox 1070 2095 1216 2142; x_wconf 86' lang='lat' dir='ltr'><strong>senarii,</strong></span> <span class='ocrx_word' id='word_1_321' title='bbox 1233 2107 1311 2132; x_wconf 91' lang='lat' dir='ltr'><strong>non</strong></span> <span class='ocrx_word' id='word_1_322' title='bbox 1335 2107 1560 2131; x_wconf 89' lang='lat' dir='ltr'><strong>mensurans</strong></span> 
     </span>
     <span class='ocr_line' id='line_1_55' title="bbox 494 2148 1561 2200; baseline -0.003 -13"><span class='ocrx_word' id='word_1_323' title='bbox 494 2150 620 2200; x_wconf 91' lang='lat' dir='ltr'><strong>ipsum</strong></span> <span class='ocrx_word' id='word_1_324' title='bbox 641 2150 674 2197; x_wconf 64' lang='lat'><strong>²⁸,</strong></span> <span class='ocrx_word' id='word_1_325' title='bbox 695 2150 763 2187; x_wconf 90' lang='lat' dir='ltr'><strong>sed</strong></span> <span class='ocrx_word' id='word_1_326' title='bbox 782 2150 872 2199; x_wconf 91' lang='lat' dir='ltr'><strong>quia</strong></span> <span class='ocrx_word' id='word_1_327' title='bbox 901 2161 946 2186; x_wconf 90' lang='lat' dir='ltr'><strong>ex</strong></span> <span class='ocrx_word' id='word_1_328' title='bbox 965 2149 1047 2198; x_wconf 90' lang='lat' dir='ltr'><strong>ipso</strong></span> <span class='ocrx_word' id='word_1_329' title='bbox 1077 2156 1113 2185; x_wconf 90' lang='lat' dir='ltr'><strong>et</strong></span> <span class='ocrx_word' id='word_1_330' title='bbox 1141 2148 1288 2185; x_wconf 90' lang='lat' dir='ltr'><strong>binario</strong></span> <span class='ocrx_word' id='word_1_331' title='bbox 1319 2148 1561 2196; x_wconf 89' lang='lat' dir='ltr'><strong>componitur</strong></span> 
     </span>
     <span class='ocr_line' id='line_1_56' title="bbox 495 2200 1560 2252; baseline -0.004 -12"><span class='ocrx_word' id='word_1_332' title='bbox 495 2203 680 2250; x_wconf 81' lang='lat' dir='ltr'><strong>senarius3</strong></span> <span class='ocrx_word' id='word_1_333' title='bbox 707 2210 858 2252; x_wconf 88' lang='lat' dir='ltr'><strong>tempus</strong></span> <span class='ocrx_word' id='word_1_334' title='bbox 887 2210 1016 2239; x_wconf 89' lang='lat' dir='ltr'><strong>autem</strong></span> <span class='ocrx_word' id='word_1_335' title='bbox 1036 2214 1114 2238; x_wconf 91' lang='lat' dir='ltr'><strong>non</strong></span> <span class='ocrx_word' id='word_1_336' title='bbox 1139 2201 1381 2250; x_wconf 90' lang='lat' dir='ltr'><strong>componitur</strong></span> <span class='ocrx_word' id='word_1_337' title='bbox 1405 2212 1450 2237; x_wconf 89' lang='lat' dir='ltr'><strong>ex</strong></span> <span class='ocrx_word' id='word_1_338' title='bbox 1470 2200 1560 2249; x_wconf 91' lang='lat' dir='ltr'><strong>ipsis</strong></span> 
     </span>
     <span class='ocr_line' id='line_1_57' title="bbox 495 2253 1561 2304; baseline -0.004 -11"><span class='ocrx_word' id='word_1_339' title='bbox 495 2268 614 2303; x_wconf 91' lang='lat' dir='ltr'><strong>nunc,</strong></span> <span class='ocrx_word' id='word_1_340' title='bbox 643 2263 684 2292; x_wconf 92' lang='lat' dir='ltr'><strong>ut</strong></span> <span class='ocrx_word' id='word_1_341' title='bbox 711 2255 807 2293; x_wconf 90' lang='lat' dir='ltr'><strong>infra</strong></span> <span class='ocrx_word' id='word_1_342' title='bbox 833 2256 853 2277; x_wconf 81' lang='grc'><em>*</em></span> <span class='ocrx_word' id='word_1_343' title='bbox 879 2254 1113 2304; x_wconf 86' lang='lat' dir='ltr'><strong>probabitur.</strong></span> <span class='ocrx_word' id='word_1_344' title='bbox 1143 2255 1317 2302; x_wconf 87' lang='lat' dir='ltr'><strong>Tempus</strong></span> <span class='ocrx_word' id='word_1_345' title='bbox 1345 2253 1455 2301; x_wconf 88' lang='lat' dir='ltr'><strong>igitur</strong></span> <span class='ocrx_word' id='word_1_346' title='bbox 1482 2265 1561 2290; x_wconf 93' lang='lat' dir='ltr'><strong>non</strong></span> 
     </span>
     <span class='ocr_line' id='line_1_58' title="bbox 495 2308 731 2357; baseline -0.004 -11"><span class='ocrx_word' id='word_1_347' title='bbox 495 2317 551 2346; x_wconf 90' lang='lat' dir='ltr'><strong>est</strong></span> <span class='ocrx_word' id='word_1_348' title='bbox 579 2308 731 2357; x_wconf 89' lang='lat' dir='ltr'><strong>aliquid.</strong></span> 
     </span>
    </p>

    <p class='ocr_par' dir='ltr' id='par_1_17' title="bbox 493 2359 1562 2875">
     <span class='ocr_line' id='line_1_59' title="bbox 546 2359 1560 2409; baseline -0.003 -11"><span class='ocrx_word' id='word_1_349' title='bbox 546 2374 583 2409; x_wconf 93' lang='lat'><strong>4.</strong></span> <span class='ocrx_word' id='word_1_350' title='bbox 614 2361 764 2399; x_wconf 88' lang='lat' dir='ltr'><strong>Deinde</strong></span> <span class='ocrx_word' id='word_1_351' title='bbox 799 2373 888 2397; x_wconf 89' lang='lat' dir='ltr'><strong>cum</strong></span> <span class='ocrx_word' id='word_1_352' title='bbox 923 2360 1030 2397; x_wconf 90' lang='lat' dir='ltr'><strong>dicit:</strong></span> <span class='ocrx_word' id='word_1_353' title='bbox 1068 2359 1241 2408; x_wconf 83' lang='lat' dir='ltr'><strong>Amplius</strong></span> <span class='ocrx_word' id='word_1_354' title='bbox 1277 2364 1402 2396; x_wconf 86' lang='lat' dir='ltr'><strong>autem</strong></span> <span class='ocrx_word' id='word_1_355' title='bbox 1439 2359 1560 2407; x_wconf 84' lang='lat' dir='ltr'><strong>ipsum</strong></span> 
     </span>
     <span class='ocr_line' id='line_1_60' title="bbox 495 2412 1560 2463; baseline -0.003 -12"><span class='ocrx_word' id='word_1_356' title='bbox 495 2426 595 2451; x_wconf 88' lang='lat' dir='ltr'><strong>nunc</strong></span> <span class='ocrx_word' id='word_1_357' title='bbox 624 2422 705 2462; x_wconf 82' lang='lat' dir='ltr'><strong>etc.‚</strong></span> <span class='ocrx_word' id='word_1_358' title='bbox 735 2414 888 2463; x_wconf 91' lang='lat' dir='ltr'><strong>inquirit</strong></span> <span class='ocrx_word' id='word_1_359' title='bbox 914 2421 1043 2450; x_wconf 88' lang='lat' dir='ltr'><strong>utrum</strong></span> <span class='ocrx_word' id='word_1_360' title='bbox 1073 2413 1118 2450; x_wconf 90' lang='lat' dir='ltr'><strong>sit</strong></span> <span class='ocrx_word' id='word_1_361' title='bbox 1146 2412 1249 2450; x_wconf 90' lang='lat' dir='ltr'><strong>idem</strong></span> <span class='ocrx_word' id='word_1_362' title='bbox 1278 2424 1381 2449; x_wconf 92' lang='lat' dir='ltr'><strong>nunc</strong></span> <span class='ocrx_word' id='word_1_363' title='bbox 1414 2412 1453 2448; x_wconf 92' lang='lat' dir='ltr'><strong>in</strong></span> <span class='ocrx_word' id='word_1_364' title='bbox 1481 2419 1560 2449; x_wconf 89' lang='lat' dir='ltr'><strong>toto</strong></span> 
     </span>
     <span class='ocr_line' id='line_1_61' title="bbox 493 2465 1562 2516; baseline -0.003 -12"><span class='ocrx_word' id='word_1_365' title='bbox 493 2474 678 2516; x_wconf 89' lang='lat' dir='ltr'><strong>ternpore.</strong></span> <span class='ocrx_word' id='word_1_366' title='bbox 709 2468 759 2504; x_wconf 90' lang='lat' dir='ltr'><strong>Et</strong></span> <span class='ocrx_word' id='word_1_367' title='bbox 787 2467 885 2503; x_wconf 90' lang='lat' dir='ltr'><strong>circa</strong></span> <span class='ocrx_word' id='word_1_368' title='bbox 917 2467 991 2503; x_wconf 92' lang='lat' dir='ltr'><strong>hoc</strong></span> <span class='ocrx_word' id='word_1_369' title='bbox 1025 2465 1094 2503; x_wconf 86' lang='lat' dir='ltr'><strong>tria</strong></span> <span class='ocrx_word' id='word_1_370' title='bbox 1123 2466 1230 2503; x_wconf 86' lang='lat' dir='ltr'><strong>facit:</strong></span> <span class='ocrx_word' id='word_1_371' title='bbox 1267 2465 1393 2514; x_wconf 91' lang='lat' dir='ltr'><strong>primo</strong></span> <span class='ocrx_word' id='word_1_372' title='bbox 1429 2472 1562 2502; x_wconf 88' lang='lat' dir='ltr'><strong>movet</strong></span> 
     </span>
     <span class='ocr_line' id='line_1_62' title="bbox 495 2518 1559 2570; baseline -0.003 -13"><span class='ocrx_word' id='word_1_373' title='bbox 495 2520 779 2570; x_wconf 87' lang='lat' dir='ltr'><strong>quaestionem;</strong></span> <span class='ocrx_word' id='word_1_374' title='bbox 810 2519 978 2556; x_wconf 90' lang='lat' dir='ltr'><strong>secundo</strong></span> <span class='ocrx_word' id='word_1_375' title='bbox 1009 2518 1137 2556; x_wconf 90' lang='lat' dir='ltr'><strong>obiicit</strong></span> <span class='ocrx_word' id='word_1_376' title='bbox 1164 2518 1213 2555; x_wconf 92' lang='lat' dir='ltr'><strong>ad</strong></span> <span class='ocrx_word' id='word_1_377' title='bbox 1244 2530 1364 2555; x_wconf 89' lang='lat' dir='ltr'><strong>unam</strong></span> <span class='ocrx_word' id='word_1_378' title='bbox 1390 2525 1559 2567; x_wconf 88' lang='lat' dir='ltr'><strong>partem,</strong></span> 
     </span>
     <span class='ocr_line' id='line_1_63' title="bbox 493 2570 1559 2622; baseline -0.003 -12"><span class='ocrx_word' id='word_1_379' title='bbox 493 2573 566 2610; x_wconf 87' lang='lat' dir='ltr'><strong>ibi:</strong></span> <span class='ocrx_word' id='word_1_380' title='bbox 587 2574 629 2610; x_wconf 82' lang='lat' dir='ltr'><strong>Si</strong></span> <span class='ocrx_word' id='word_1_381' title='bbox 642 2573 789 2622; x_wconf 87' lang='lat' dir='ltr'><strong>quidem</strong></span> <span class='ocrx_word' id='word_1_382' title='bbox 810 2573 909 2610; x_wconf 89' lang='lat' dir='ltr'><strong>enim</strong></span> <span class='ocrx_word' id='word_1_383' title='bbox 929 2584 1030 2609; x_wconf 87' lang='lat' dir='ltr'><strong>nunc</strong></span> <span class='ocrx_word' id='word_1_384' title='bbox 1049 2574 1067 2591; x_wconf 76' lang='lat'><strong>⁴*</strong></span> <span class='ocrx_word' id='word_1_385' title='bbox 1089 2579 1172 2617; x_wconf 90' lang='lat' dir='ltr'><strong>etc.;</strong></span> <span class='ocrx_word' id='word_1_386' title='bbox 1193 2570 1302 2608; x_wconf 90' lang='lat' dir='ltr'><strong>tertio</strong></span> <span class='ocrx_word' id='word_1_387' title='bbox 1323 2570 1372 2608; x_wconf 92' lang='lat' dir='ltr'><strong>ad</strong></span> <span class='ocrx_word' id='word_1_388' title='bbox 1391 2571 1559 2617; x_wconf 87' lang='lat' dir='ltr'><strong>alteram,</strong></span> 
     </span>
     <span class='ocr_line' id='line_1_64' title="bbox 493 2623 1559 2674; baseline -0.004 -11"><span class='ocrx_word' id='word_1_389' title='bbox 493 2626 560 2663; x_wconf 89' lang='lat' dir='ltr'><strong>ibi:</strong></span> <span class='ocrx_word' id='word_1_390' title='bbox 590 2627 643 2663; x_wconf 90' lang='lat' dir='ltr'><strong>At</strong></span> <span class='ocrx_word' id='word_1_391' title='bbox 666 2638 757 2663; x_wconf 80' lang='lat' dir='ltr'><strong>vero</strong></span> <span class='ocrx_word' id='word_1_392' title='bbox 786 2637 906 2674; x_wconf 80' lang='lat' dir='ltr'><strong>neque</strong></span> <span class='ocrx_word' id='word_1_393' title='bbox 933 2637 1032 2662; x_wconf 86' lang='lat' dir='ltr'><strong>nunc</strong></span> <span class='ocrx_word' id='word_1_394' title='bbox 1055 2626 1075 2646; x_wconf 70' lang='lat'><strong>’¹‘</strong></span> <span class='ocrx_word' id='word_1_395' title='bbox 1095 2632 1163 2661; x_wconf 91' lang='lat' dir='ltr'><strong>etc.</strong></span> <span class='ocrx_word' id='word_1_396' title='bbox 1193 2624 1294 2661; x_wconf 88' lang='lat' dir='ltr'><strong>Dicit</strong></span> <span class='ocrx_word' id='word_1_397' title='bbox 1322 2636 1411 2671; x_wconf 88' lang='lat' dir='ltr'><strong>ergo</strong></span> <span class='ocrx_word' id='word_1_398' title='bbox 1434 2623 1559 2671; x_wconf 91' lang='lat' dir='ltr'><strong>primo</strong></span> 
     </span>
     <span class='ocr_line' id='line_1_65' title="bbox 494 2675 1560 2728; baseline -0.004 -12"><span class='ocrx_word' id='word_1_399' title='bbox 494 2679 602 2728; x_wconf 91' lang='lat' dir='ltr'><strong>quod·</strong></span> <span class='ocrx_word' id='word_1_400' title='bbox 618 2691 697 2716; x_wconf 93' lang='lat' dir='ltr'><strong>non</strong></span> <span class='ocrx_word' id='word_1_401' title='bbox 717 2686 773 2716; x_wconf 86' lang='lat' dir='ltr'><strong>est</strong></span> <span class='ocrx_word' id='word_1_402' title='bbox 795 2679 903 2715; x_wconf 89' lang='lat' dir='ltr'><strong>facile</strong></span> <span class='ocrx_word' id='word_1_403' title='bbox 932 2678 1026 2714; x_wconf 90' lang='lat' dir='ltr'><strong>scire</strong></span> <span class='ocrx_word' id='word_1_404' title='bbox 1042 2706 1051 2724; x_wconf 93' lang='lat'><strong>,</strong></span> <span class='ocrx_word' id='word_1_405' title='bbox 1079 2684 1208 2714; x_wconf 89' lang='lat' dir='ltr'><strong>utrum</strong></span> <span class='ocrx_word' id='word_1_406' title='bbox 1238 2689 1350 2723; x_wconf 90' lang='lat' dir='ltr'><strong>nune,</strong></span> <span class='ocrx_word' id='word_1_407' title='bbox 1381 2676 1487 2725; x_wconf 92' lang='lat' dir='ltr'><strong>quod</strong></span> <span class='ocrx_word' id='word_1_408' title='bbox 1504 2675 1560 2712; x_wconf 89' lang='lat' dir='ltr'><strong>vi-</strong></span> 
     </span>
     <span class='ocr_line' id='line_1_66' title="bbox 495 2729 1558 2779; baseline -0.005 -10"><span class='ocrx_word' id='word_1_409' title='bbox 495 2733 604 2769; x_wconf 83' lang='lat' dir='ltr'><strong>detur</strong></span> <span class='ocrx_word' id='word_1_410' title='bbox 633 2732 860 2779; x_wconf 87' lang='lat' dir='ltr'><strong>distinguere</strong></span> <span class='ocrx_word' id='word_1_411' title='bbox 895 2731 990 2768; x_wconf 88' lang='lat' dir='ltr'><strong>inter</strong></span> <span class='ocrx_word' id='word_1_412' title='bbox 1026 2729 1272 2779; x_wconf 86' lang='lat' dir='ltr'><strong>praeteritum</strong></span> <span class='ocrx_word' id='word_1_413' title='bbox 1302 2735 1338 2765; x_wconf 91' lang='lat' dir='ltr'><strong>et</strong></span> <span class='ocrx_word' id='word_1_414' title='bbox 1365 2729 1558 2775; x_wconf 83' lang='lat' dir='ltr'><strong>futurum,</strong></span> 
     </span>
     <span class='ocr_line' id='line_1_67' title="bbox 494 2781 1561 2834; baseline -0.004 -12"><span class='ocrx_word' id='word_1_415' title='bbox 494 2797 647 2834; x_wconf 88' lang='lat' dir='ltr'><strong>semper</strong></span> <span class='ocrx_word' id='word_1_416' title='bbox 666 2792 819 2822; x_wconf 89' lang='lat' dir='ltr'><strong>maneat</strong></span> <span class='ocrx_word' id='word_1_417' title='bbox 837 2784 939 2821; x_wconf 90' lang='lat' dir='ltr'><strong>idem</strong></span> <span class='ocrx_word' id='word_1_418' title='bbox 960 2783 998 2820; x_wconf 94' lang='lat' dir='ltr'><strong>in</strong></span> <span class='ocrx_word' id='word_1_419' title='bbox 1017 2790 1096 2820; x_wconf 91' lang='lat' dir='ltr'><strong>toto</strong></span> <span class='ocrx_word' id='word_1_420' title='bbox 1116 2789 1301 2831; x_wconf 89' lang='lat' dir='ltr'><strong>tempore,</strong></span> <span class='ocrx_word' id='word_1_421' title='bbox 1323 2794 1372 2818; x_wconf 89' lang='lat' dir='ltr'><strong>an</strong></span> <span class='ocrx_word' id='word_1_422' title='bbox 1391 2781 1436 2818; x_wconf 90' lang='lat' dir='ltr'><strong>sit</strong></span> <span class='ocrx_word' id='word_1_423' title='bbox 1459 2781 1561 2818; x_wconf 90' lang='lat' dir='ltr'><strong>aliud</strong></span> 
     </span>
     <span class='ocr_line' id='line_1_68' title="bbox 495 2838 661 2875; baseline 0.006 -1"><span class='ocrx_word' id='word_1_424' title='bbox 495 2845 530 2874; x_wconf 91' lang='lat' dir='ltr'><strong>et</strong></span> <span class='ocrx_word' id='word_1_425' title='bbox 549 2838 661 2875; x_wconf 89' lang='lat' dir='ltr'><strong>aliud.</strong></span> 
     </span>
    </p>
   </div>
   <div class='ocr_carea' id='block_1_15' title="bbox 489 3002 1559 3250">
    <p class='ocr_par' dir='ltr' id='par_1_18' title="bbox 489 3002 1558 3072">
     <span class='ocr_line' id='line_1_69' title="bbox 548 3002 1558 3037; baseline -0.004 -7"><span class='ocrx_word' id='word_1_426' title='bbox 548 3006 575 3037; x_wconf 83' lang='grc' dir='ltr'><strong>α)</strong></span> <span class='ocrx_word' id='word_1_427' title='bbox 595 3012 676 3030; x_wconf 85' lang='lat' dir='ltr'><strong>unum</strong></span> <span class='ocrx_word' id='word_1_428' title='bbox 695 3011 765 3029; x_wconf 84' lang='lat' dir='ltr'><strong>nunc</strong></span> <span class='ocrx_word' id='word_1_429' title='bbox 784 3004 809 3029; x_wconf 83' lang='lat' dir='ltr'><strong>in</strong></span> <span class='ocrx_word' id='word_1_430' title='bbox 830 3007 885 3029; x_wconf 78' lang='lat' dir='ltr'><strong>toto</strong></span> <span class='ocrx_word' id='word_1_431' title='bbox 905 3006 1023 3035; x_wconf 82' lang='lat' dir='ltr'><strong>tempore</strong></span> <span class='ocrx_word' id='word_1_432' title='bbox 1042 3003 1082 3028; x_wconf 86' lang='lat' dir='ltr'><strong>vel</strong></span> <span class='ocrx_word' id='word_1_433' title='bbox 1095 3003 1188 3035; x_wconf 81' lang='lat' dir='ltr'><strong>plura.</strong></span> <span class='ocrx_word' id='word_1_434' title='bbox 1201 3017 1221 3022; x_wconf 93' lang='lat'>-</span> <span class='ocrx_word' id='word_1_435' title='bbox 1235 3002 1303 3031; x_wconf 60' lang='lat' dir='ltr'><strong>Palm</strong></span> <span class='ocrx_word' id='word_1_436' title='bbox 1322 3009 1402 3027; x_wconf 84' lang='lat' dir='ltr'><strong>unum</strong></span> <span class='ocrx_word' id='word_1_437' title='bbox 1429 3009 1498 3027; x_wconf 85' lang='lat' dir='ltr'><strong>nunc</strong></span> <span class='ocrx_word' id='word_1_438' title='bbox 1517 3002 1558 3026; x_wconf 81' lang='lat' dir='ltr'><strong>vel</strong></span> 
     </span>
     <span class='ocr_line' id='line_1_70' title="bbox 489 3039 1081 3072; baseline -0.003 -7"><span class='ocrx_word' id='word_1_439' title='bbox 489 3041 573 3072; x_wconf 78' lang='lat' dir='ltr'><strong>pIura</strong></span> <span class='ocrx_word' id='word_1_440' title='bbox 591 3041 622 3069; x_wconf 81' lang='lat' dir='ltr'><strong>E,</strong></span> <span class='ocrx_word' id='word_1_441' title='bbox 641 3047 721 3065; x_wconf 82' lang='lat' dir='ltr'><strong>unum</strong></span> <span class='ocrx_word' id='word_1_442' title='bbox 741 3040 782 3064; x_wconf 81' lang='lat' dir='ltr'><strong>vel</strong></span> <span class='ocrx_word' id='word_1_443' title='bbox 796 3039 879 3071; x_wconf 83' lang='lat' dir='ltr'><strong>plura</strong></span> <span class='ocrx_word' id='word_1_444' title='bbox 897 3044 945 3064; x_wconf 86' lang='lat' dir='ltr'><strong>cet.</strong></span> <span class='ocrx_word' id='word_1_445' title='bbox 963 3039 1002 3064; x_wconf 87' lang='lat' dir='ltr'><strong>Cf.</strong></span> <span class='ocrx_word' id='word_1_446' title='bbox 1015 3047 1041 3063; x_wconf 91' lang='lat' dir='ltr'><strong>n.</strong></span> <span class='ocrx_word' id='word_1_447' title='bbox 1055 3046 1081 3070; x_wconf 87' lang='lat'><strong>4.</strong></span> 
     </span>
    </p>

    <p class='ocr_par' dir='ltr' id='par_1_19' title="bbox 489 3072 1558 3214">
     <span class='ocr_line' id='line_1_71' title="bbox 548 3072 1558 3108; baseline -0.003 -8"><span class='ocrx_word' id='word_1_448' title='bbox 548 3074 573 3108; x_wconf 82' lang='grc' dir='ltr'><strong>β)</strong></span> <span class='ocrx_word' id='word_1_449' title='bbox 593 3082 695 3101; x_wconf 76' lang='lat' dir='ltr'><strong>necesse</strong></span> <span class='ocrx_word' id='word_1_450' title='bbox 714 3078 753 3100; x_wconf 74' lang='lat' dir='ltr'><strong>est</strong></span> <span class='ocrx_word' id='word_1_451' title='bbox 771 3082 832 3104; x_wconf 82' lang='lat' dir='ltr'><strong>esse,</strong></span> <span class='ocrx_word' id='word_1_452' title='bbox 854 3075 916 3099; x_wconf 84' lang='lat' dir='ltr'><strong>dum</strong></span> <span class='ocrx_word' id='word_1_453' title='bbox 935 3077 986 3103; x_wconf 82' lang='lat' dir='ltr'><strong>est,</strong></span> <span class='ocrx_word' id='word_1_454' title='bbox 1006 3074 1123 3106; x_wconf 83' lang='lat' dir='ltr'><strong>aliquam</strong></span> <span class='ocrx_word' id='word_1_455' title='bbox 1138 3076 1243 3106; x_wconf 80' lang='lat' dir='ltr'><strong>partem</strong></span> <span class='ocrx_word' id='word_1_456' title='bbox 1264 3073 1328 3102; x_wconf 85' lang='lat' dir='ltr'><strong>eius,</strong></span> <span class='ocrx_word' id='word_1_457' title='bbox 1348 3075 1395 3098; x_wconf 81' lang='lat' dir='ltr'><strong>aut</strong></span> <span class='ocrx_word' id='word_1_458' title='bbox 1413 3072 1526 3105; x_wconf 79' lang='lat' dir='ltr'><strong>aliquas.</strong></span> <span class='ocrx_word' id='word_1_459' title='bbox 1539 3085 1558 3091; x_wconf 90' lang='lat'>-</span> 
     </span>
     <span class='ocr_line' id='line_1_72' title="bbox 494 3107 1558 3142; baseline -0.004 -6"><span class='ocrx_word' id='word_1_460' title='bbox 494 3117 597 3136; x_wconf 81' lang='lat' dir='ltr'><strong>necesse</strong></span> <span class='ocrx_word' id='word_1_461' title='bbox 615 3114 661 3141; x_wconf 82' lang='lat' dir='ltr'><strong>est,</strong></span> <span class='ocrx_word' id='word_1_462' title='bbox 677 3110 740 3135; x_wconf 80' lang='lat' dir='ltr'><strong>dum</strong></span> <span class='ocrx_word' id='word_1_463' title='bbox 753 3113 800 3138; x_wconf 83' lang='lat' dir='ltr'><strong>est,</strong></span> <span class='ocrx_word' id='word_1_464' title='bbox 815 3110 931 3142; x_wconf 84' lang='lat' dir='ltr'><strong>aliquam</strong></span> <span class='ocrx_word' id='word_1_465' title='bbox 946 3113 1054 3141; x_wconf 81' lang='lat' dir='ltr'><strong>partem</strong></span> <span class='ocrx_word' id='word_1_466' title='bbox 1073 3116 1128 3134; x_wconf 83' lang='lat' dir='ltr'><strong>esse</strong></span> <span class='ocrx_word' id='word_1_467' title='bbox 1153 3109 1194 3133; x_wconf 81' lang='lat' dir='ltr'><strong>vel</strong></span> <span class='ocrx_word' id='word_1_468' title='bbox 1213 3109 1317 3141; x_wconf 78' lang='lat' dir='ltr'><strong>aquuas</strong></span> <span class='ocrx_word' id='word_1_469' title='bbox 1336 3108 1369 3138; x_wconf 79' lang='lat' dir='ltr'><strong>P;</strong></span> <span class='ocrx_word' id='word_1_470' title='bbox 1389 3107 1466 3132; x_wconf 77' lang='lat' dir='ltr'><strong>etiam</strong></span> <span class='ocrx_word' id='word_1_471' title='bbox 1481 3107 1558 3132; x_wconf 73' lang='lat' dir='ltr'><strong>EFab</strong></span> 
     </span>
     <span class='ocr_line' id='line_1_73' title="bbox 494 3143 1558 3177; baseline -0.003 -6"><span class='ocrx_word' id='word_1_472' title='bbox 494 3154 548 3171; x_wconf 89' lang='lat' dir='ltr'><strong>om.</strong></span> <span class='ocrx_word' id='word_1_473' title='bbox 566 3146 621 3171; x_wconf 79' lang='lat' dir='ltr'><strong>eius</strong></span> <span class='ocrx_word' id='word_1_474' title='bbox 641 3151 666 3170; x_wconf 89' lang='lat' dir='ltr'><strong>et</strong></span> <span class='ocrx_word' id='word_1_475' title='bbox 678 3145 737 3170; x_wconf 83' lang='lat' dir='ltr'><strong>hab.</strong></span> <span class='ocrx_word' id='word_1_476' title='bbox 753 3146 801 3170; x_wconf 82' lang='lat' dir='ltr'><strong>vel.</strong></span> <span class='ocrx_word' id='word_1_477' title='bbox 816 3158 835 3163; x_wconf 89' lang='lat'>-</span> <span class='ocrx_word' id='word_1_478' title='bbox 850 3145 900 3170; x_wconf 87' lang='lat' dir='ltr'><strong>Pro</strong></span> <span class='ocrx_word' id='word_1_479' title='bbox 909 3147 1003 3177; x_wconf 77' lang='lat' dir='ltr'><strong>partes</strong></span> <span class='ocrx_word' id='word_1_480' title='bbox 1022 3144 1148 3176; x_wconf 79' lang='lat' dir='ltr'><strong>temporis</strong></span> <span class='ocrx_word' id='word_1_481' title='bbox 1162 3147 1224 3169; x_wconf 80' lang='lat' dir='ltr'><strong>sunt</strong></span> <span class='ocrx_word' id='word_1_482' title='bbox 1243 3144 1296 3168; x_wconf 78' lang='lat' dir='ltr'><strong>iam</strong></span> <span class='ocrx_word' id='word_1_483' title='bbox 1306 3143 1479 3176; x_wconf 81' lang='lat' dir='ltr'><strong>praeteritae,</strong></span> <span class='ocrx_word' id='word_1_484' title='bbox 1494 3146 1558 3168; x_wconf 82' lang='lat' dir='ltr'><strong>tem-</strong></span> 
     </span>
     <span class='ocr_line' id='line_1_74' title="bbox 489 3180 1016 3214; baseline -0.002 -8"><span class='ocrx_word' id='word_1_485' title='bbox 489 3181 567 3213; x_wconf 80' lang='lat' dir='ltr'><strong>poris</strong></span> <span class='ocrx_word' id='word_1_486' title='bbox 582 3185 676 3214; x_wconf 84' lang='lat' dir='ltr'><strong>partes</strong></span> <span class='ocrx_word' id='word_1_487' title='bbox 694 3184 756 3206; x_wconf 85' lang='lat' dir='ltr'><strong>sunt</strong></span> <span class='ocrx_word' id='word_1_488' title='bbox 770 3181 935 3212; x_wconf 79' lang='lat' dir='ltr'><strong>praeteritae</strong></span> <span class='ocrx_word' id='word_1_489' title='bbox 954 3180 1016 3205; x_wconf 83' lang='lat' dir='ltr'><strong>Pab.</strong></span> 
     </span>
    </p>

    <p class='ocr_par' dir='ltr' id='par_1_20' title="bbox 547 3213 1559 3250">
     <span class='ocr_line' id='line_1_75' title="bbox 547 3213 1559 3250; baseline -0.004 -8"><span class='ocrx_word' id='word_1_490' title='bbox 547 3215 574 3250; x_wconf 85' lang='grc' dir='ltr'><strong>γ)</strong></span> <span class='ocrx_word' id='word_1_491' title='bbox 595 3219 620 3242; x_wconf 82' lang='lat' dir='ltr'><strong>et</strong></span> <span class='ocrx_word' id='word_1_492' title='bbox 639 3217 734 3241; x_wconf 81' lang='lat' dir='ltr'><strong>mensis</strong></span> <span class='ocrx_word' id='word_1_493' title='bbox 753 3216 831 3241; x_wconf 77' lang='lat' dir='ltr'><strong>diem.</strong></span> <span class='ocrx_word' id='word_1_494' title='bbox 845 3230 864 3235; x_wconf 94' lang='lat'>-</span> <span class='ocrx_word' id='word_1_495' title='bbox 878 3219 904 3241; x_wconf 84' lang='lat' dir='ltr'><strong>et</strong></span> <span class='ocrx_word' id='word_1_496' title='bbox 922 3216 1044 3240; x_wconf 85' lang='lat' dir='ltr'><strong>omittunt</strong></span> <span class='ocrx_word' id='word_1_497' title='bbox 1064 3215 1116 3240; x_wconf 82' lang='lat' dir='ltr'><strong>Pab</strong></span> <span class='ocrx_word' id='word_1_498' title='bbox 1136 3219 1161 3240; x_wconf 84' lang='lat' dir='ltr'><strong>et</strong></span> <span class='ocrx_word' id='word_1_499' title='bbox 1180 3215 1261 3247; x_wconf 79' lang='lat' dir='ltr'><strong>prima</strong></span> <span class='ocrx_word' id='word_1_500' title='bbox 1281 3222 1360 3239; x_wconf 83' lang='lat' dir='ltr'><strong>manu</strong></span> <span class='ocrx_word' id='word_1_501' title='bbox 1375 3214 1405 3239; x_wconf 81' lang='lat' dir='ltr'><strong>E.</strong></span> <span class='ocrx_word' id='word_1_502' title='bbox 1421 3214 1483 3239; x_wconf 79' lang='lat' dir='ltr'><strong>Item</strong></span> <span class='ocrx_word' id='word_1_503' title='bbox 1499 3213 1559 3238; x_wconf 87' lang='lat' dir='ltr'><strong>editi</strong></span> 
     </span>
    </p>
   </div>
   <div class='ocr_carea' id='block_1_16' title="bbox 1127 271 2057 310">
    <p class='ocr_par' dir='ltr' id='par_1_21' title="bbox 1127 271 2057 310">
     <span class='ocr_line' id='line_1_76' title="bbox 1127 271 2057 310; baseline 0.002 -2"><span class='ocrx_word' id='word_1_504' title='bbox 1127 271 1474 309; x_wconf 90' lang='lat' dir='ltr'><strong>PHYSICORUM</strong></span> <span class='ocrx_word' id='word_1_505' title='bbox 1501 272 1850 309; x_wconf 89' lang='lat' dir='ltr'><strong>ARISTOTELIS</strong></span> <span class='ocrx_word' id='word_1_506' title='bbox 1880 273 1974 310; x_wconf 90' lang='lat' dir='ltr'><strong>LIB.</strong></span> <span class='ocrx_word' id='word_1_507' title='bbox 2005 273 2057 310; x_wconf 92' lang='lat' dir='ltr'><strong>IV</strong></span> 
     </span>
    </p>
   </div>
   <div class='ocr_carea' id='block_1_17' title="bbox 1616 351 2678 456">
    <p class='ocr_par' dir='ltr' id='par_1_22' title="bbox 1616 351 2678 456">
     <span class='ocr_line' id='line_1_77' title="bbox 1672 351 2677 402; baseline 0.005 -14"><span class='ocrx_word' id='word_1_508' title='bbox 1672 352 1704 388; x_wconf 88' lang='lat'><strong>5.</strong></span> <span class='ocrx_word' id='word_1_509' title='bbox 1721 351 1870 389; x_wconf 89' lang='lat' dir='ltr'><strong>Deinde</strong></span> <span class='ocrx_word' id='word_1_510' title='bbox 1892 364 1980 388; x_wconf 91' lang='lat' dir='ltr'><strong>cum</strong></span> <span class='ocrx_word' id='word_1_511' title='bbox 2001 351 2109 388; x_wconf 88' lang='lat' dir='ltr'><strong>dicit:</strong></span> <span class='ocrx_word' id='word_1_512' title='bbox 2134 352 2177 388; x_wconf 90' lang='lat' dir='ltr'><strong>Si</strong></span> <span class='ocrx_word' id='word_1_513' title='bbox 2189 353 2336 401; x_wconf 87' lang='lat' dir='ltr'><strong>quidem</strong></span> <span class='ocrx_word' id='word_1_514' title='bbox 2356 355 2454 392; x_wconf 87' lang='lat' dir='ltr'><strong>enim</strong></span> <span class='ocrx_word' id='word_1_515' title='bbox 2475 367 2575 392; x_wconf 90' lang='lat' dir='ltr'><strong>nunc</strong></span> <span class='ocrx_word' id='word_1_516' title='bbox 2595 363 2677 402; x_wconf 91' lang='lat' dir='ltr'><strong>etc.‚</strong></span> 
     </span>
     <span class='ocr_line' id='line_1_78' title="bbox 1616 404 2678 456; baseline 0.006 -16"><span class='ocrx_word' id='word_1_517' title='bbox 1616 404 1778 442; x_wconf 90' lang='lat' dir='ltr'><strong>ostendit</strong></span> <span class='ocrx_word' id='word_1_518' title='bbox 1806 404 1911 453; x_wconf 93' lang='lat' dir='ltr'><strong>quod</strong></span> <span class='ocrx_word' id='word_1_519' title='bbox 1945 417 2023 441; x_wconf 91' lang='lat' dir='ltr'><strong>non</strong></span> <span class='ocrx_word' id='word_1_520' title='bbox 2056 404 2101 441; x_wconf 90' lang='lat' dir='ltr'><strong>sit</strong></span> <span class='ocrx_word' id='word_1_521' title='bbox 2133 404 2233 443; x_wconf 91' lang='lat' dir='ltr'><strong>aliud</strong></span> <span class='ocrx_word' id='word_1_522' title='bbox 2268 414 2304 443; x_wconf 92' lang='lat' dir='ltr'><strong>et</strong></span> <span class='ocrx_word' id='word_1_523' title='bbox 2332 407 2433 445; x_wconf 85' lang='lat' dir='ltr'><strong>aliud</strong></span> <span class='ocrx_word' id='word_1_524' title='bbox 2460 420 2582 456; x_wconf 93' lang='lat' dir='ltr'><strong>nunc,</strong></span> <span class='ocrx_word' id='word_1_525' title='bbox 2616 408 2678 446; x_wconf 85' lang='lat' dir='ltr'><strong>tali</strong></span> 
     </span>
    </p>
   </div>
   <div class='ocr_carea' id='block_1_18' title="bbox 1615 456 2766 510">
    <p class='ocr_par' dir='ltr' id='par_1_23' title="bbox 1615 456 2766 510">
     <span class='ocr_line' id='line_1_79' title="bbox 1615 456 2766 510; baseline 0.005 -17"><span class='ocrx_word' id='word_1_526' title='bbox 1615 456 1772 494; x_wconf 91' lang='lat' dir='ltr'><strong>ratione.</strong></span> <span class='ocrx_word' id='word_1_527' title='bbox 1792 459 1902 494; x_wconf 87' lang='lat' dir='ltr'><strong>Duae</strong></span> <span class='ocrx_word' id='word_1_528' title='bbox 1917 465 2042 506; x_wconf 90' lang='lat' dir='ltr'><strong>partes</strong></span> <span class='ocrx_word' id='word_1_529' title='bbox 2056 458 2240 506; x_wconf 90' lang='lat' dir='ltr'><strong>temporis</strong></span> <span class='ocrx_word' id='word_1_530' title='bbox 2260 471 2357 508; x_wconf 89' lang='lat' dir='ltr'><strong>quae</strong></span> <span class='ocrx_word' id='word_1_531' title='bbox 2377 468 2464 497; x_wconf 90' lang='lat' dir='ltr'><strong>sunt</strong></span> <span class='ocrx_word' id='word_1_532' title='bbox 2482 461 2576 498; x_wconf 88' lang='lat' dir='ltr'><strong>aliae</strong></span> <span class='ocrx_word' id='word_1_533' title='bbox 2596 462 2644 498; x_wconf 90' lang='lat' dir='ltr'><strong>ab</strong></span> <span class='ocrx_word' id='word_1_534' title='bbox 2658 462 2679 482; x_wconf 82' lang='grc'>*</span> <span class='ocrx_word' id='word_1_535' title='bbox 2705 462 2716 473; x_wconf 81' lang='lat'>’</span> <span class='ocrx_word' id='word_1_536' title='bbox 2736 488 2766 510; x_wconf 52' lang='grc' dir='ltr'><strong><em>Μ</em></strong></span> 
     </span>
    </p>
   </div>
   <div class='ocr_carea' id='block_1_19' title="bbox 1615 509 2679 824">
    <p class='ocr_par' dir='ltr' id='par_1_24' title="bbox 1615 509 2679 824">
     <span class='ocr_line' id='line_1_80' title="bbox 1615 509 2677 560; baseline 0.005 -14"><span class='ocrx_word' id='word_1_537' title='bbox 1615 509 1792 557; x_wconf 83' lang='lat' dir='ltr'><strong>invicem,</strong></span> <span class='ocrx_word' id='word_1_538' title='bbox 1822 522 1901 547; x_wconf 91' lang='lat' dir='ltr'><strong>non</strong></span> <span class='ocrx_word' id='word_1_539' title='bbox 1928 517 2089 559; x_wconf 89' lang='lat' dir='ltr'><strong>possunt</strong></span> <span class='ocrx_word' id='word_1_540' title='bbox 2112 510 2223 547; x_wconf 89' lang='lat' dir='ltr'><strong>simul</strong></span> <span class='ocrx_word' id='word_1_541' title='bbox 2245 524 2340 560; x_wconf 90' lang='lat' dir='ltr'><strong>esse,</strong></span> <span class='ocrx_word' id='word_1_542' title='bbox 2360 512 2430 549; x_wconf 90' lang='lat' dir='ltr'><strong>nisi</strong></span> <span class='ocrx_word' id='word_1_543' title='bbox 2456 525 2533 550; x_wconf 91' lang='lat' dir='ltr'><strong>una</strong></span> <span class='ocrx_word' id='word_1_544' title='bbox 2562 513 2677 551; x_wconf 89' lang='lat' dir='ltr'><strong>conti-</strong></span> 
     </span>
     <span class='ocr_line' id='line_1_81' title="bbox 1615 562 2677 615; baseline 0.004 -16"><span class='ocrx_word' id='word_1_545' title='bbox 1615 569 1704 599; x_wconf 91' lang='lat' dir='ltr'><strong>neat</strong></span> <span class='ocrx_word' id='word_1_546' title='bbox 1722 563 1846 610; x_wconf 89' lang='lat' dir='ltr'><strong>aliam,</strong></span> <span class='ocrx_word' id='word_1_547' title='bbox 1867 562 1964 600; x_wconf 87' lang='lat' dir='ltr'><strong>sicut</strong></span> <span class='ocrx_word' id='word_1_548' title='bbox 1982 563 2107 600; x_wconf 87' lang='lat' dir='ltr'><strong>maius</strong></span> <span class='ocrx_word' id='word_1_549' title='bbox 2126 570 2278 613; x_wconf 89' lang='lat' dir='ltr'><strong>tempus</strong></span> <span class='ocrx_word' id='word_1_550' title='bbox 2298 565 2463 602; x_wconf 89' lang='lat' dir='ltr'><strong>continet</strong></span> <span class='ocrx_word' id='word_1_551' title='bbox 2481 566 2620 615; x_wconf 88' lang='lat' dir='ltr'><strong>minus,</strong></span> <span class='ocrx_word' id='word_1_552' title='bbox 2635 574 2677 603; x_wconf 94' lang='lat' dir='ltr'><strong>ut</strong></span> 
     </span>
     <span class='ocr_line' id='line_1_82' title="bbox 1616 616 2679 664; baseline 0.004 -12"><span class='ocrx_word' id='word_1_553' title='bbox 1616 627 1738 652; x_wconf 90' lang='lat' dir='ltr'><strong>annus</strong></span> <span class='ocrx_word' id='word_1_554' title='bbox 1758 627 1944 663; x_wconf 88' lang='lat' dir='ltr'><strong>mensem,</strong></span> <span class='ocrx_word' id='word_1_555' title='bbox 1966 624 2002 653; x_wconf 90' lang='lat' dir='ltr'><strong>et</strong></span> <span class='ocrx_word' id='word_1_556' title='bbox 2020 616 2162 653; x_wconf 85' lang='lat' dir='ltr'><strong>mensis</strong></span> <span class='ocrx_word' id='word_1_557' title='bbox 2187 617 2289 654; x_wconf 91' lang='lat' dir='ltr'><strong>diem</strong></span> <span class='ocrx_word' id='word_1_558' title='bbox 2309 622 2323 644; x_wconf 81' lang='lat'>⁷</span> <span class='ocrx_word' id='word_1_559' title='bbox 2344 618 2476 664; x_wconf 89' lang='lat' dir='ltr'><strong>(simul</strong></span> <span class='ocrx_word' id='word_1_560' title='bbox 2496 618 2599 656; x_wconf 88' lang='lat' dir='ltr'><strong>enirn</strong></span> <span class='ocrx_word' id='word_1_561' title='bbox 2624 627 2679 656; x_wconf 92' lang='lat' dir='ltr'><strong>est</strong></span> 
     </span>
     <span class='ocr_line' id='line_1_83' title="bbox 1617 667 2678 717; baseline 0.005 -13"><span class='ocrx_word' id='word_1_562' title='bbox 1617 674 1654 704; x_wconf 90' lang='lat' dir='ltr'><strong>et</strong></span> <span class='ocrx_word' id='word_1_563' title='bbox 1672 667 1752 705; x_wconf 89' lang='lat' dir='ltr'><strong>dies</strong></span> <span class='ocrx_word' id='word_1_564' title='bbox 1772 677 1808 705; x_wconf 89' lang='lat' dir='ltr'><strong>et</strong></span> <span class='ocrx_word' id='word_1_565' title='bbox 1831 668 1984 716; x_wconf 90' lang='lat' dir='ltr'><strong>mensis,</strong></span> <span class='ocrx_word' id='word_1_566' title='bbox 2006 676 2042 706; x_wconf 89' lang='lat' dir='ltr'><strong>et</strong></span> <span class='ocrx_word' id='word_1_567' title='bbox 2061 670 2203 706; x_wconf 85' lang='lat' dir='ltr'><strong>mensis</strong></span> <span class='ocrx_word' id='word_1_568' title='bbox 2223 677 2260 707; x_wconf 92' lang='lat' dir='ltr'><strong>et</strong></span> <span class='ocrx_word' id='word_1_569' title='bbox 2278 673 2431 717; x_wconf 89' lang='lat' dir='ltr'><strong>annus).</strong></span> <span class='ocrx_word' id='word_1_570' title='bbox 2461 671 2540 708; x_wconf 91' lang='lat' dir='ltr'><strong>Sed</strong></span> <span class='ocrx_word' id='word_1_571' title='bbox 2556 671 2678 709; x_wconf 87' lang='lat' dir='ltr'><strong>unum</strong></span> 
     </span>
     <span class='ocr_line' id='line_1_84' title="bbox 1616 721 2678 769; baseline 0.004 -12"><span class='ocrx_word' id='word_1_572' title='bbox 1616 733 1730 768; x_wconf 90' lang='lat' dir='ltr'><strong>nunc,</strong></span> <span class='ocrx_word' id='word_1_573' title='bbox 1747 733 1836 758; x_wconf 88' lang='lat' dir='ltr'><strong>cum</strong></span> <span class='ocrx_word' id='word_1_574' title='bbox 1855 721 1901 758; x_wconf 91' lang='lat' dir='ltr'><strong>sit</strong></span> <span class='ocrx_word' id='word_1_575' title='bbox 1918 721 2157 769; x_wconf 90' lang='lat' dir='ltr'><strong>indivisibile,</strong></span> <span class='ocrx_word' id='word_1_576' title='bbox 2174 735 2253 760; x_wconf 91' lang='lat' dir='ltr'><strong>non</strong></span> <span class='ocrx_word' id='word_1_577' title='bbox 2269 723 2435 760; x_wconf 90' lang='lat' dir='ltr'><strong>continet</strong></span> <span class='ocrx_word' id='word_1_578' title='bbox 2449 724 2626 761; x_wconf 87' lang='lat' dir='ltr'><strong>alterum:</strong></span> <span class='ocrx_word' id='word_1_579' title='bbox 2647 723 2678 761; x_wconf 91' lang='lat' dir='ltr'><strong>si</strong></span> 
     </span>
     <span class='ocr_line' id='line_1_85' title="bbox 1618 774 2679 824; baseline 0.005 -15"><span class='ocrx_word' id='word_1_580' title='bbox 1618 785 1708 821; x_wconf 90' lang='lat' dir='ltr'><strong>ergo</strong></span> <span class='ocrx_word' id='word_1_581' title='bbox 1723 781 1779 810; x_wconf 90' lang='lat' dir='ltr'><strong>est</strong></span> <span class='ocrx_word' id='word_1_582' title='bbox 1793 774 1963 823; x_wconf 89' lang='lat' dir='ltr'><strong>accipere</strong></span> <span class='ocrx_word' id='word_1_583' title='bbox 1983 775 2022 812; x_wconf 91' lang='lat' dir='ltr'><strong>in</strong></span> <span class='ocrx_word' id='word_1_584' title='bbox 2036 782 2210 824; x_wconf 91' lang='lat' dir='ltr'><strong>tempore</strong></span> <span class='ocrx_word' id='word_1_585' title='bbox 2226 776 2303 813; x_wconf 89' lang='lat' dir='ltr'><strong>duo</strong></span> <span class='ocrx_word' id='word_1_586' title='bbox 2324 789 2438 823; x_wconf 91' lang='lat' dir='ltr'><strong>nunc,</strong></span> <span class='ocrx_word' id='word_1_587' title='bbox 2450 789 2607 814; x_wconf 90' lang='lat' dir='ltr'><strong>necesse</strong></span> <span class='ocrx_word' id='word_1_588' title='bbox 2622 784 2679 814; x_wconf 87' lang='lat' dir='ltr'><strong>est</strong></span> 
     </span>
    </p>
   </div>
   <div class='ocr_carea' id='block_1_20' title="bbox 1617 826 2762 877">
    <p class='ocr_par' dir='ltr' id='par_1_25' title="bbox 1617 826 2762 877">
     <span class='ocr_line' id='line_1_86' title="bbox 1617 826 2762 877; baseline 0.004 -15"><span class='ocrx_word' id='word_1_589' title='bbox 1617 826 1723 874; x_wconf 91' lang='lat' dir='ltr'><strong>quod</strong></span> <span class='ocrx_word' id='word_1_590' title='bbox 1742 826 1832 864; x_wconf 89' lang='lat' dir='ltr'><strong>illud</strong></span> <span class='ocrx_word' id='word_1_591' title='bbox 1851 839 1954 864; x_wconf 91' lang='lat' dir='ltr'><strong>nunc</strong></span> <span class='ocrx_word' id='word_1_592' title='bbox 1973 828 2076 877; x_wconf 91' lang='lat' dir='ltr'><strong>quod</strong></span> <span class='ocrx_word' id='word_1_593' title='bbox 2091 828 2195 877; x_wconf 90' lang='lat' dir='ltr'><strong>prius</strong></span> <span class='ocrx_word' id='word_1_594' title='bbox 2214 828 2282 866; x_wconf 88' lang='lat' dir='ltr'><strong>fuit</strong></span> <span class='ocrx_word' id='word_1_595' title='bbox 2301 837 2337 866; x_wconf 92' lang='lat' dir='ltr'><strong>et</strong></span> <span class='ocrx_word' id='word_1_596' title='bbox 2350 829 2470 866; x_wconf 90' lang='lat' dir='ltr'><strong>modo</strong></span> <span class='ocrx_word' id='word_1_597' title='bbox 2486 841 2566 867; x_wconf 88' lang='lat' dir='ltr'><strong>non</strong></span> <span class='ocrx_word' id='word_1_598' title='bbox 2582 836 2636 867; x_wconf 91' lang='lat' dir='ltr'><strong>est</strong></span> <span class='ocrx_word' id='word_1_599' title='bbox 2645 829 2677 877; x_wconf 69' lang='lat'><strong>⁴¹,</strong></span> <span class='ocrx_word' id='word_1_600' title='bbox 2705 831 2716 843; x_wconf 76' lang='lat'><strong><em>&#39;</em></strong></span> <span class='ocrx_word' id='word_1_601' title='bbox 2731 837 2762 859; x_wconf 53' lang='grc' dir='ltr'><strong>θ’(</strong></span> 
     </span>
    </p>
   </div>
   <div class='ocr_carea' id='block_1_21' title="bbox 1614 878 2731 2884">
    <p class='ocr_par' dir='ltr' id='par_1_26' title="bbox 1615 878 2719 1772">
     <span class='ocr_line' id='line_1_87' title="bbox 1618 878 2677 931; baseline 0.005 -16"><span class='ocrx_word' id='word_1_602' title='bbox 1618 878 1822 929; x_wconf 88' lang='lat' dir='ltr'><strong>aliquando</strong></span> <span class='ocrx_word' id='word_1_603' title='bbox 1861 888 2145 929; x_wconf 82' lang='lat' dir='ltr'><strong>corrumpatur,</strong></span> <span class='ocrx_word' id='word_1_604' title='bbox 2175 888 2212 917; x_wconf 90' lang='lat' dir='ltr'><strong>et</strong></span> <span class='ocrx_word' id='word_1_605' title='bbox 2238 882 2343 930; x_wconf 92' lang='lat' dir='ltr'><strong>quod</strong></span> <span class='ocrx_word' id='word_1_606' title='bbox 2371 894 2571 931; x_wconf 87' lang='lat' dir='ltr'><strong>nunquam</strong></span> <span class='ocrx_word' id='word_1_607' title='bbox 2600 882 2677 920; x_wconf 91' lang='lat' dir='ltr'><strong>duo</strong></span> 
     </span>
     <span class='ocr_line' id='line_1_88' title="bbox 1617 931 2678 984; baseline 0.004 -16"><span class='ocrx_word' id='word_1_608' title='bbox 1617 944 1720 969; x_wconf 90' lang='lat' dir='ltr'><strong>nunc</strong></span> <span class='ocrx_word' id='word_1_609' title='bbox 1738 931 1811 969; x_wconf 90' lang='lat' dir='ltr'><strong>sint</strong></span> <span class='ocrx_word' id='word_1_610' title='bbox 1828 932 1952 981; x_wconf 86' lang='lat' dir='ltr'><strong>simul.</strong></span> <span class='ocrx_word' id='word_1_611' title='bbox 1983 933 2110 971; x_wconf 90' lang='lat' dir='ltr'><strong>Omne</strong></span> <span class='ocrx_word' id='word_1_612' title='bbox 2135 940 2263 971; x_wconf 89' lang='lat' dir='ltr'><strong>autem</strong></span> <span class='ocrx_word' id='word_1_613' title='bbox 2284 942 2504 984; x_wconf 90' lang='lat' dir='ltr'><strong>corruptum</strong></span> <span class='ocrx_word' id='word_1_614' title='bbox 2523 947 2678 973; x_wconf 90' lang='lat' dir='ltr'><strong>necesse</strong></span> 
     </span>
     <span class='ocr_line' id='line_1_89' title="bbox 1618 984 2679 1037; baseline 0.004 -16"><span class='ocrx_word' id='word_1_615' title='bbox 1618 992 1674 1022; x_wconf 91' lang='lat' dir='ltr'><strong>est</strong></span> <span class='ocrx_word' id='word_1_616' title='bbox 1700 985 1739 1022; x_wconf 93' lang='lat' dir='ltr'><strong>in</strong></span> <span class='ocrx_word' id='word_1_617' title='bbox 1767 984 1893 1033; x_wconf 85' lang='lat' dir='ltr'><strong>aliquo</strong></span> <span class='ocrx_word' id='word_1_618' title='bbox 1917 998 2020 1023; x_wconf 90' lang='lat' dir='ltr'><strong>nunc</strong></span> <span class='ocrx_word' id='word_1_619' title='bbox 2048 986 2252 1035; x_wconf 88' lang='lat' dir='ltr'><strong>corrumpi.</strong></span> <span class='ocrx_word' id='word_1_620' title='bbox 2282 988 2375 1024; x_wconf 94' lang='lat' dir='ltr'><strong>Non</strong></span> <span class='ocrx_word' id='word_1_621' title='bbox 2403 995 2530 1025; x_wconf 89' lang='lat' dir='ltr'><strong>autem</strong></span> <span class='ocrx_word' id='word_1_622' title='bbox 2553 995 2679 1037; x_wconf 91' lang='lat' dir='ltr'><strong>potest</strong></span> 
     </span>
     <span class='ocr_line' id='line_1_90' title="bbox 1618 1037 2679 1089; baseline 0.004 -15"><span class='ocrx_word' id='word_1_623' title='bbox 1618 1037 1690 1074; x_wconf 89' lang='lat' dir='ltr'><strong>dici</strong></span> <span class='ocrx_word' id='word_1_624' title='bbox 1719 1037 1823 1087; x_wconf 94' lang='lat' dir='ltr'><strong>quod</strong></span> <span class='ocrx_word' id='word_1_625' title='bbox 1850 1038 1954 1087; x_wconf 88' lang='lat' dir='ltr'><strong>prius</strong></span> <span class='ocrx_word' id='word_1_626' title='bbox 1978 1051 2081 1076; x_wconf 89' lang='lat' dir='ltr'><strong>nunc</strong></span> <span class='ocrx_word' id='word_1_627' title='bbox 2108 1039 2154 1076; x_wconf 91' lang='lat' dir='ltr'><strong>sit</strong></span> <span class='ocrx_word' id='word_1_628' title='bbox 2175 1048 2395 1088; x_wconf 89' lang='lat' dir='ltr'><strong>corruptum</strong></span> <span class='ocrx_word' id='word_1_629' title='bbox 2415 1040 2455 1077; x_wconf 91' lang='lat' dir='ltr'><strong>in</strong></span> <span class='ocrx_word' id='word_1_630' title='bbox 2474 1040 2557 1089; x_wconf 90' lang='lat' dir='ltr'><strong>ipso</strong></span> <span class='ocrx_word' id='word_1_631' title='bbox 2577 1053 2679 1078; x_wconf 90' lang='lat' dir='ltr'><strong>nunc</strong></span> 
     </span>
     <span class='ocr_line' id='line_1_91' title="bbox 1616 1090 2679 1140; baseline 0.003 -13"><span class='ocrx_word' id='word_1_632' title='bbox 1616 1090 1744 1139; x_wconf 78' lang='lat' dir='ltr'><strong>priori,</strong></span> <span class='ocrx_word' id='word_1_633' title='bbox 1760 1090 1849 1139; x_wconf 88' lang='lat' dir='ltr'><strong>quia</strong></span> <span class='ocrx_word' id='word_1_634' title='bbox 1867 1098 1957 1128; x_wconf 91' lang='lat' dir='ltr'><strong>tunc</strong></span> <span class='ocrx_word' id='word_1_635' title='bbox 1972 1099 2051 1128; x_wconf 87' lang='lat' dir='ltr'><strong>erat</strong></span> <span class='ocrx_word' id='word_1_636' title='bbox 2069 1091 2195 1140; x_wconf 89' lang='lat' dir='ltr'><strong>ipsum</strong></span> <span class='ocrx_word' id='word_1_637' title='bbox 2215 1104 2328 1139; x_wconf 90' lang='lat' dir='ltr'><strong>nunc,</strong></span> <span class='ocrx_word' id='word_1_638' title='bbox 2346 1100 2382 1129; x_wconf 90' lang='lat' dir='ltr'><strong>et</strong></span> <span class='ocrx_word' id='word_1_639' title='bbox 2400 1092 2490 1129; x_wconf 89' lang='lat' dir='ltr'><strong>nihil</strong></span> <span class='ocrx_word' id='word_1_640' title='bbox 2509 1105 2679 1130; x_wconf 90' lang='lat' dir='ltr'><strong>corrum-</strong></span> 
     </span>
     <span class='ocr_line' id='line_1_92' title="bbox 1615 1143 2678 1194; baseline 0.003 -15"><span class='ocrx_word' id='word_1_641' title='bbox 1615 1143 1716 1192; x_wconf 91' lang='lat' dir='ltr'><strong>pitur</strong></span> <span class='ocrx_word' id='word_1_642' title='bbox 1744 1144 1836 1180; x_wconf 90' lang='lat' dir='ltr'><strong>dum</strong></span> <span class='ocrx_word' id='word_1_643' title='bbox 1867 1151 1932 1180; x_wconf 90' lang='lat' dir='ltr'><strong>est.</strong></span> <span class='ocrx_word' id='word_1_644' title='bbox 1963 1143 2142 1181; x_wconf 89' lang='lat' dir='ltr'><strong>Similiter</strong></span> <span class='ocrx_word' id='word_1_645' title='bbox 2170 1145 2283 1181; x_wconf 87' lang='lat' dir='ltr'><strong>etiam</strong></span> <span class='ocrx_word' id='word_1_646' title='bbox 2318 1157 2396 1181; x_wconf 92' lang='lat' dir='ltr'><strong>non</strong></span> <span class='ocrx_word' id='word_1_647' title='bbox 2427 1151 2553 1194; x_wconf 89' lang='lat' dir='ltr'><strong>potest</strong></span> <span class='ocrx_word' id='word_1_648' title='bbox 2585 1145 2678 1193; x_wconf 92' lang='lat' dir='ltr'><strong>dici,</strong></span> 
     </span>
     <span class='ocr_line' id='line_1_93' title="bbox 1617 1195 2679 1247; baseline 0.003 -15"><span class='ocrx_word' id='word_1_649' title='bbox 1617 1195 1723 1244; x_wconf 92' lang='lat' dir='ltr'><strong>quod</strong></span> <span class='ocrx_word' id='word_1_650' title='bbox 1749 1195 1853 1244; x_wconf 84' lang='lat' dir='ltr'><strong>prius</strong></span> <span class='ocrx_word' id='word_1_651' title='bbox 1877 1208 1980 1233; x_wconf 91' lang='lat' dir='ltr'><strong>nunc</strong></span> <span class='ocrx_word' id='word_1_652' title='bbox 1999 1203 2265 1246; x_wconf 89' lang='lat' dir='ltr'><strong>corrumpatur</strong></span> <span class='ocrx_word' id='word_1_653' title='bbox 2283 1197 2322 1234; x_wconf 90' lang='lat' dir='ltr'><strong>in</strong></span> <span class='ocrx_word' id='word_1_654' title='bbox 2339 1197 2560 1246; x_wconf 88' lang='lat' dir='ltr'><strong>posteriori:</strong></span> <span class='ocrx_word' id='word_1_655' title='bbox 2590 1197 2679 1247; x_wconf 89' lang='lat' dir='ltr'><strong>quia</strong></span> 
     </span>
     <span class='ocr_line' id='line_1_94' title="bbox 1617 1247 2679 1297; baseline 0.004 -13"><span class='ocrx_word' id='word_1_656' title='bbox 1617 1248 1851 1297; x_wconf 87' lang='lat' dir='ltr'><strong>impossibile</strong></span> <span class='ocrx_word' id='word_1_657' title='bbox 1881 1256 1935 1285; x_wconf 89' lang='lat' dir='ltr'><strong>est</strong></span> <span class='ocrx_word' id='word_1_658' title='bbox 1963 1247 2016 1284; x_wconf 89' lang='lat' dir='ltr'><strong>sic</strong></span> <span class='ocrx_word' id='word_1_659' title='bbox 2045 1261 2084 1285; x_wconf 90' lang='lat' dir='ltr'><strong>se</strong></span> <span class='ocrx_word' id='word_1_660' title='bbox 2113 1249 2253 1286; x_wconf 89' lang='lat' dir='ltr'><strong>habere</strong></span> <span class='ocrx_word' id='word_1_661' title='bbox 2282 1250 2359 1286; x_wconf 91' lang='lat' dir='ltr'><strong>duo</strong></span> <span class='ocrx_word' id='word_1_662' title='bbox 2387 1262 2489 1287; x_wconf 92' lang='lat' dir='ltr'><strong>nunc</strong></span> <span class='ocrx_word' id='word_1_663' title='bbox 2513 1250 2561 1288; x_wconf 89' lang='lat' dir='ltr'><strong>ad</strong></span> <span class='ocrx_word' id='word_1_664' title='bbox 2585 1249 2679 1288; x_wconf 86' lang='lat' dir='ltr'><strong>invi-</strong></span> 
     </span>
     <span class='ocr_line' id='line_1_95' title="bbox 1618 1300 2680 1349; baseline 0.004 -13"><span class='ocrx_word' id='word_1_665' title='bbox 1618 1313 1715 1347; x_wconf 89' lang='lat' dir='ltr'><strong>cem,</strong></span> <span class='ocrx_word' id='word_1_666' title='bbox 1736 1300 1840 1349; x_wconf 92' lang='lat' dir='ltr'><strong>quod</strong></span> <span class='ocrx_word' id='word_1_667' title='bbox 1860 1300 1932 1338; x_wconf 90' lang='lat' dir='ltr'><strong>sint</strong></span> <span class='ocrx_word' id='word_1_668' title='bbox 1958 1301 2096 1348; x_wconf 85' lang='lat' dir='ltr'><strong>habita,</strong></span> <span class='ocrx_word' id='word_1_669' title='bbox 2117 1301 2214 1339; x_wconf 90' lang='lat' dir='ltr'><strong>idest</strong></span> <span class='ocrx_word' id='word_1_670' title='bbox 2240 1302 2458 1340; x_wconf 89' lang='lat' dir='ltr'><strong>immediate</strong></span> <span class='ocrx_word' id='word_1_671' title='bbox 2488 1315 2527 1340; x_wconf 93' lang='lat' dir='ltr'><strong>se</strong></span> <span class='ocrx_word' id='word_1_672' title='bbox 2548 1315 2680 1341; x_wconf 91' lang='lat' dir='ltr'><strong>conse-</strong></span> 
     </span>
     <span class='ocr_line' id='line_1_96' title="bbox 1618 1352 2680 1403; baseline 0.004 -14"><span class='ocrx_word' id='word_1_673' title='bbox 1618 1353 1791 1403; x_wconf 90' lang='lat' dir='ltr'><strong>quentia,</strong></span> <span class='ocrx_word' id='word_1_674' title='bbox 1821 1352 1917 1390; x_wconf 91' lang='lat' dir='ltr'><strong>sicut</strong></span> <span class='ocrx_word' id='word_1_675' title='bbox 1950 1353 2063 1391; x_wconf 89' lang='lat' dir='ltr'><strong>etiam</strong></span> <span class='ocrx_word' id='word_1_676' title='bbox 2098 1354 2332 1403; x_wconf 90' lang='lat' dir='ltr'><strong>impossibile</strong></span> <span class='ocrx_word' id='word_1_677' title='bbox 2361 1363 2417 1393; x_wconf 90' lang='lat' dir='ltr'><strong>est</strong></span> <span class='ocrx_word' id='word_1_678' title='bbox 2443 1355 2491 1393; x_wconf 89' lang='lat' dir='ltr'><strong>de</strong></span> <span class='ocrx_word' id='word_1_679' title='bbox 2528 1355 2680 1393; x_wconf 90' lang='lat' dir='ltr'><strong>duobus</strong></span> 
     </span>
     <span class='ocr_line' id='line_1_97' title="bbox 1616 1406 2719 1458; baseline 0.004 -16"><span class='ocrx_word' id='word_1_680' title='bbox 1616 1406 1775 1455; x_wconf 91' lang='lat' dir='ltr'><strong>punctis.</strong></span> <span class='ocrx_word' id='word_1_681' title='bbox 1798 1407 1847 1443; x_wconf 90' lang='lat' dir='ltr'><strong>Et</strong></span> <span class='ocrx_word' id='word_1_682' title='bbox 1874 1407 1949 1443; x_wconf 91' lang='lat' dir='ltr'><strong>hoc</strong></span> <span class='ocrx_word' id='word_1_683' title='bbox 1968 1419 2070 1444; x_wconf 91' lang='lat' dir='ltr'><strong>nunc</strong></span> <span class='ocrx_word' id='word_1_684' title='bbox 2091 1415 2338 1457; x_wconf 86' lang='lat' dir='ltr'><strong>supponatur,</strong></span> <span class='ocrx_word' id='word_1_685' title='bbox 2358 1408 2448 1458; x_wconf 89' lang='lat' dir='ltr'><strong>quia</strong></span> <span class='ocrx_word' id='word_1_686' title='bbox 2471 1408 2509 1445; x_wconf 91' lang='lat' dir='ltr'><strong>in</strong></span> <span class='ocrx_word' id='word_1_687' title='bbox 2536 1415 2642 1446; x_wconf 91' lang='lat' dir='ltr'><strong>sexto</strong></span> <span class='ocrx_word' id='word_1_688' title='bbox 2660 1409 2682 1430; x_wconf 71' lang='lat'><strong>¹*</strong></span> <span class='ocrx_word' id='word_1_689' title='bbox 2707 1414 2719 1425; x_wconf 75' lang='lat'>⁶</span> 
     </span>
     <span class='ocr_line' id='line_1_98' title="bbox 1616 1459 2682 1510; baseline 0.004 -15"><span class='ocrx_word' id='word_1_690' title='bbox 1616 1459 1850 1507; x_wconf 84' lang='lat' dir='ltr'><strong>probabitur.</strong></span> <span class='ocrx_word' id='word_1_691' title='bbox 1868 1459 1930 1496; x_wconf 89' lang='lat' dir='ltr'><strong>Sic</strong></span> <span class='ocrx_word' id='word_1_692' title='bbox 1945 1459 2055 1507; x_wconf 88' lang='lat' dir='ltr'><strong>igitur</strong></span> <span class='ocrx_word' id='word_1_693' title='bbox 2069 1459 2164 1497; x_wconf 90' lang='lat' dir='ltr'><strong>inter</strong></span> <span class='ocrx_word' id='word_1_694' title='bbox 2178 1460 2367 1510; x_wconf 90' lang='lat' dir='ltr'><strong>quaelibet</strong></span> <span class='ocrx_word' id='word_1_695' title='bbox 2381 1461 2458 1499; x_wconf 90' lang='lat' dir='ltr'><strong>duo</strong></span> <span class='ocrx_word' id='word_1_696' title='bbox 2473 1472 2576 1498; x_wconf 90' lang='lat' dir='ltr'><strong>nunc</strong></span> <span class='ocrx_word' id='word_1_697' title='bbox 2594 1469 2682 1499; x_wconf 86' lang='lat' dir='ltr'><strong>sunt</strong></span> 
     </span>
     <span class='ocr_line' id='line_1_99' title="bbox 1617 1511 2680 1563; baseline 0.004 -15"><span class='ocrx_word' id='word_1_698' title='bbox 1617 1511 1763 1549; x_wconf 90' lang='lat' dir='ltr'><strong>infinita</strong></span> <span class='ocrx_word' id='word_1_699' title='bbox 1790 1524 1904 1549; x_wconf 91' lang='lat' dir='ltr'><strong>nunc.</strong></span> <span class='ocrx_word' id='word_1_700' title='bbox 1935 1512 1976 1549; x_wconf 91' lang='lat' dir='ltr'><strong>Si</strong></span> <span class='ocrx_word' id='word_1_701' title='bbox 1996 1525 2085 1561; x_wconf 88' lang='lat' dir='ltr'><strong>ergo</strong></span> <span class='ocrx_word' id='word_1_702' title='bbox 2112 1513 2217 1562; x_wconf 91' lang='lat' dir='ltr'><strong>prius</strong></span> <span class='ocrx_word' id='word_1_703' title='bbox 2236 1526 2339 1551; x_wconf 91' lang='lat' dir='ltr'><strong>nunc</strong></span> <span class='ocrx_word' id='word_1_704' title='bbox 2358 1514 2623 1563; x_wconf 86' lang='lat' dir='ltr'><strong>corrumpatur</strong></span> <span class='ocrx_word' id='word_1_705' title='bbox 2640 1514 2680 1552; x_wconf 85' lang='lat' dir='ltr'><strong>in</strong></span> 
     </span>
     <span class='ocr_line' id='line_1_100' title="bbox 1617 1564 2687 1616; baseline 0.003 -15"><span class='ocrx_word' id='word_1_706' title='bbox 1617 1564 1743 1613; x_wconf 90' lang='lat' dir='ltr'><strong>aliquo</strong></span> <span class='ocrx_word' id='word_1_707' title='bbox 1771 1565 1971 1613; x_wconf 90' lang='lat' dir='ltr'><strong>posteriori</strong></span> <span class='ocrx_word' id='word_1_708' title='bbox 1999 1577 2113 1614; x_wconf 90' lang='lat' dir='ltr'><strong>nunc,</strong></span> <span class='ocrx_word' id='word_1_709' title='bbox 2142 1566 2312 1615; x_wconf 90' lang='lat' dir='ltr'><strong>sequitur</strong></span> <span class='ocrx_word' id='word_1_710' title='bbox 2339 1567 2444 1616; x_wconf 92' lang='lat' dir='ltr'><strong>quod</strong></span> <span class='ocrx_word' id='word_1_711' title='bbox 2468 1567 2560 1604; x_wconf 92' lang='lat' dir='ltr'><strong>illud</strong></span> <span class='ocrx_word' id='word_1_712' title='bbox 2578 1579 2687 1608; x_wconf 86' lang='lat' dir='ltr'><strong>nunc·</strong></span> 
     </span>
     <span class='ocr_line' id='line_1_101' title="bbox 1617 1617 2681 1666; baseline 0.003 -12"><span class='ocrx_word' id='word_1_713' title='bbox 1617 1617 1722 1666; x_wconf 86' lang='lat' dir='ltr'><strong>quod</strong></span> <span class='ocrx_word' id='word_1_714' title='bbox 1755 1625 1811 1655; x_wconf 92' lang='lat' dir='ltr'><strong>est</strong></span> <span class='ocrx_word' id='word_1_715' title='bbox 1838 1626 1945 1665; x_wconf 87' lang='lat' dir='ltr'><strong>ante,</strong></span> <span class='ocrx_word' id='word_1_716' title='bbox 1985 1618 2096 1655; x_wconf 91' lang='lat' dir='ltr'><strong>simul</strong></span> <span class='ocrx_word' id='word_1_717' title='bbox 2125 1619 2171 1656; x_wconf 89' lang='lat' dir='ltr'><strong>sit</strong></span> <span class='ocrx_word' id='word_1_718' title='bbox 2199 1617 2212 1641; x_wconf 76' lang='lat'><strong>⁸</strong></span> <span class='ocrx_word' id='word_1_719' title='bbox 2240 1631 2329 1656; x_wconf 92' lang='lat' dir='ltr'><strong>cum</strong></span> <span class='ocrx_word' id='word_1_720' title='bbox 2362 1619 2542 1657; x_wconf 91' lang='lat' dir='ltr'><strong>omnibus</strong></span> <span class='ocrx_word' id='word_1_721' title='bbox 2578 1632 2681 1658; x_wconf 89' lang='lat' dir='ltr'><strong>nunc</strong></span> 
     </span>
     <span class='ocr_line' id='line_1_102' title="bbox 1617 1670 2679 1721; baseline 0.004 -15"><span class='ocrx_word' id='word_1_722' title='bbox 1617 1670 1870 1717; x_wconf 81' lang='lat' dir='ltr'><strong>intermediis3</strong></span> <span class='ocrx_word' id='word_1_723' title='bbox 1900 1671 2006 1720; x_wconf 86' lang='lat' dir='ltr'><strong>quod</strong></span> <span class='ocrx_word' id='word_1_724' title='bbox 2031 1678 2086 1708; x_wconf 92' lang='lat' dir='ltr'><strong>est</strong></span> <span class='ocrx_word' id='word_1_725' title='bbox 2113 1671 2359 1721; x_wconf 90' lang='lat' dir='ltr'><strong>impossibile,</strong></span> <span class='ocrx_word' id='word_1_726' title='bbox 2387 1680 2430 1710; x_wconf 93' lang='lat' dir='ltr'><strong>ut</strong></span> <span class='ocrx_word' id='word_1_727' title='bbox 2449 1672 2592 1710; x_wconf 86' lang='lat' dir='ltr'><strong>dictum</strong></span> <span class='ocrx_word' id='word_1_728' title='bbox 2612 1680 2679 1711; x_wconf 88' lang='lat' dir='ltr'><strong>est.</strong></span> 
     </span>
     <span class='ocr_line' id='line_1_103' title="bbox 1618 1723 2593 1772; baseline 0.004 -13"><span class='ocrx_word' id='word_1_729' title='bbox 1618 1723 1855 1771; x_wconf 90' lang='lat' dir='ltr'><strong>Impossibile</strong></span> <span class='ocrx_word' id='word_1_730' title='bbox 1875 1731 1931 1760; x_wconf 91' lang='lat' dir='ltr'><strong>est</strong></span> <span class='ocrx_word' id='word_1_731' title='bbox 1950 1723 2060 1772; x_wconf 89' lang='lat' dir='ltr'><strong>igitur</strong></span> <span class='ocrx_word' id='word_1_732' title='bbox 2079 1731 2161 1762; x_wconf 85' lang='lat' dir='ltr'><strong>esse</strong></span> <span class='ocrx_word' id='word_1_733' title='bbox 2181 1724 2283 1762; x_wconf 91' lang='lat' dir='ltr'><strong>aliud</strong></span> <span class='ocrx_word' id='word_1_734' title='bbox 2304 1732 2340 1762; x_wconf 93' lang='lat' dir='ltr'><strong>et</strong></span> <span class='ocrx_word' id='word_1_735' title='bbox 2359 1725 2460 1763; x_wconf 89' lang='lat' dir='ltr'><strong>aliud</strong></span> <span class='ocrx_word' id='word_1_736' title='bbox 2480 1737 2593 1763; x_wconf 91' lang='lat' dir='ltr'><strong>nunc.</strong></span> 
     </span>
    </p>

    <p class='ocr_par' dir='ltr' id='par_1_27' title="bbox 1614 1775 2716 2406">
     <span class='ocr_line' id='line_1_104' title="bbox 1671 1775 2681 1827; baseline 0.004 -15"><span class='ocrx_word' id='word_1_737' title='bbox 1671 1777 1706 1813; x_wconf 88' lang='lat'><strong>6.</strong></span> <span class='ocrx_word' id='word_1_738' title='bbox 1727 1775 1875 1813; x_wconf 90' lang='lat' dir='ltr'><strong>Deinde</strong></span> <span class='ocrx_word' id='word_1_739' title='bbox 1895 1789 1984 1813; x_wconf 91' lang='lat' dir='ltr'><strong>curn</strong></span> <span class='ocrx_word' id='word_1_740' title='bbox 2005 1776 2112 1814; x_wconf 85' lang='lat' dir='ltr'><strong>dicit:</strong></span> <span class='ocrx_word' id='word_1_741' title='bbox 2132 1778 2185 1814; x_wconf 89' lang='lat' dir='ltr'><strong>At</strong></span> <span class='ocrx_word' id='word_1_742' title='bbox 2199 1789 2290 1815; x_wconf 79' lang='lat' dir='ltr'><strong>vero</strong></span> <span class='ocrx_word' id='word_1_743' title='bbox 2314 1790 2433 1827; x_wconf 86' lang='lat' dir='ltr'><strong>neque</strong></span> <span class='ocrx_word' id='word_1_744' title='bbox 2452 1786 2536 1826; x_wconf 87' lang='lat' dir='ltr'><strong>etc.‚</strong></span> <span class='ocrx_word' id='word_1_745' title='bbox 2556 1785 2681 1816; x_wconf 91' lang='lat' dir='ltr'><strong>osten-</strong></span> 
     </span>
     <span class='ocr_line' id='line_1_105' title="bbox 1617 1828 2680 1878; baseline 0.004 -13"><span class='ocrx_word' id='word_1_746' title='bbox 1617 1828 1669 1865; x_wconf 93' lang='lat' dir='ltr'><strong>dit</strong></span> <span class='ocrx_word' id='word_1_747' title='bbox 1702 1829 1807 1876; x_wconf 90' lang='lat' dir='ltr'><strong>quod</strong></span> <span class='ocrx_word' id='word_1_748' title='bbox 1839 1841 1918 1866; x_wconf 92' lang='lat' dir='ltr'><strong>non</strong></span> <span class='ocrx_word' id='word_1_749' title='bbox 1949 1829 2069 1878; x_wconf 91' lang='lat' dir='ltr'><strong>possit</strong></span> <span class='ocrx_word' id='word_1_750' title='bbox 2097 1842 2179 1867; x_wconf 90' lang='lat' dir='ltr'><strong>esse</strong></span> <span class='ocrx_word' id='word_1_751' title='bbox 2207 1843 2328 1868; x_wconf 89' lang='lat' dir='ltr'><strong>unum</strong></span> <span class='ocrx_word' id='word_1_752' title='bbox 2356 1839 2393 1868; x_wconf 91' lang='lat' dir='ltr'><strong>et</strong></span> <span class='ocrx_word' id='word_1_753' title='bbox 2419 1831 2522 1868; x_wconf 90' lang='lat' dir='ltr'><strong>idem</strong></span> <span class='ocrx_word' id='word_1_754' title='bbox 2550 1842 2654 1869; x_wconf 89' lang='lat' dir='ltr'><strong>nunc</strong></span> <span class='ocrx_word' id='word_1_755' title='bbox 2667 1859 2680 1877; x_wconf 84' lang='lat'><strong>,</strong></span> 
     </span>
     <span class='ocr_line' id='line_1_106' title="bbox 1616 1881 2679 1932; baseline 0.002 -14"><span class='ocrx_word' id='word_1_756' title='bbox 1616 1881 1764 1918; x_wconf 90' lang='lat' dir='ltr'><strong>duabus</strong></span> <span class='ocrx_word' id='word_1_757' title='bbox 1784 1881 2001 1919; x_wconf 65' lang='lat' dir='ltr'><strong>rationibus</strong></span> <span class='ocrx_word' id='word_1_758' title='bbox 2032 1883 2208 1929; x_wconf 89' lang='lat' dir='ltr'><strong>Quarum</strong></span> <span class='ocrx_word' id='word_1_759' title='bbox 2235 1883 2359 1932; x_wconf 90' lang='lat' dir='ltr'><strong>prima</strong></span> <span class='ocrx_word' id='word_1_760' title='bbox 2383 1883 2466 1920; x_wconf 88' lang='lat' dir='ltr'><strong>talis</strong></span> <span class='ocrx_word' id='word_1_761' title='bbox 2490 1891 2555 1920; x_wconf 89' lang='lat' dir='ltr'><strong>est.</strong></span> <span class='ocrx_word' id='word_1_762' title='bbox 2585 1884 2679 1921; x_wconf 92' lang='lat' dir='ltr'><strong>Nul-</strong></span> 
     </span>
     <span class='ocr_line' id='line_1_107' title="bbox 1614 1934 2679 1984; baseline 0.003 -14"><span class='ocrx_word' id='word_1_763' title='bbox 1614 1934 1684 1971; x_wconf 92' lang='lat' dir='ltr'><strong>lius</strong></span> <span class='ocrx_word' id='word_1_764' title='bbox 1705 1934 1898 1971; x_wconf 90' lang='lat' dir='ltr'><strong>divisibilis</strong></span> <span class='ocrx_word' id='word_1_765' title='bbox 1916 1934 2012 1972; x_wconf 91' lang='lat' dir='ltr'><strong>finiti</strong></span> <span class='ocrx_word' id='word_1_766' title='bbox 2030 1942 2155 1984; x_wconf 89' lang='lat' dir='ltr'><strong>potest</strong></span> <span class='ocrx_word' id='word_1_767' title='bbox 2174 1948 2256 1972; x_wconf 86' lang='lat' dir='ltr'><strong>esse</strong></span> <span class='ocrx_word' id='word_1_768' title='bbox 2276 1948 2374 1973; x_wconf 88' lang='lat' dir='ltr'><strong>unus</strong></span> <span class='ocrx_word' id='word_1_769' title='bbox 2397 1936 2580 1973; x_wconf 90' lang='lat' dir='ltr'><strong>terminus</strong></span> <span class='ocrx_word' id='word_1_770' title='bbox 2598 1943 2679 1973; x_wconf 86' lang='lat' dir='ltr'><strong>tan-</strong></span> 
     </span>
     <span class='ocr_line' id='line_1_108' title="bbox 1614 1987 2678 2036; baseline 0.003 -13"><span class='ocrx_word' id='word_1_771' title='bbox 1614 1994 1717 2034; x_wconf 89' lang='lat' dir='ltr'><strong>tum;</strong></span> <span class='ocrx_word' id='word_1_772' title='bbox 1753 1999 1877 2036; x_wconf 89' lang='lat' dir='ltr'><strong>neque</strong></span> <span class='ocrx_word' id='word_1_773' title='bbox 1910 1987 1940 2024; x_wconf 93' lang='lat' dir='ltr'><strong>si</strong></span> <span class='ocrx_word' id='word_1_774' title='bbox 1973 1987 2019 2024; x_wconf 90' lang='lat' dir='ltr'><strong>sit</strong></span> <span class='ocrx_word' id='word_1_775' title='bbox 2055 1988 2277 2025; x_wconf 88' lang='lat' dir='ltr'><strong>continuum</strong></span> <span class='ocrx_word' id='word_1_776' title='bbox 2315 1989 2528 2026; x_wconf 90' lang='lat' dir='ltr'><strong>secundum</strong></span> <span class='ocrx_word' id='word_1_777' title='bbox 2560 2000 2678 2026; x_wconf 88' lang='lat' dir='ltr'><strong>unam</strong></span> 
     </span>
     <span class='ocr_line' id='line_1_109' title="bbox 1616 2039 2716 2090; baseline 0.003 -14"><span class='ocrx_word' id='word_1_778' title='bbox 1616 2039 1894 2077; x_wconf 89' lang='lat' dir='ltr'><strong>dimensionem</strong></span> <span class='ocrx_word' id='word_1_779' title='bbox 1916 2048 2062 2078; x_wconf 89' lang='lat' dir='ltr'><strong>tantum</strong></span> <span class='ocrx_word' id='word_1_780' title='bbox 2083 2042 2114 2088; x_wconf 76' lang='lat'><strong>⁴‘,</strong></span> <span class='ocrx_word' id='word_1_781' title='bbox 2129 2049 2172 2078; x_wconf 92' lang='lat' dir='ltr'><strong>ut</strong></span> <span class='ocrx_word' id='word_1_782' title='bbox 2189 2041 2305 2089; x_wconf 88' lang='lat' dir='ltr'><strong>linea;</strong></span> <span class='ocrx_word' id='word_1_783' title='bbox 2334 2054 2459 2090; x_wconf 88' lang='lat' dir='ltr'><strong>neque</strong></span> <span class='ocrx_word' id='word_1_784' title='bbox 2487 2041 2518 2078; x_wconf 90' lang='lat' dir='ltr'><strong>si</strong></span> <span class='ocrx_word' id='word_1_785' title='bbox 2545 2053 2678 2079; x_wconf 90' lang='lat' dir='ltr'><strong>secun·</strong></span> <span class='ocrx_word' id='word_1_786' title='bbox 2703 2046 2716 2058; x_wconf 72' lang='lat'>⁶</span> 
     </span>
     <span class='ocr_line' id='line_1_110' title="bbox 1616 2093 2678 2144; baseline 0.003 -15"><span class='ocrx_word' id='word_1_787' title='bbox 1616 2093 1709 2130; x_wconf 89' lang='lat' dir='ltr'><strong>dum</strong></span> <span class='ocrx_word' id='word_1_788' title='bbox 1736 2094 1874 2142; x_wconf 90' lang='lat' dir='ltr'><strong>plures,</strong></span> <span class='ocrx_word' id='word_1_789' title='bbox 1894 2101 1936 2130; x_wconf 92' lang='lat' dir='ltr'><strong>ut</strong></span> <span class='ocrx_word' id='word_1_790' title='bbox 1963 2094 2183 2144; x_wconf 87' lang='lat' dir='ltr'><strong>superficies</strong></span> <span class='ocrx_word' id='word_1_791' title='bbox 2208 2102 2244 2131; x_wconf 91' lang='lat' dir='ltr'><strong>et</strong></span> <span class='ocrx_word' id='word_1_792' title='bbox 2264 2106 2414 2143; x_wconf 91' lang='lat' dir='ltr'><strong>corpus.</strong></span> <span class='ocrx_word' id='word_1_793' title='bbox 2435 2095 2540 2131; x_wconf 90' lang='lat' dir='ltr'><strong>Nam</strong></span> <span class='ocrx_word' id='word_1_794' title='bbox 2565 2094 2678 2132; x_wconf 85' lang='lat' dir='ltr'><strong>unius</strong></span> 
     </span>
     <span class='ocr_line' id='line_1_111' title="bbox 1614 2145 2678 2196; baseline 0.002 -14"><span class='ocrx_word' id='word_1_795' title='bbox 1614 2145 1735 2182; x_wconf 90' lang='lat' dir='ltr'><strong>lineae</strong></span> <span class='ocrx_word' id='word_1_796' title='bbox 1764 2146 1893 2182; x_wconf 89' lang='lat' dir='ltr'><strong>finitae</strong></span> <span class='ocrx_word' id='word_1_797' title='bbox 1921 2146 2070 2183; x_wconf 90' lang='lat' dir='ltr'><strong>termini</strong></span> <span class='ocrx_word' id='word_1_798' title='bbox 2099 2154 2186 2183; x_wconf 91' lang='lat' dir='ltr'><strong>sunt</strong></span> <span class='ocrx_word' id='word_1_799' title='bbox 2205 2147 2282 2183; x_wconf 93' lang='lat' dir='ltr'><strong>duo</strong></span> <span class='ocrx_word' id='word_1_800' title='bbox 2303 2154 2460 2196; x_wconf 87' lang='lat' dir='ltr'><strong>puncta,</strong></span> <span class='ocrx_word' id='word_1_801' title='bbox 2485 2154 2522 2183; x_wconf 90' lang='lat' dir='ltr'><strong>et</strong></span> <span class='ocrx_word' id='word_1_802' title='bbox 2549 2159 2678 2196; x_wconf 89' lang='lat' dir='ltr'><strong>super-</strong></span> 
     </span>
     <span class='ocr_line' id='line_1_112' title="bbox 1614 2199 2678 2249; baseline 0.002 -14"><span class='ocrx_word' id='word_1_803' title='bbox 1614 2199 1714 2236; x_wconf 88' lang='lat' dir='ltr'><strong>ficiei</strong></span> <span class='ocrx_word' id='word_1_804' title='bbox 1732 2199 1859 2248; x_wconf 90' lang='lat' dir='ltr'><strong>plures</strong></span> <span class='ocrx_word' id='word_1_805' title='bbox 1887 2199 2021 2247; x_wconf 89' lang='lat' dir='ltr'><strong>lineae,</strong></span> <span class='ocrx_word' id='word_1_806' title='bbox 2043 2207 2080 2236; x_wconf 90' lang='lat' dir='ltr'><strong>et</strong></span> <span class='ocrx_word' id='word_1_807' title='bbox 2098 2199 2267 2248; x_wconf 90' lang='lat' dir='ltr'><strong>corporis</strong></span> <span class='ocrx_word' id='word_1_808' title='bbox 2290 2201 2417 2249; x_wconf 91' lang='lat' dir='ltr'><strong>plures</strong></span> <span class='ocrx_word' id='word_1_809' title='bbox 2446 2200 2678 2248; x_wconf 84' lang='lat' dir='ltr'><strong>superficies.</strong></span> 
     </span>
     <span class='ocr_line' id='line_1_113' title="bbox 1617 2252 2690 2301; baseline 0.001 -13"><span class='ocrx_word' id='word_1_810' title='bbox 1617 2252 1694 2289; x_wconf 92' lang='lat' dir='ltr'><strong>Sed</strong></span> <span class='ocrx_word' id='word_1_811' title='bbox 1730 2252 1857 2300; x_wconf 91' lang='lat' dir='ltr'><strong>ipsum</strong></span> <span class='ocrx_word' id='word_1_812' title='bbox 1885 2264 1987 2288; x_wconf 91' lang='lat' dir='ltr'><strong>nunc</strong></span> <span class='ocrx_word' id='word_1_813' title='bbox 2025 2259 2080 2289; x_wconf 92' lang='lat' dir='ltr'><strong>est</strong></span> <span class='ocrx_word' id='word_1_814' title='bbox 2116 2252 2299 2290; x_wconf 90' lang='lat' dir='ltr'><strong>terminus</strong></span> <span class='ocrx_word' id='word_1_815' title='bbox 2345 2253 2538 2301; x_wconf 88' lang='lat' dir='ltr'><strong>temporis.</strong></span> <span class='ocrx_word' id='word_1_816' title='bbox 2578 2252 2690 2291; x_wconf 56' lang='lat' dir='ltr'><strong>Cum.</strong></span> 
     </span>
     <span class='ocr_line' id='line_1_114' title="bbox 1615 2304 2687 2355; baseline 0.001 -13"><span class='ocrx_word' id='word_1_817' title='bbox 1615 2305 1724 2353; x_wconf 87' lang='lat' dir='ltr'><strong>igitur</strong></span> <span class='ocrx_word' id='word_1_818' title='bbox 1743 2305 1789 2342; x_wconf 88' lang='lat' dir='ltr'><strong>sit</strong></span> <span class='ocrx_word' id='word_1_819' title='bbox 1807 2304 1979 2354; x_wconf 90' lang='lat' dir='ltr'><strong>accipere</strong></span> <span class='ocrx_word' id='word_1_820' title='bbox 1999 2305 2154 2354; x_wconf 90' lang='lat' dir='ltr'><strong>aliquod</strong></span> <span class='ocrx_word' id='word_1_821' title='bbox 2171 2313 2323 2355; x_wconf 91' lang='lat' dir='ltr'><strong>tempus</strong></span> <span class='ocrx_word' id='word_1_822' title='bbox 2346 2305 2508 2354; x_wconf 90' lang='lat' dir='ltr'><strong>finitum,</strong></span> <span class='ocrx_word' id='word_1_823' title='bbox 2524 2317 2687 2343; x_wconf 76' lang='lat' dir='ltr'><strong>necesse</strong></span> 
     </span>
     <span class='ocr_line' id='line_1_115' title="bbox 1617 2358 2118 2406; baseline 0 -12"><span class='ocrx_word' id='word_1_824' title='bbox 1617 2365 1672 2395; x_wconf 91' lang='lat' dir='ltr'><strong>est</strong></span> <span class='ocrx_word' id='word_1_825' title='bbox 1697 2369 1842 2406; x_wconf 90' lang='lat' dir='ltr'><strong>ponere</strong></span> <span class='ocrx_word' id='word_1_826' title='bbox 1869 2358 1978 2406; x_wconf 89' lang='lat' dir='ltr'><strong>plura</strong></span> <span class='ocrx_word' id='word_1_827' title='bbox 2005 2370 2118 2395; x_wconf 90' lang='lat' dir='ltr'><strong>nunc.</strong></span> 
     </span>
    </p>

    <p class='ocr_par' dir='ltr' id='par_1_28' title="bbox 1614 2410 2716 2776">
     <span class='ocr_line' id='line_1_116' title="bbox 1669 2410 2683 2460; baseline 0 -12"><span class='ocrx_word' id='word_1_828' title='bbox 1669 2423 1706 2459; x_wconf 86' lang='lat'><strong>7.</strong></span> <span class='ocrx_word' id='word_1_829' title='bbox 1737 2410 1954 2447; x_wconf 89' lang='lat' dir='ltr'><strong>Secundam</strong></span> <span class='ocrx_word' id='word_1_830' title='bbox 1988 2411 2174 2448; x_wconf 90' lang='lat' dir='ltr'><strong>rationem</strong></span> <span class='ocrx_word' id='word_1_831' title='bbox 2207 2411 2316 2459; x_wconf 88' lang='lat' dir='ltr'><strong>ponit</strong></span> <span class='ocrx_word' id='word_1_832' title='bbox 2342 2411 2415 2448; x_wconf 91' lang='lat' dir='ltr'><strong>ibi:</strong></span> <span class='ocrx_word' id='word_1_833' title='bbox 2449 2410 2622 2460; x_wconf 81' lang='lat' dir='ltr'><strong>Amplius</strong></span> <span class='ocrx_word' id='word_1_834' title='bbox 2647 2411 2683 2449; x_wconf 85' lang='lat' dir='ltr'><strong>si</strong></span> 
     </span>
     <span class='ocr_line' id='line_1_117' title="bbox 1614 2463 2716 2512; baseline 0.001 -12"><span class='ocrx_word' id='word_1_835' title='bbox 1614 2463 1728 2500; x_wconf 86' lang='lat' dir='ltr'><strong>simul</strong></span> <span class='ocrx_word' id='word_1_836' title='bbox 1745 2475 1822 2500; x_wconf 85' lang='lat' dir='ltr'><strong>esse</strong></span> <span class='ocrx_word' id='word_1_837' title='bbox 1842 2470 1924 2500; x_wconf 90' lang='lat' dir='ltr'><strong>etc.:</strong></span> <span class='ocrx_word' id='word_1_838' title='bbox 1954 2475 2053 2512; x_wconf 89' lang='lat' dir='ltr'><strong>quae</strong></span> <span class='ocrx_word' id='word_1_839' title='bbox 2080 2463 2162 2500; x_wconf 91' lang='lat' dir='ltr'><strong>talis</strong></span> <span class='ocrx_word' id='word_1_840' title='bbox 2187 2471 2242 2500; x_wconf 92' lang='lat' dir='ltr'><strong>est</strong></span> <span class='ocrx_word' id='word_1_841' title='bbox 2259 2465 2291 2501; x_wconf 83' lang='grc'><strong>*.</strong></span> <span class='ocrx_word' id='word_1_842' title='bbox 2313 2463 2577 2506; x_wconf 58' lang='lat' dir='ltr'><strong>Illa&gt;dicuntur</strong></span> <span class='ocrx_word' id='word_1_843' title='bbox 2595 2476 2679 2501; x_wconf 91' lang='lat' dir='ltr'><strong>esse</strong></span> <span class='ocrx_word' id='word_1_844' title='bbox 2706 2467 2716 2477; x_wconf 88' lang='lat'>&#39;</span> 
     </span>
     <span class='ocr_line' id='line_1_118' title="bbox 1616 2515 2679 2566; baseline 0.001 -13"><span class='ocrx_word' id='word_1_845' title='bbox 1616 2516 1728 2553; x_wconf 88' lang='lat' dir='ltr'><strong>simul</strong></span> <span class='ocrx_word' id='word_1_846' title='bbox 1747 2515 1959 2553; x_wconf 91' lang='lat' dir='ltr'><strong>secundum</strong></span> <span class='ocrx_word' id='word_1_847' title='bbox 1987 2524 2150 2565; x_wconf 88' lang='lat' dir='ltr'><strong>tempus,</strong></span> <span class='ocrx_word' id='word_1_848' title='bbox 2180 2524 2216 2553; x_wconf 90' lang='lat' dir='ltr'><strong>et</strong></span> <span class='ocrx_word' id='word_1_849' title='bbox 2234 2529 2305 2554; x_wconf 93' lang='lat' dir='ltr'><strong>nec</strong></span> <span class='ocrx_word' id='word_1_850' title='bbox 2324 2516 2428 2566; x_wconf 91' lang='lat' dir='ltr'><strong>prius</strong></span> <span class='ocrx_word' id='word_1_851' title='bbox 2455 2529 2526 2553; x_wconf 92' lang='lat' dir='ltr'><strong>nec</strong></span> <span class='ocrx_word' id='word_1_852' title='bbox 2552 2524 2679 2566; x_wconf 89' lang='lat' dir='ltr'><strong>poste-</strong></span> 
     </span>
     <span class='ocr_line' id='line_1_119' title="bbox 1616 2569 2678 2618; baseline 0.001 -12"><span class='ocrx_word' id='word_1_853' title='bbox 1616 2569 1705 2617; x_wconf 89' lang='lat' dir='ltr'><strong>rius,</strong></span> <span class='ocrx_word' id='word_1_854' title='bbox 1727 2581 1824 2617; x_wconf 91' lang='lat' dir='ltr'><strong>quae</strong></span> <span class='ocrx_word' id='word_1_855' title='bbox 1846 2576 1933 2605; x_wconf 88' lang='lat' dir='ltr'><strong>sunt</strong></span> <span class='ocrx_word' id='word_1_856' title='bbox 1952 2569 1990 2606; x_wconf 90' lang='lat' dir='ltr'><strong>in</strong></span> <span class='ocrx_word' id='word_1_857' title='bbox 2010 2569 2149 2606; x_wconf 89' lang='lat' dir='ltr'><strong>eodem</strong></span> <span class='ocrx_word' id='word_1_858' title='bbox 2169 2581 2291 2606; x_wconf 89' lang='lat' dir='ltr'><strong>nunc:</strong></span> <span class='ocrx_word' id='word_1_859' title='bbox 2312 2569 2342 2606; x_wconf 93' lang='lat' dir='ltr'><strong>si</strong></span> <span class='ocrx_word' id='word_1_860' title='bbox 2370 2569 2479 2618; x_wconf 89' lang='lat' dir='ltr'><strong>igitur</strong></span> <span class='ocrx_word' id='word_1_861' title='bbox 2498 2577 2553 2606; x_wconf 91' lang='lat' dir='ltr'><strong>est</strong></span> <span class='ocrx_word' id='word_1_862' title='bbox 2575 2569 2678 2607; x_wconf 89' lang='lat' dir='ltr'><strong>idem</strong></span> 
     </span>
     <span class='ocr_line' id='line_1_120' title="bbox 1615 2621 2678 2672; baseline 0.002 -14"><span class='ocrx_word' id='word_1_863' title='bbox 1615 2634 1718 2659; x_wconf 92' lang='lat' dir='ltr'><strong>nunc</strong></span> <span class='ocrx_word' id='word_1_864' title='bbox 1739 2633 1969 2670; x_wconf 90' lang='lat' dir='ltr'><strong>permanens</strong></span> <span class='ocrx_word' id='word_1_865' title='bbox 1997 2621 2035 2658; x_wconf 92' lang='lat' dir='ltr'><strong>in</strong></span> <span class='ocrx_word' id='word_1_866' title='bbox 2054 2629 2133 2659; x_wconf 91' lang='lat' dir='ltr'><strong>toto</strong></span> <span class='ocrx_word' id='word_1_867' title='bbox 2162 2629 2348 2671; x_wconf 89' lang='lat' dir='ltr'><strong>tempore,</strong></span> <span class='ocrx_word' id='word_1_868' title='bbox 2379 2621 2547 2671; x_wconf 88' lang='lat' dir='ltr'><strong>sequitur</strong></span> <span class='ocrx_word' id='word_1_869' title='bbox 2574 2623 2678 2672; x_wconf 90' lang='lat' dir='ltr'><strong>quod</strong></span> 
     </span>
     <span class='ocr_line' id='line_1_121' title="bbox 1615 2675 2679 2724; baseline 0.001 -13"><span class='ocrx_word' id='word_1_870' title='bbox 1615 2675 1676 2712; x_wconf 91' lang='lat' dir='ltr'><strong>illa</strong></span> <span class='ocrx_word' id='word_1_871' title='bbox 1696 2686 1793 2724; x_wconf 92' lang='lat' dir='ltr'><strong>quae</strong></span> <span class='ocrx_word' id='word_1_872' title='bbox 1818 2675 1968 2711; x_wconf 84' lang='lat' dir='ltr'><strong>fuerunt</strong></span> <span class='ocrx_word' id='word_1_873' title='bbox 1987 2682 2073 2712; x_wconf 88' lang='lat' dir='ltr'><strong>ante</strong></span> <span class='ocrx_word' id='word_1_874' title='bbox 2093 2675 2194 2712; x_wconf 90' lang='lat' dir='ltr'><strong>mille</strong></span> <span class='ocrx_word' id='word_1_875' title='bbox 2214 2687 2346 2722; x_wconf 90' lang='lat' dir='ltr'><strong>annos,</strong></span> <span class='ocrx_word' id='word_1_876' title='bbox 2368 2676 2440 2712; x_wconf 89' lang='lat' dir='ltr'><strong>sint</strong></span> <span class='ocrx_word' id='word_1_877' title='bbox 2458 2675 2571 2712; x_wconf 90' lang='lat' dir='ltr'><strong>simul</strong></span> <span class='ocrx_word' id='word_1_878' title='bbox 2590 2687 2679 2713; x_wconf 90' lang='lat' dir='ltr'><strong>cum</strong></span> 
     </span>
     <span class='ocr_line' id='line_1_122' title="bbox 1614 2727 2069 2776; baseline 0 -12"><span class='ocrx_word' id='word_1_879' title='bbox 1614 2727 1673 2765; x_wconf 91' lang='lat' dir='ltr'><strong>his</strong></span> <span class='ocrx_word' id='word_1_880' title='bbox 1702 2739 1800 2776; x_wconf 91' lang='lat' dir='ltr'><strong>quae</strong></span> <span class='ocrx_word' id='word_1_881' title='bbox 1829 2735 1916 2764; x_wconf 90' lang='lat' dir='ltr'><strong>sunt</strong></span> <span class='ocrx_word' id='word_1_882' title='bbox 1942 2727 2069 2765; x_wconf 90' lang='lat' dir='ltr'><strong>hodie.</strong></span> 
     </span>
    </p>

    <p class='ocr_par' dir='ltr' id='par_1_29' title="bbox 1614 2780 2731 2884">
     <span class='ocr_line' id='line_1_123' title="bbox 1668 2780 2718 2832; baseline 0.001 -15"><span class='ocrx_word' id='word_1_883' title='bbox 1668 2781 1811 2818; x_wconf 90' lang='lat' dir='ltr'><strong>Ultimo</strong></span> <span class='ocrx_word' id='word_1_884' title='bbox 1845 2788 1972 2817; x_wconf 90' lang='lat' dir='ltr'><strong>autern</strong></span> <span class='ocrx_word' id='word_1_885' title='bbox 2016 2780 2243 2829; x_wconf 88' lang='lat' dir='ltr'><strong>epilogando</strong></span> <span class='ocrx_word' id='word_1_886' title='bbox 2282 2780 2491 2828; x_wconf 85' lang='lat' dir='ltr'><strong>concludit,</strong></span> <span class='ocrx_word' id='word_1_887' title='bbox 2517 2788 2580 2818; x_wconf 18' lang='lat' dir='ltr'><strong>*tot</strong></span> <span class='ocrx_word' id='word_1_888' title='bbox 2611 2793 2679 2831; x_wconf 90' lang='lat' dir='ltr'><strong>op·</strong></span> <span class='ocrx_word' id='word_1_889' title='bbox 2706 2820 2718 2832; x_wconf 47' lang='lat'>⁸</span> 
     </span>
     <span class='ocr_line' id='line_1_124' title="bbox 1614 2833 2731 2884; baseline 0.003 -14"><span class='ocrx_word' id='word_1_890' title='bbox 1614 2833 1737 2883; x_wconf 88' lang='lat' dir='ltr'><strong>posita</strong></span> <span class='ocrx_word' id='word_1_891' title='bbox 1757 2846 1838 2870; x_wconf 90' lang='lat' dir='ltr'><strong>esse</strong></span> <span class='ocrx_word' id='word_1_892' title='bbox 1859 2833 1905 2871; x_wconf 92' lang='lat' dir='ltr'><strong>de</strong></span> <span class='ocrx_word' id='word_1_893' title='bbox 1933 2833 2024 2882; x_wconf 89' lang='lat' dir='ltr'><strong>ipsis</strong></span> <span class='ocrx_word' id='word_1_894' title='bbox 2043 2834 2064 2855; x_wconf 82' lang='lat'><strong>*</strong></span> <span class='ocrx_word' id='word_1_895' title='bbox 2079 2846 2192 2882; x_wconf 91' lang='lat' dir='ltr'><strong>nunc,</strong></span> <span class='ocrx_word' id='word_1_896' title='bbox 2214 2846 2313 2882; x_wconf 89' lang='lat' dir='ltr'><strong>quae</strong></span> <span class='ocrx_word' id='word_1_897' title='bbox 2329 2842 2417 2871; x_wconf 87' lang='lat' dir='ltr'><strong>sunt</strong></span> <span class='ocrx_word' id='word_1_898' title='bbox 2434 2834 2473 2871; x_wconf 90' lang='lat' dir='ltr'><strong>in</strong></span> <span class='ocrx_word' id='word_1_899' title='bbox 2491 2841 2677 2884; x_wconf 88' lang='lat' dir='ltr'><strong>tempore.</strong></span> <span class='ocrx_word' id='word_1_900' title='bbox 2721 2863 2731 2874; x_wconf 89' lang='lat'><strong>,</strong></span> 
     </span>
    </p>
   </div>
   <div class='ocr_carea' id='block_1_22' title="bbox 1610 2999 2679 3239">
    <p class='ocr_par' dir='ltr' id='par_1_30' title="bbox 1610 2999 2678 3062">
     <span class='ocr_line' id='line_1_125' title="bbox 1611 2999 2678 3035; baseline 0 -9"><span class='ocrx_word' id='word_1_901' title='bbox 1611 3007 1637 3027; x_wconf 88' lang='lat' dir='ltr'><strong>et</strong></span> <span class='ocrx_word' id='word_1_902' title='bbox 1655 3002 1755 3026; x_wconf 86' lang='lat' dir='ltr'><strong>codices</strong></span> <span class='ocrx_word' id='word_1_903' title='bbox 1774 3001 1944 3026; x_wconf 86' lang='lat' dir='ltr'><strong>BDGILRSV</strong></span> <span class='ocrx_word' id='word_1_904' title='bbox 1958 3001 1995 3027; x_wconf 83' lang='lat' dir='ltr'><strong>sic</strong></span> <span class='ocrx_word' id='word_1_905' title='bbox 2007 3006 2209 3035; x_wconf 80' lang='lat' dir='ltr'><strong>prosequuntur,</strong></span> <span class='ocrx_word' id='word_1_906' title='bbox 2223 3001 2303 3027; x_wconf 83' lang='lat' dir='ltr'><strong>simul</strong></span> <span class='ocrx_word' id='word_1_907' title='bbox 2314 3001 2383 3027; x_wconf 72' lang='lat' dir='ltr'><strong>enim</strong></span> <span class='ocrx_word' id='word_1_908' title='bbox 2396 2999 2436 3027; x_wconf 71' lang='lat' dir='ltr'><strong>est</strong></span> <span class='ocrx_word' id='word_1_909' title='bbox 2453 3003 2480 3026; x_wconf 82' lang='lat' dir='ltr'><strong>et</strong></span> <span class='ocrx_word' id='word_1_910' title='bbox 2498 3000 2555 3026; x_wconf 76' lang='lat' dir='ltr'><strong>dies</strong></span> <span class='ocrx_word' id='word_1_911' title='bbox 2567 3003 2594 3026; x_wconf 68' lang='lat' dir='ltr'><strong>et</strong></span> <span class='ocrx_word' id='word_1_912' title='bbox 2605 3007 2678 3026; x_wconf 77' lang='lat' dir='ltr'><strong>men-</strong></span> 
     </span>
     <span class='ocr_line' id='line_1_126' title="bbox 1610 3037 2364 3062; baseline -0.001 0"><span class='ocrx_word' id='word_1_913' title='bbox 1610 3037 1647 3062; x_wconf 79' lang='lat' dir='ltr'><strong>sis</strong></span> <span class='ocrx_word' id='word_1_914' title='bbox 1665 3040 1692 3062; x_wconf 81' lang='lat' dir='ltr'><strong>et</strong></span> <span class='ocrx_word' id='word_1_915' title='bbox 1709 3044 1805 3062; x_wconf 80' lang='lat' dir='ltr'><strong>annus.</strong></span> <span class='ocrx_word' id='word_1_916' title='bbox 2358 3057 2364 3061; x_wconf 78' lang='grc'><strong>.</strong></span> 
     </span>
    </p>

    <p class='ocr_par' dir='ltr' id='par_1_31' title="bbox 1610 3070 2679 3239">
     <span class='ocr_line' id='line_1_127' title="bbox 1664 3070 2679 3104; baseline 0.002 -8"><span class='ocrx_word' id='word_1_917' title='bbox 1664 3071 1688 3104; x_wconf 80' lang='grc' dir='ltr'><strong>ὃ)</strong></span> <span class='ocrx_word' id='word_1_918' title='bbox 1708 3072 1780 3104; x_wconf 82' lang='lat' dir='ltr'><strong>quod</strong></span> <span class='ocrx_word' id='word_1_919' title='bbox 1798 3071 1865 3097; x_wconf 76' lang='lat' dir='ltr'><strong>mua</strong></span> <span class='ocrx_word' id='word_1_920' title='bbox 1883 3079 1953 3097; x_wconf 85' lang='lat' dir='ltr'><strong>nunc</strong></span> <span class='ocrx_word' id='word_1_921' title='bbox 1965 3072 2037 3104; x_wconf 79' lang='lat' dir='ltr'><strong>quod</strong></span> <span class='ocrx_word' id='word_1_922' title='bbox 2049 3075 2089 3097; x_wconf 82' lang='lat' dir='ltr'><strong>est</strong></span> <span class='ocrx_word' id='word_1_923' title='bbox 2100 3075 2171 3101; x_wconf 78' lang='lat' dir='ltr'><strong>ante,</strong></span> <span class='ocrx_word' id='word_1_924' title='bbox 2185 3072 2265 3097; x_wconf 80' lang='lat' dir='ltr'><strong>simul</strong></span> <span class='ocrx_word' id='word_1_925' title='bbox 2283 3072 2326 3097; x_wconf 81' lang='lat' dir='ltr'><strong>sit.</strong></span> <span class='ocrx_word' id='word_1_926' title='bbox 2339 3085 2359 3091; x_wconf 94' lang='lat'>—</span> <span class='ocrx_word' id='word_1_927' title='bbox 2372 3071 2391 3097; x_wconf 80' lang='grc' dir='ltr'><em>Ρ</em></span> <span class='ocrx_word' id='word_1_928' title='bbox 2405 3076 2430 3096; x_wconf 79' lang='lat' dir='ltr'><strong>et</strong></span> <span class='ocrx_word' id='word_1_929' title='bbox 2449 3071 2490 3096; x_wconf 88' lang='lat' dir='ltr'><strong>ed.</strong></span> <span class='ocrx_word' id='word_1_930' title='bbox 2508 3070 2585 3103; x_wconf 80' lang='lat'>1545;</span> <span class='ocrx_word' id='word_1_931' title='bbox 2605 3071 2679 3104; x_wconf 72' lang='lat' dir='ltr'><strong>quod</strong></span> 
     </span>
     <span class='ocr_line' id='line_1_128' title="bbox 1611 3106 2679 3140; baseline -0.001 -8"><span class='ocrx_word' id='word_1_932' title='bbox 1611 3110 1674 3132; x_wconf 77' lang='lat' dir='ltr'><strong>ante</strong></span> <span class='ocrx_word' id='word_1_933' title='bbox 1691 3107 1727 3132; x_wconf 85' lang='lat' dir='ltr'><strong>sit</strong></span> <span class='ocrx_word' id='word_1_934' title='bbox 1745 3107 1812 3132; x_wconf 80' lang='lat' dir='ltr'><strong>illud</strong></span> <span class='ocrx_word' id='word_1_935' title='bbox 1830 3114 1900 3132; x_wconf 82' lang='lat' dir='ltr'><strong>nunc</strong></span> <span class='ocrx_word' id='word_1_936' title='bbox 1918 3107 1981 3135; x_wconf 79' lang='lat' dir='ltr'><strong>Eab,</strong></span> <span class='ocrx_word' id='word_1_937' title='bbox 2001 3107 2073 3139; x_wconf 80' lang='lat' dir='ltr'><strong>quod</strong></span> <span class='ocrx_word' id='word_1_938' title='bbox 2091 3107 2198 3140; x_wconf 80' lang='lat' dir='ltr'><strong>quando</strong></span> <span class='ocrx_word' id='word_1_939' title='bbox 2221 3107 2288 3132; x_wconf 84' lang='lat' dir='ltr'><strong>illud</strong></span> <span class='ocrx_word' id='word_1_940' title='bbox 2312 3114 2381 3132; x_wconf 83' lang='lat' dir='ltr'><strong>nunc</strong></span> <span class='ocrx_word' id='word_1_941' title='bbox 2405 3107 2590 3139; x_wconf 75' lang='lat' dir='ltr'><strong>corrumpitur</strong></span> <span class='ocrx_word' id='word_1_942' title='bbox 2607 3106 2679 3140; x_wconf 79' lang='lat' dir='ltr'><strong>quod</strong></span> 
     </span>
     <span class='ocr_line' id='line_1_129' title="bbox 1610 3141 2679 3175; baseline -0.001 -8"><span class='ocrx_word' id='word_1_943' title='bbox 1610 3143 1690 3168; x_wconf 84' lang='lat' dir='ltr'><strong>simu!</strong></span> <span class='ocrx_word' id='word_1_944' title='bbox 1707 3143 1742 3167; x_wconf 78' lang='lat' dir='ltr'><strong>sit</strong></span> <span class='ocrx_word' id='word_1_945' title='bbox 1761 3143 1790 3173; x_wconf 87' lang='lat' dir='ltr'><strong>L,</strong></span> <span class='ocrx_word' id='word_1_946' title='bbox 1802 3142 1874 3175; x_wconf 85' lang='lat' dir='ltr'><strong>quod</strong></span> <span class='ocrx_word' id='word_1_947' title='bbox 1885 3145 1933 3167; x_wconf 82' lang='lat' dir='ltr'><strong>aut</strong></span> <span class='ocrx_word' id='word_1_948' title='bbox 1952 3142 2020 3167; x_wconf 81' lang='lat' dir='ltr'><strong>illud</strong></span> <span class='ocrx_word' id='word_1_949' title='bbox 2033 3150 2103 3167; x_wconf 84' lang='lat' dir='ltr'><strong>nunc</strong></span> <span class='ocrx_word' id='word_1_950' title='bbox 2120 3142 2156 3167; x_wconf 81' lang='lat' dir='ltr'><strong>sit</strong></span> <span class='ocrx_word' id='word_1_951' title='bbox 2169 3143 2249 3167; x_wconf 79' lang='lat' dir='ltr'><strong>simul</strong></span> <span class='ocrx_word' id='word_1_952' title='bbox 2262 3142 2342 3171; x_wconf 80' lang='lat' dir='ltr'>HNR.</span> <span class='ocrx_word' id='word_1_953' title='bbox 2357 3142 2428 3175; x_wconf 79' lang='lat' dir='ltr'><strong>quod</strong></span> <span class='ocrx_word' id='word_1_954' title='bbox 2441 3145 2503 3166; x_wconf 78' lang='lat' dir='ltr'><strong>ante</strong></span> <span class='ocrx_word' id='word_1_955' title='bbox 2522 3141 2588 3167; x_wconf 76' lang='lat' dir='ltr'><strong>illud</strong></span> <span class='ocrx_word' id='word_1_956' title='bbox 2609 3148 2679 3167; x_wconf 76' lang='lat' dir='ltr'><strong>nunc</strong></span> 
     </span>
     <span class='ocr_line' id='line_1_130' title="bbox 1612 3175 2676 3211; baseline 0 -9"><span class='ocrx_word' id='word_1_957' title='bbox 1612 3178 1647 3203; x_wconf 83' lang='lat' dir='ltr'><strong>sit</strong></span> <span class='ocrx_word' id='word_1_958' title='bbox 1665 3177 1744 3203; x_wconf 81' lang='lat' dir='ltr'><strong>simul</strong></span> <span class='ocrx_word' id='word_1_959' title='bbox 1756 3183 1818 3208; x_wconf 85' lang='lat' dir='ltr'><strong>cet.;</strong></span> <span class='ocrx_word' id='word_1_960' title='bbox 1834 3178 1881 3202; x_wconf 85' lang='lat' dir='ltr'><strong>sed</strong></span> <span class='ocrx_word' id='word_1_961' title='bbox 1900 3178 1925 3202; x_wconf 88' lang='lat' dir='ltr'><strong>in</strong></span> <span class='ocrx_word' id='word_1_962' title='bbox 1944 3178 1967 3202; x_wconf 90' lang='lat' dir='ltr'>H</span> <span class='ocrx_word' id='word_1_963' title='bbox 1988 3178 2140 3211; x_wconf 81' lang='lat' dir='ltr'><strong>expungitur</strong></span> <span class='ocrx_word' id='word_1_964' title='bbox 2158 3180 2206 3202; x_wconf 80' lang='lat' dir='ltr'><strong>aut</strong></span> <span class='ocrx_word' id='word_1_965' title='bbox 2224 3183 2250 3203; x_wconf 86' lang='lat' dir='ltr'><strong>et</strong></span> <span class='ocrx_word' id='word_1_966' title='bbox 2269 3177 2294 3202; x_wconf 93' lang='lat' dir='ltr'><strong>in</strong></span> <span class='ocrx_word' id='word_1_967' title='bbox 2313 3178 2347 3203; x_wconf 93' lang='lat' dir='ltr'><strong>GI</strong></span> <span class='ocrx_word' id='word_1_968' title='bbox 2366 3180 2437 3203; x_wconf 78' lang='lat' dir='ltr'><strong>ante.</strong></span> <span class='ocrx_word' id='word_1_969' title='bbox 2448 3177 2539 3202; x_wconf 82' lang='lat' dir='ltr'><strong>-Post</strong></span> <span class='ocrx_word' id='word_1_970' title='bbox 2557 3175 2676 3202; x_wconf 73' lang='lat' dir='ltr'><strong>omnibus</strong></span> 
     </span>
     <span class='ocr_line' id='line_1_131' title="bbox 1614 3213 1894 3239; baseline -0.004 0"><span class='ocrx_word' id='word_1_971' title='bbox 1614 3213 1711 3239; x_wconf 87' lang='lat' dir='ltr'><strong>addunt</strong></span> <span class='ocrx_word' id='word_1_972' title='bbox 1728 3213 1789 3238; x_wconf 79' lang='lat' dir='ltr'><strong>aliis</strong></span> <span class='ocrx_word' id='word_1_973' title='bbox 1808 3213 1894 3238; x_wconf 74' lang='lat' dir='ltr'><strong>PEab.</strong></span> 
     </span>
    </p>
   </div>
   <div class='ocr_carea' id='block_1_23' title="bbox 1533 3406 1640 3460">
    <p class='ocr_par' dir='ltr' id='par_1_32' title="bbox 1533 3406 1640 3460">
     <span class='ocr_line' id='line_1_132' title="bbox 1533 3406 1640 3460; baseline 0 0"><span class='ocrx_word' id='word_1_974' title='bbox 1533 3406 1640 3460; x_wconf 47' lang='lat' dir='ltr'>Q</span> 
     </span>
    </p>
   </div>
   <div class='ocr_carea' id='block_1_24' title="bbox 2700 0 2950 4004">
    <p class='ocr_par' dir='ltr' id='par_1_33' title="bbox 2700 0 2950 4004">
     <span class='ocr_line' id='line_1_133' title="bbox 2700 0 2950 4004; baseline 0 0"><span class='ocrx_word' id='word_1_975' title='bbox 2700 0 2950 4004; x_wconf 95' lang='lat' dir='ltr'><strong> </strong></span> 
     </span>
    </p>
   </div>
  </div>
 </body>
</html>
