2898 3996
1151 240 1261 276 cAP.
1291 241 1342 287 X,
1372 239 1522 276 LECT.
1552 241 1675 276 xxm

2410 241 2486 286 455

876 478 1175 534 LECTIO
1213 479 1934 535 VIGESIMATERTIA

380 638 573 669 OSTENSA
596 638 789 670 UNITATE
811 638 927 668 PRIMI
953 636 1162 675 MOTORIS,
1186 638 1215 667 A
1238 637 1330 674 QUO
1353 637 1433 668 EST
1455 638 1605 669 MOTUS
1629 638 1794 669 SEMPER
1817 639 2065 670 CONTINUUS
2089 641 2146 670 ET
2170 641 2420 681 UNIFORMIS,

604 700 916 732 CONCLUDITUR
939 699 1107 729 PRIMUM
1129 698 1304 730 MOVENS
1327 699 1506 730 NULLAM
1529 700 1700 731 HABERE
1723 701 1851 732 POSSE
1874 702 2210 733 MAGNITUDINEM

313 845 412 877 Ἐπεὶ
437 838 465 874 δ’
488 843 520 875 ἐν
545 847 616 880 τοῖς
643 842 732 875 οὖσιν
760 842 890 889 ἀνάγκη
918 842 970 875 ἀεὶ
993 847 1117 882 κίνησιν
1140 842 1224 877 εἶναι
1240 846 1376 890 συνεχῆ,

389 886 477 924 αὕτη
503 883 540 918 δὲ
565 889 627 929 μία
652 889 764 928 ἐστίν,
798 885 927 933 ἀνάγκη
954 885 991 920 δὲ
1016 890 1078 926 την
1109 891 1187 932 μίαν
1219 888 1376 934 μεγέθους

387 930 429 962 τέ
452 940 542 967 τινος
574 927 658 962 εἶναι
684 931 740 974 (οὐ
773 932 837 976 γάρ
868 936 1012 965 κινεῖται
1042 933 1083 965 τὸ
1117 931 1294 979 ἀμέγεθες)
1319 934 1378 964 καὶ

388 973 459 1011 ἑνὸς
482 976 540 1006 καὶ
565 972 616 1016 ὑφ’
638 975 721 1013 ἑνός·
750 976 787 1010 οὐ
811 976 875 1022 γάρ
902 975 999 1009 ἔσται
1024 977 1179 1020 συνεχής,
1207 975 1279 1008 ἀλλ’
1303 975 1379 1021 ἐχο-

387 1017 468 1061 μένη
495 1017 597 1062 ἑτέρα
624 1018 742 1063 ἑτέροις
765 1023 823 1052 καὶ
847 1017 1042 1064 διῃρημένη.
1077 1022 1121 1052 To
1146 1017 1190 1057 δή
1214 1021 1324 1051 κινοῦν
1350 1020 1377 1050 εὶ

388 1061 435 1102 ἕν,
462 1060 483 1098 ἧ
507 1062 699 1106 κινούμενον
723 1069 806 1096 κινεῖ
829 1064 850 1102 ἦ
878 1065 1034 1102 ἀκίνητον
1062 1064 1108 1097 ὅν.

320 1107 359 1138 Εἰ
382 1105 440 1150 μὲν
465 1102 508 1142 δή
532 1105 742 1150 κινούμενον,
769 1107 1024 1142 συνακολουθεῖν
1053 1104 1168 1145 ’δεήσει
1191 1109 1249 1139 καὶ
1273 1118 1379 1151 μετα-

388 1148 523 1190 βάλλειν
556 1150 664 1192 αὐτό,
700 1150 773 1196 ἅμα
795 1148 833 1185 δὲ
862 1152 1023 1184 κινεῖσθαι
1055 1152 1121 1185 ὑπό
1153 1163 1256 1189 τινος·
1290 1150 1376 1183 ὥστε

387 1193 556 1234 στήσεται
586 1196 645 1226 καὶ
676 1194 749 1236 ἥξει
774 1198 817 1234 εἰς
837 1197 884 1229 τὸ
908 1195 1069 1228 κινεῖσθαι
1101 1196 1166 1228 ὑπὸ
1200 1194 1373 1231 ἀκινήτου.

386 1238 497 1269 Τοῦτο
522 1238 588 1283 γάρ
615 1237 673 1270 οὐκ
700 1239 830 1286 ἀνάγκη
849 1240 1157 1285 συμμεταβάλλειν,
1179 1240 1250 1272 ἀλλ’
1274 1239 1325 1271 ἀεί
1343 1249 1377 1271 τι

385 1276 570 1318 δυνήσεται
601 1287 700 1325 κινεῖν
728 1285 872 1326 (ἄπονον
897 1284 961 1331 γάρ
985 1286 1044 1316 καὶ
1069 1285 1110 1317 τὸ
1135 1282 1224 1316 οὕτω
1255 1283 1375 1325 κινεῖν)

318 1328 376 1358 καὶ
402 1325 532 1368 ὁμαλής
559 1326 647 1364 αὕτη
674 1328 694 1364 ἡ
719 1330 844 1366 κίνησις
869 1327 889 1365 ἦ
914 1329 998 1371 μόνη
1024 1327 1045 1366 ἦ
1069 1328 1235 1373 μάλιστα·
1260 1327 1297 1358 οὗ
1313 1326 1377 1372 γάρ

387 1368 456 1413 ἔχει
481 1370 676 1413 μεταβολήν
702 1373 743 1404 τό
766 1373 877 1405 κινοῦν
904 1369 1076 1417 οὐδεμίαν.
1103 1374 1159 1403 Δεῖ
1180 1367 1218 1403 δὲ
1241 1365 1377 1402 οὐδὲτὸ

385 1412 576 1456 κινούμενον
603 1415 683 1457 πρὸς
709 1417 834 1449 ἐκείνου
860 1417 945 1461 ἔχειν
970 1415 1254 1460 μεταβολήν,“ίνά
1277 1415 1377 1459 ὁμοία

387 1455 409 1499 ’ᾖ
434 1458 454 1493 ἠ
478 1459 615 1495 κίνησις.

315 1501 462 1547 Ἀνάγκη
487 1496 530 1537 δή
556 1500 577 1538 ἦ
603 1502 635 1533 ἐν
660 1501 747 1546 μέσῳ
773 1503 794 1540 ἦ
820 1505 852 1535 ἑν
876 1503 984 1545 κύκλῳ
1010 1502 1107 1536 εἶναι·
1136 1503 1241 1536 αὗται
1258 1502 1321 1548 γάρ
1341 1504 1375 1534 αἱ

387 1547 501 1590 ἀρχαί.
533 1545 641 1578 Ἀλλά
668 1546 822 1592 τάχιστα
853 1553 998 1580 κινεῖται
1023 1549 1071 1580 τά
1102 1546 1283 1594 ἐγγύτατα
1313 1547 1376 1578 τοῦ

383 1589 568 1626 κινοῦντος.
596 1591 746 1629 Τοιαύτη
772 1587 800 1623 δ’
825 1592 846 1628 ’ἡ
872 1594 934 1625 τοῦ
960 1592 1037 1624 ὅλου
1061 1594 1199 1629 κίνησις·
1226 1592 1294 1622 ἐκεῖ
1311 1590 1376 1634 ἄρα

385 1635 426 1666 τὸ
451 1634 575 1664 κινοῦν.

311 1678 406 1722 Ἔχει
440 1672 469 1708 δ’
499 1674 667 1720 ἀπορίαν,
704 1679 731 1710 εἰ
768 1674 945 1724 ἐνδέχεταί
983 1691 1016 1712 τι
1049 1678 1240 1722 κινούμενον
1275 1681 1374 1709 κινεῖν

385 1721 542 1776 συνεχῶς,
563 1722 652 1754 ἀλλά
667 1723 714 1767 μή
739 1722 857 1766 ὥσπερ.
873 1724 913 1757 τὸ
938 1722 1042 1755 ὠθοῦν
1064 1722 1166 1755 πάλιν
1183 1724 1239 1753 καὶ
1258 1721 1373 1762 πάλιν,

326 1809 341 1820 ..
385 1767 432 1808 τῷ
459 1766 575 1808 εφεξῆς
599 1764 684 1798 εἶναι
709 1769 865 1812 συνεχῶς·

318 1822 340 1846 η
364 1811 429 1857 γάρ
455 1810 543 1843 αὐτὸ
568 1808 619 1843 δεῖ
642 1810 734 1842 ὠθεῖν
759 1810 781 1847 ἦ
807 1811 934 1852 ἕλκειν,
961 1811 981 1848 ἦ
1009 1811 1124 1855 ἄμφω,
1151 1809 1172 1847 ἦ
1198 1808 1311 1850 ἕτερόν
1341 1822 1375 1843 τι

383 1851 603 1900 ἐκδεχόμενον
630 1856 714 1887 ἄλλο
739 1856 815 1899 παρ’
840 1855 956 1895 ἄλλου,
982 1854 1091 1899 ὥσπερ
1117 1854 1228 1887 πάλαι
1254 1853 1373 1900 ἑλέγθη

383 1900 438 1931 ἐπὶ
464 1900 530 1931 τῶν
555 1898 796 1945 ῥιπτουμένων.
834 1899 873 1929 Εἰ
897 1894 935 1930 δὲ
959 1895 1127 1944 διαιρετὸς
1157 1897 1199 1930 ὢν
1227 1899 1242 1929 ὁ
1265 1892 1333 1942 ἀήρ
1354 1898 1374 1935 ἦ

383 1943 425 1975 τὸ
451 1938 536 1987 ὕδωρ
560 1947 661 1984 κινεῖ,
689 1941 761 1975 ἀλλ’
790 1943 832 1980 ὠς
860 1943 910 1975 ἀεὶ
938 1943 1148 1987 κινούμενος,
1181 1943 1374 1986 ἀμφοτέρως

382 1983 413 2018 δ’
440 1985 504 2031 οὐχ
530 1987 639 2019 οἷόντε
664 1989 742 2031 μίαν
768 1984 866 2028 εἶναι,
895 1985 968 2019 ἀλλ’
998 1986 1173 2032 ἐχομένην·
1200 1987 1283 2031 μόνη
1311 1988 1376 2031 ἄρα

384 2032 525 2076 συνεχής
551 2032 591 2068 ἦν
615 2034 698 2062 κινεῖ
721 2030 762 2062 τὸ
789 2031 960 2067 ἀκίνητον·
990 2031 1040 2063 ἀεὶ
1065 2031 1129 2077 γάρ
1156 2032 1274 2075 ὁμοίως
1298 2031 1375 2077 ἔχον

384 2077 441 2106 καὶ
467 2075 547 2119 πρὸς
573 2075 614 2107 τὸ
638 2074 830 2117 κινούμενον
859 2075 978 2118 ὁμοίως
1003 2073 1068 2115 ἕξει
1091 2076 1149 2107 καὶ
1173 2076 1328 2120 συνεχῶς.

317 2163 541 2206 Διωρισμένων
566 2158 604 2195 ’δέ
628 2161 775 2202 τούτων,
794 2172 875 2204 φανε
899 2162 933 2194 ὸν
960 2162 1013 2195 ὅτι
1036 2156 1206 2194 ἀδύνατον
1232 2161 1272 2193 τὸ
1291 2162 1377 2205 πρῶ-

384 2218 443 2238 τον
467 2208 577 2240 κινοῦν
607 2209 665 2239 καὶ
693 2207 851 2243 ἀκίνητον
877 2218 963 2252 εχειν
997 2218 1030 2238 τι
1063 2205 1214 2251 μέγεθος.
1250 2206 1287 2236 Εἰ
1311 2205 1375 2250 γάρ

383 2251 521 2297 μέγεθος
546 2252 628 2296 ἔχει,
649 2249 779 2296 ἀνάγκη
799 2250 878 2287 ἦτοι
903 2249 1155 2294 πεπερασμένον
1181 2249 1269 2281 αὐτὸ
1289 2247 1374 2281 εἶναι

384 2293 405 2330 ἦ
433 2296 511 2328 ἄπει
534 2308 580 2328 ον.
609 2296 765 2337 Ἀπειρον
790 2293 930 2339 μὲνοῦν
958 2294 1010 2331 ὅτι
1035 2294 1094 2326 οὐκ
1119 2288 1297 2338 ἐνδέχεται
1319 2293 1377 2336 με’-

382 2339 476 2383 γεθος
495 2351 592 2380 ειναι,
608 2335 780 2372 δέδεικται
803 2337 964 2383 πρότερον
989 2337 1021 2371 ἐν
1047 2341 1116 2375 τοῖς
1142 2341 1299 2380 φυσικοῖς·
1320 2336 1373 2369 ὅτι

380 2380 418 2416 δὲ
443 2384 484 2417 τὸ
515 2382 768 2438 πεπερασμένον
803 2381 973 2416 ἀδύνατον
1000 2382 1086 2427 ἐ’χειν
1112 2377 1252 2425 δύναμιν
1280 2380 1373 2413 ἄπει-

381 2440 454 2472 ρον,
479 2429 537 2459 καὶ
563 2427 616 2460 ὅτι
644 2426 815 2461 &advoca-ov
842 2427 907 2459 ὑπὸ
932 2425 1186 2469 πεπερασμένου
1211 2424 1372 2456 κινεῖσθαί

381 2484 415 2505 τι
442 2473 578 2516 ἄπειρον
602 2471 733 2518 χρόνον,
751 2466 925 2503 δέδεικται
948 2471 1017 2502 νῦν.
1045 2470 1090 2501 Τὸ
1115 2465 1152 2502 δέ
1176 2482 1214 2515 γε
1240 2471 1370 2513 πρῶτον

380 2518 492 2549 κινοῦν
521 2516 735 2549 ἀΐδιονκινεῖ
756 2517 881 2552 κίνησιν
905 2516 964 2546 καὶ
987 2514 1122 2557 ἄπειρον
1147 2514 1277 2558 χρόνον.
1304 2514 1372 2544 Φα-

380 2561 471 2603 νερὸν
504 2563 613 2593 τοίνυν
652 2560 704 2592 ὅτι
742 2555 933 2604 ἀδιαίρετόν
968 2556 1041 2590 ἐστι
1071 2560 1129 2589 καὶ
1153 2556 1280 2602 ’,ιάμερὲς
1314 2559 1371 2588 καὶ

382 2601 479 2636 οὐδὲν
505 2605 581 2648 ἔχον
607 2603 757 2649 μέγεθος.

369 2759 508 2787 SYNOPSIS
525 2773 559 2778 -
580 2766 603 2784 1.
625 2757 835 2793 Argumentum
863 2761 892 2783 et
919 2754 1020 2782 divisio
1050 2760 1150 2785 textus.
1165 2770 1184 2775 -
1204 2761 1230 2781 2.
1252 2755 1373 2781 Necesse

315 2804 359 2827 est
385 2798 510 2835 primum
538 2802 683 2824 motorem
711 2804 771 2823 esse
802 2804 901 2822 unum.
933 2795 1007 2822 Nam
1034 2802 1150 2821 necesse
1178 2799 1221 2820 est
1247 2792 1373 2829 aliquem

315 2843 429 2866 motum
450 2836 618 2865 continuum
645 2844 758 2871 semper
779 2843 849 2862 esse.
871 2835 968 2861 Motus
989 2839 1085 2860 autem
1111 2832 1264 2860 continuus
1285 2841 1372 2868 opor-

315 2884 356 2906 tet
377 2877 456 2914 quod
477 2876 512 2904 sit
531 2884 615 2903 unus.
638 2875 695 2902 Sed
715 2883 776 2902 non
795 2879 890 2910 potest
910 2882 971 2901 esse
991 2882 1082 2907 unus,
1103 2871 1164 2899 'nisi
1185 2871 1220 2899 sit
1241 2877 1269 2899 et
1288 2870 1373 2898 unius

314 2915 520 2953 magnitudinis
541 2921 654 2949 motae,
672 2919 700 2941 et
719 2914 755 2941 ab
776 2922 836 2941 uno
862 2918 984 2940 motore.
1007 2913 1128 2939 Necesse
1150 2917 1192 2939 est
1211 2910 1296 2947 igitur
1315 2910 1373 2946 pri-

315 2966 397 2984 mum
422 2964 542 2984 movens
563 2963 624 2982 esse
645 2962 746 2981 unum.
768 2969 787 2974 —
810 2953 835 2980 3.
859 2951 1016 2987 Quomodo
1037 2951 1073 2979 ab
1093 2959 1153 2978 uno
1172 2956 1284 2978 motore
1305 2958 1374 2986 pos-

313 2995 352 3023 sit
382 3004 444 3023 esse
471 3000 567 3031 motus
597 2992 760 3021 continuus.
796 2992 870 3019 Cum
900 2997 1048 3018 motorum
1076 2996 1104 3018 et
1132 2989 1283 3017 mobilium
1313 2998 1374 3017 non

315 3034 407 3071 possit
427 3042 488 3062 esse
504 3042 654 3070 processus
676 3031 706 3059 in
724 3031 877 3066 infinitum,
897 3036 1010 3066 oportet
1030 3029 1176 3066 pervenire
1197 3029 1234 3056 ad
1255 3028 1374 3065 aliquod

315 3073 443 3110 primum
466 3072 582 3108 mobile,
605 3071 684 3109 quod
705 3077 854 3100 moveatur
876 3071 912 3098 ab
940 3069 1080 3097 immobili
1104 3074 1225 3097 motore.
1254 3069 1373 3095 Movens

314 3118 414 3141 autem
434 3112 582 3140 immobile
602 3120 663 3139 non
684 3117 810 3138 mutatur
824 3119 841 3138 a
854 3118 906 3137 sua
927 3108 1113 3145 dispositione
1135 3114 1162 3136 et
1183 3113 1224 3135 est
1244 3106 1372 3143 infatiga-

316 3151 382 3180 bile.
403 3153 480 3188 Ergo
501 3157 596 3187 potest
615 3159 731 3178 movere
755 3155 836 3177 motu
857 3148 995 3177 continuo
1017 3147 1199 3184 sempiterno.
1221 3163 1240 3168 -
1260 3155 1288 3181 4.
1309 3147 1373 3174 Mo-

316 3197 363 3219 tus
384 3191 434 3227 qui
455 3196 497 3218 est
517 3199 534 3218 a
554 3195 667 3218 motore
692 3188 842 3223 immobili,
864 3194 907 3215 est
926 3187 1049 3215 maxime
1070 3186 1218 3223 regularis:
1242 3192 1283 3213 est
1303 3194 1372 3222 ergo

316 3230 440 3267 perfecte
467 3238 542 3258 unus
570 3235 598 3256 et
625 3228 785 3257 continuus.
813 3227 894 3255 Patet
920 3227 1106 3254 antecedens:
1138 3235 1207 3253 nam
1232 3225 1311 3261 quod
1333 3225 1378 3252 est

312 3278 432 3305 semper
455 3269 529 3304 tale,
557 3277 610 3295 nec
634 3277 723 3296 unam
750 3267 858 3295 habens
878 3265 1082 3300 mutationem,
1111 3264 1233 3292 maxime
1260 3269 1373 3291 motum

317 3309 492 3336 uniformem
513 3313 618 3335 causat.
640 3323 659 3328 -
679 3307 894 3334 Advertendum
914 3311 1011 3332 tamen
1031 3305 1111 3341 quod
1132 3304 1169 3331 ad
1189 3305 1245 3331 hoc
1265 3309 1296 3330 ut
1310 3312 1374 3331 mo-

316 3355 363 3376 tus
388 3348 424 3375 sit
450 3346 604 3384 regularis,
632 3345 783 3382 requiritur
811 3345 896 3372 etiam
924 3345 1003 3380 quod
1031 3343 1137 3371 mobile
1165 3351 1224 3370 non
1252 3342 1375 3378 patiatur

319 3387 446 3424 aliquam
473 3385 680 3420 mutationem,
714 3394 766 3421 per
796 3393 883 3421 quam
912 3383 1036 3411 varietur
1066 3382 1126 3410 eius
1156 3381 1305 3417 dispositio
1337 3381 1373 3408 ad

318 3433 446 3455 motum:
469 3425 509 3454 sic
536 3425 613 3453 enim
633 3430 730 3452 motus
751 3433 811 3451 non
832 3429 906 3451 esset
925 3422 1083 3450 uniformis.
1105 3437 1124 3443 -
1149 3421 1176 3450 5.
1199 3420 1374 3456 Principium

313 3465 404 3503 ⁴primi
432 3471 527 3493 motus
556 3463 701 3499 continui,
730 3463 779 3500 qui
807 3469 848 3491 est
876 3469 972 3490 motus
999 3461 1161 3495 circularis,
1190 3469 1250 3488 non
1277 3466 1319 3487 est
1343 3459 1372 3487 in

271 3503 273 3505 ¹
319 3512 416 3534 centro
438 3505 488 3533 sed
509 3503 667 3532 in-circulo.
691 3503 807 3537 Quanto
826 3502 903 3530 enim
924 3507 1020 3529 motus
1038 3507 1080 3528 est
1093 3499 1282 3537 propinquior
1295 3499 1372 3535 prin-

315 3544 394 3582 cipio
416 3543 557 3579 moventi,
579 3549 659 3571 tanto
681 3549 723 3570 est
744 3541 884 3578 velocior;
910 3541 961 3569 sed
979 3540 1109 3569 videmus
1134 3539 1163 3567 in
1184 3545 1265 3567 motu
1286 3536 1372 3566 totiu's

2365 785 2480 799 “1¹“ss

1429 844 1447 864 *
1466 845 1628 882 Quoniam
1658 854 1764 878 autem
1792 848 1824 878 in
1854 850 1901 880 his
1930 860 2011 890 quae
2039 858 2112 882 sunt
2138 862 2262 883 necesse
2292 860 2337 884 est
2364 864 2487 895 semper

1498 900 1563 920 esse
1586 897 1712 921 motum
1736 892 1939 931 continuum,
1964 894 2015 924 hic
2039 902 2144 925 autem
2168 906 2250 926 unus
2275 904 2336 935 est;
2361 908 2485 929 necesse

1497 940 1603 964 autem
1621 944 1723 964 unum
1738 936 1961 976 magnitudinis
1978 938 2108 969 alicuius
2124 939 2190 969 esse
2214 938 2298 982 (non
2317 941 2401 971 enim
2417 952 2485 973 mo-

1496 984 1586 1007 vetur
1599 977 1811 1022 impartibile),
1822 987 1851 1010 et
1867 981 1961 1011 unius
1978 988 2007 1011 et
2021 983 2058 1012 ab
2070 993 2135 1012 uno
2148 981 2228 1024 (non
2244 984 2329 1014 enirn
2345 985 2401 1016 erit
2412 995 2485 1016 con-

1496 1020 1615 1060 tinuus,
1632 1022 1686 1051 sed
1700 1023 1824 1053 habitus
1840 1024 1915 1054 alter
1931 1025 2016 1055 alteri
2032 1032 2062 1056 et
2078 1025 2224 1068 divisus):
2248 1038 2379 1058 movens
2394 1029 2487 1068 igitur

1454 1105 1461 1111 ·
1496 1073 1598 1112 unum
1617 1072 1671 1114 aut
1688 1073 1820 1096 motum,
1833 1075 1940 1098 movet
1955 1075 2009 1098 aut
2026 1069 2190 1100 immobile
2210 1071 2351 1102 existens.

1431 1105 1463 1135 S1
1475 1107 1605 1156 quidem
1619 1115 1712 1148 1g1tur
1723 1117 1858 1149 motum,
1867 1112 2016 1152 consequi
2032 1114 2191 1153 oportebit
2198 1121 2228 1145 et
2238 1116 2353 1146 mutari
2364 1115 2485 1155 ipsum3

1497 1151 1592 1200 simul
1615 1158 1720 1182 autem
1743 1155 1863 1184 moveri
1886 1157 1924 1185 ab
1949 1156 2066 1196 aiiquo.
2091 1158 2195 1194 Quare
2219 1159 2320 1197 stabit,
2337 1165 2366 1189 et
2384 1159 2487 1190 veniet

1496 1204 1529 1223 m
1551 1205 1658 1234 ipsum
1686 1198 1807 1228 moveri
1839 1199 1876 1228 ab
1909 1199 2074 1231 immobili.
2107 1202 2178 1231 Hoc
2206 1209 2312 1232 autem
2339 1213 2406 1232 non
2432 1213 2484 1233 ne-

1497 1248 1580 1287 cesse
1604 1245 1650 1269 est
1673 1240 1768 1270 simul
1798 1248 1938 1281 mutare,
1969 1244 2024 1273 sed
2052 1254 2175 1284 semper
2197 1246 2311 1285 poterit
2340 1254 2484 1276 movere:

1496 1282 1686 1322 1nfatigabile
1711 1284 1795 1314 enirn
1819 1292 1864 1316 est
1887 1286 1930 1316 sic
1952 1297 2089 1318 movere.

1430 1325 1471 1355 Et
1492 1326 1641 1366 regularis
1664 1327 1714 1357 hic
1743 1335 1850 1359 motus
1881 1336 1927 1360 est
1960 1337 2014 1361 aut
2042 1331 2127 1361 solus
2161 1339 2214 1362 aut
2236 1332 2389 1363 maxime:
2421 1342 2486 1363 non

1497 1369 1581 1399 enim
1603 1370 1697 1401 habet
1719 1372 1928 1403 mutationem
1963 1384 2065 1414 neque
2093 1385 2191 1405 unam
2213 1381 2354 1406 movens.
2380 1376 2484 1416 Opor-

1495 1419 1539 1462 tet
1554 1420 1661 1444 autem
1679 1424 1782 1456 neque
1798 1417 1890 1457 quod·
1901 1425 2048 1448 movetur
2061 1419 2147 1449 iuxta
2161 1418 2240 1450 illud
2255 1419 2366 1449 habere
2385 1426 2486 1450 muta-

1497 1463 1628 1496 tionem,
1648 1465 1802 1498 quatenus
1822 1460 1930 1491 similis
1950 1462 1989 1492 sit
2006 1468 2124 1493 motus

1429 1500 1446 1519 ’¹‘
1461 1501 1594 1531 Necesse
1614 1509 1659 1532 est
1674 1510 1780 1533 autern
1802 1512 1857 1535 aut
1876 1505 1908 1534 in
1924 1505 2029 1535 medio
2046 1513 2099 1536 aut
2113 1506 2146 1536 in
2163 1506 2278 1537 circulo
2309 1514 2389 1537 esse:
2410 1506 2485 1537 haec

1497 1545 1581 1594 enim
1595 1545 1748 1586 principia
1772 1555 1854 1578 sunt.
1887 1549 1947 1579 Sed
1971 1549 2059 1580 citius
2076 1557 2244 1580 moventur
2258 1550 2401 1590 proxima
2416 1561 2486 1581 mo-

1494 1595 1598 1628 vent1;
1621 1589 1805 1621 huiusmodi
1827 1599 1933 1622 autem
1950 1600 1995 1624 est
2009 1594 2106 1624 totius
2129 1600 2254 1625 motus:
2278 1594 2322 1624 ibi
2345 1604 2418 1634 ergo
2441 1600 2487 1624 est

1495 1642 1637 1663 movens.

1428 1675 1445 1694 '¹‘
1461 1676 1564 1706 Habet
1586 1683 1693 1707 autem
1708 1678 1935 1710 dubitationem
1950 1680 1975 1710 si
1991 1681 2149 1721 contingat
2168 1681 2297 1722 aliquod
2313 1682 2401 1722 quod
2417 1691 2484 1711 mo-

1494 1726 1584 1769 vetur
1598 1731 1725 1752 movere
1742 1723 1908 1761 continue3
1933 1724 1987 1754 sed
2002 1734 2067 1755 non
2083 1725 2163 1756 sicut
2187 1725 2351 1765 impellens
2371 1725 2485 1756 iterum

1496 1769 1526 1793 et
1547 1770 1672 1803 iterum,
1697 1774 1923 1806 consequenter
1946 1778 2012 1798 esse
2035 1769 2193 1800 continue.

1428 1809 1494 1836 Aut
1510 1807 1716 1857 enimeipsum
1732 1817 1858 1850 oportet
1870 1811 2029 1851 impellere
2052 1819 2106 1842 aut
2124 1813 2242 1843 trahere
2265 1819 2319 1843 aut
2342 1818 2484 1853 utraque,

1495 1857 1550 1881 aut
1571 1851 1689 1892 ahquid
1712 1854 1798 1884 aliud
1821 1853 2003 1894 contingens
2027 1856 2112 1886 aliud
2135 1857 2173 1887 ab
2199 1856 2280 1895 alio,
2305 1856 2384 1886 sicut
2407 1857 2485 1887 olim

1495 1895 1615 1925 dictum
1645 1904 1690 1928 est
1715 1898 1748 1927 in
1777 1898 1824 1928 his
1854 1909 1934 1939 quae
1964 1899 2181 1939 proiiciuntur.
2212 1900 2245 1930 Si
2275 1906 2381 1930 autem
2412 1911 2483 1931 cum

1496 1939 1655 1971 divisibilis
1679 1941 1734 1979 sit,
1759 1952 1809 1972 aer
1839 1949 1893 1972 aut
1916 1953 1998 1983 aqua
2020 1951 2144 1982 movet,
2171 1944 2225 1974 sed
2253 1944 2332 1974 sicut
2361 1954 2484 1984 semper

1494 1989 1613 2022 motuS‚
1629 1985 1798 2025 utrobique
1814 1993 1919 2016 autem
1935 1997 2000 2017 non
2016 1988 2163 2027 possibile
2179 1994 2225 2017 est
2240 1994 2366 2018 motum
2382 1998 2485 2018 unum

1496 2036 1581 2066 esse,
1610 2029 1665 2062 sed
1687 2029 1838 2060 habitum.
1864 2030 1956 2060 Solus
1979 2031 2084 2072 itaque
2116 2032 2284 2062 continuus
2313 2038 2358 2062 est
2388 2042 2485 2071 quem

1494 2078 1602 2102 movet
1623 2073 1797 2103 immobile.
1822 2074 1952 2114 Semper
1975 2075 2060 2105 enim
2084 2075 2224 2105 similiter
2247 2085 2279 2105 se
2302 2075 2430 2114 habens,
2455 2082 2485 2106 et

1496 2114 1534 2143 ad
1550 2115 1583 2144 id
1598 2117 1686 2156 quod
1701 2124 1847 2148 movetur
1866 2118 2006 2148 similiter
2024 2129 2056 2149 se
2072 2119 2197 2149 habebit
2216 2125 2246 2149 et
2260 2119 2418 2150 continue.

1428 2156 1445 2175 *
1460 2157 1680 2190 Determinatis
1703 2167 1809 2191 autem
1829 2161 1888 2200 his,
1906 2162 2108 2193 manifestum
2132 2169 2177 2193 est
2195 2162 2348 2203 quoniam
2365 2163 2483 2202 impos-

1496 2201 1583 2233 sibile
1603 2210 1648 2234 est
1662 2204 1803 2244 primum
1825 2215 1957 2235 movens
1981 2213 2011 2239 et
2033 2206 2196 2237 immobile
2214 2206 2327 2236 habere
2346 2207 2485 2247 aliquam

1494 2248 1754 2287 magnitudinem.
1784 2248 1816 2278 Si
1840 2249 1924 2279 enim
1947 2249 2197 2289 magnitudinem
2220 2250 2330 2289 habet,
2358 2260 2483 2280 necesse

1495 2297 1541 2320 est
1569 2299 1622 2322 aut
1650 2291 1772 2322 finitam
1803 2292 1905 2331 ipsam
1935 2303 2020 2331 esse,
2052 2299 2108 2323 aut
2134 2293 2298 2324 infinitam.
2327 2293 2484 2324 Infinitam

1494 2335 1625 2375 quidem
1646 2335 1741 2375 igitur
1763 2336 1851 2375 quod
1869 2346 1935 2366 non
1963 2336 2115 2376 contingit
2137 2337 2387 2376 magnitudinem
2406 2347 2482 2376 esse,

1495 2386 1658 2409 ostensum
1681 2387 1726 2410 est
1748 2379 1834 2419 prius
1857 2379 1890 2409 in
1913 2380 2058 2420 physicis.
2088 2380 2185 2416 Quod
2208 2387 2314 2411 autem
2336 2381 2481 2421 impossi-

1494 2423 1555 2453 bile
1579 2430 1624 2453 est
1646 2423 1767 2454 finitam
1795 2423 1908 2453 habere
1936 2423 2090 2454 infinitam
2118 2424 2311 2464 potentiam,
2342 2431 2373 2455 et
2395 2425 2483 2465 quod

1493 2467 1686 2507 impossibile
1711 2473 1756 2498 est
1779 2477 1796 2496 a
1818 2466 1907 2497 finito
1931 2468 2051 2498 moveri
2074 2468 2192 2508 aliquid
2216 2468 2391 2498 secundum
2414 2467 2483 2498 infi-

1493 2511 1595 2541 nitum
1611 2518 1748 2551 tempus,
1769 2511 2018 2541 demonstratum
2037 2518 2083 2541 est
2101 2522 2195 2542 nunc.
2219 2511 2362 2550 Primum
2377 2518 2483 2542 autem

1493 2565 1624 2585 movens
1647 2562 1836 2595 perpetuum
1853 2561 1960 2585 movet
1982 2562 2108 2585 motum
2131 2562 2162 2586 et
2183 2554 2305 2585 infinito
2329 2562 2480 2595 tempore.

1493 2599 1696 2630 Manifestum
1719 2600 1824 2639 itaque
1847 2599 1935 2639 quod
1957 2599 2142 2629 indivisibile
2165 2605 2222 2638 est,
2243 2605 2273 2629 et
2294 2599 2481 2639 impartibile

1495 2649 1525 2673 et
1547 2643 1668 2674 nullam
1691 2643 1807 2673 habens
1830 2642 2089 2683 magnitudinem.

1425 2752 1607 2787 firmamenti,
1623 2752 1672 2789 qui
1689 2757 1730 2779 est
1750 2761 1767 2779 a
1787 2751 1881 2788 primo
1903 2757 2014 2779 motore
2036 2750 2185 2785 immobili,
2208 2750 2287 2786 quod
2302 2756 2410 2786 quanto
2431 2750 2482 2778 ali-

1427 2793 1506 2828 quod
1536 2791 1642 2820 mobile
1676 2791 1766 2828 magis
1796 2790 2007 2827 appropinquat
2036 2799 2186 2826 supremae
2216 2789 2457 2817 circumferentiae
2472 2812 2480 2825 ‚

1426 2837 1507 2859 tanto
1523 2831 1604 2860 citius
1618 2837 1764 2866 movetur3
1787 2839 1853 2866 ergo
1875 2831 1994 2857 movens
2015 2835 2057 2857 est
2076 2829 2106 2856 in
2121 2829 2225 2856 circulo
2247 2835 2275 2856 et
2294 2838 2355 2857 non
2371 2829 2401 2856 in
2415 2838 2482 2857 cen-

1425 2877 1480 2898 tro.
1502 2887 1522 2891 -
1542 2870 1707 2898 Declaratur
1732 2869 1828 2897 minor
1848 2869 2015 2905 argumenti.
2038 2885 2057 2889 —
2085 2869 2112 2896 6.
2139 2864 2305 2896 Excludi'tur
2332 2868 2480 2896 dubitatio.

1426 2909 1554 2938 Primum
1577 2919 1695 2938 movens
1717 2909 1818 2937 dicitur
1839 2917 1900 2936 esse
1921 2908 1951 2936 in
1972 2917 2030 2936 una
2049 2907 2145 2944 potius
2166 2917 2253 2944 quarn
2275 2907 2304 2935 in
2325 2907 2380 2935 alia
2400 2914 2480 2943 parte

1426 2949 1470 2976 sui
1498 2949 1630 2984 mobilis,
1661 2959 1722 2977 non
1748 2957 1799 2984 per
1826 2947 2093 2976 determinationem
2120 2956 2188 2975 suae
2215 2946 2407 2982 substantiae,
2437 2947 2482 2975 vel

1426 2998 1477 3024 per
1490 2987 1656 3016 affixionem
1677 2989 1714 3016 ad
1734 2994 1844 3024 partem
1865 2987 2082 3015 determinatam
2107 2986 2239 3021 mobilis,
2267 2987 2317 3014 sed
2337 2995 2389 3022 per
2418 2984 2480 3014 effi-

1426 3027 1559 3056 cientiam
1580 3034 1694 3063 motus,
1723 3033 1863 3064 quatenus
1892 3035 1925 3054 ex
1946 3027 2040 3063 aliqua
2061 3032 2140 3062 parte
2160 3025 2275 3053 mobilis
2298 3025 2396 3061 incipit
2417 3034 2480 3053 mo-

1425 3076 1499 3095 vere.
1521 3084 1540 3089 -
1560 3068 1717 3102 Quomodo
1744 3067 1879 3103 sphaerae
1904 3066 2074 3094 attribuatur
2101 3065 2180 3101 quod
2200 3065 2285 3092 simul
2305 3074 2371 3092 cum
2398 3070 2480 3092 motu

1425 3106 1511 3134 habet
1540 3108 1686 3143 quandam
1706 3105 1946 3134 immobilitatem.
1969 3122 1988 3126 —
2009 3115 2035 3141 7.
2057 3104 2184 3132 Dubium
2206 3104 2279 3131 circa
2306 3103 2477 3139 praemissa:

1425 3151 1522 3173 utrum
1548 3155 1652 3182 nempe
1680 3154 1799 3173 movens
1827 3151 1937 3173 motum
1959 3143 2049 3180 possit
2070 3152 2185 3171 causare
2206 3148 2318 3170 motum
2341 3142 2401 3169 sine
2421 3142 2480 3170 ulla

1426 3184 1606 3213 intercisione
1630 3185 1807 3213 continuum.
1829 3200 1848 3205 -
1869 3184 1895 3211 8.
1911 3183 2109 3219 Respondetur
2128 3182 2208 3218 quod
2229 3181 2339 3208 nullum
2360 3190 2478 3208 movens

1426 3230 1538 3252 motum
1558 3231 1652 3260 potest
1677 3233 1792 3252 causare
1813 3229 1924 3250 motum
1945 3231 2010 3249 vere
2031 3221 2209 3249 continuum.
2233 3220 2296 3247 Sive
2318 3219 2393 3247 enim
2415 3229 2478 3248 mo-

1426 3270 1490 3291 veat
1509 3263 1696 3300 impellendo,
1718 3263 1775 3290 sive
1796 3262 1953 3296 trahendo,
1983 3266 2097 3296 oportet
2124 3260 2203 3296 quod
2225 3265 2338 3287 moveat
2364 3259 2407 3286 vel
2428 3268 2479 3295 per

1426 3302 1552 3339 seipsum
1573 3303 1735 3331 immediate
1749 3310 1799 3337 per
1812 3307 1906 3328 totum
1924 3306 2044 3334 motum,
2059 3299 2103 3327 vel
2117 3308 2167 3334 per
2181 3298 2271 3326 multa
2286 3297 2388 3333 media,
2404 3307 2479 3334 quo-

1426 3351 1491 3369 rum
1511 3351 1602 3370 unum
1623 3342 1802 3377 contingatur
1829 3341 1864 3367 ab
1889 3339 1954 3367 alio.
1970 3340 2000 3366 In
2014 3345 2137 3374 utroque
2152 3346 2227 3372 casu,
2249 3343 2366 3373 propter
2386 3337 2478 3365 diver-

1427 3381 1539 3409 sitatem
1554 3381 1738 3414 moventium,
1754 3385 1850 3406 motus
1864 3387 1924 3406 non
1938 3384 2032 3414 potest
2045 3386 2107 3405 esse
2120 3386 2195 3404 unus
2209 3383 2236 3404 et
2250 3376 2411 3411 continuus,
2427 3377 2478 3404 sed

1426 3429 1501 3448 unus
1515 3427 1610 3448 motus
1625 3420 1676 3447 erit
1690 3424 1897 3454 consequenter
1910 3418 1947 3445 ad
1962 3417 2058 3444 alium.
2075 3418 2150 3452 Ergo
2168 3416 2245 3444 solus
2261 3422 2356 3443 motus
2372 3415 2420 3452 qui
2435 3422 2477 3443 est

1426 3469 1444 3487 a
1464 3466 1576 3487 motore
1599 3458 1740 3486 immobili
1746 3479 1753 3495 2
1774 3456 1822 3494 qui
1838 3466 1949 3493 semper
1969 3465 1999 3484 se
2020 3456 2106 3483 habet
2120 3455 2150 3482 in
2164 3456 2264 3483 eadem
2279 3454 2476 3490 dispositione,

1425 3498 1520 3535 pot'est
1540 3508 1600 3526 esse
1628 3506 1740 3533 semper
1765 3495 1926 3524 continuus.
1949 3512 1967 3516 —
1993 3495 2150 3530 Quomodo
2180 3493 2386 3530 sempiternitas
2407 3503 2476 3522 con-

1425 3537 1497 3565 tinui
1518 3544 1613 3566 motus
1642 3536 1809 3565 attribuatur
1835 3542 1896 3563 tum
1918 3534 2109 3562 immobilitati
2133 3540 2195 3561 tum
2222 3533 2348 3561 infinitae
2374 3539 2478 3569 poten-

2670 869 2694 884 ¹·

2513 1513 2523 1523 *
2537 1512 2603 1534 Text.
2619 1513 2656 1540 84.

2511 1688 2521 1698 *
2535 1687 2602 1710 Text.
2615 1688 2650 1716 85.

2510 2168 2520 2177 '¹
2534 2167 2600 2189 Text.
2615 2168 2651 2189 86.
