2898 3996
1097 288 1208 324 CAP.
1237 287 1305 333 IV,
1335 286 1485 323 LECT.
1515 287 1600 324 VIII

2363 286 2432 322 351

1016 467 1315 523 LECTIO
1355 467 1689 523 OCTAVA

630 613 688 644 EX
710 611 927 643 PRINCIPIIS
949 609 1111 641 POSITIS
1135 609 1178 639 IN
1201 608 1502 639 PRAECEDENTI
1526 609 1744 639 LECTIONE
1768 609 2047 640 OSTENDITUR

846 667 920 705 QUI
943 665 1094 696 MOTUS
1117 665 1214 696 SINT
1238 664 1564 696 COMPARABILES
1587 666 1645 696 AD
1671 665 1850 696 INVICEM

261 799 359 832 Οὕτω
383 801 442 831 καὶ
467 797 539 842 περὶ
569 799 694 833 κίνησιν
727 794 899 840 όμοταχές
925 793 966 825 τό
993 793 1025 826 ἐν
1049 795 1107 834 ἴσῳ
1139 792 1244 837 χρόνῳ
1275 804 1323 824 m-
1376 794 1394 813 ἃ*
1409 795 1459 825 Sic
1482 802 1512 826 et
1531 796 1610 826 circa
1628 803 1765 835 motum,
1782 806 1881 836 aeque
1897 797 1988 827 velox
2003 797 2091 838 quod
2107 797 2139 827 in
2156 798 2278 838 aequali
2294 804 2437 838 tempore

329 843 425 881 νηθὲν
448 845 520 874 ἴσον
546 835 697 873 τοσονδί.

261 888 301 920 Εἰ
323 883 366 924 δή
391 887 453 920 τοῦ
478 885 604 928 μήκους
629 884 661 915 ἐν
687 877 766 924 τῳδὶ
793 881 834 914 τὰ
859 882 916 925 μὲν
936 879 1117 922 ἠλλοιώθη,
1137 881 1178 912 τό
1195 875 1232 912 δὲ
1249 879 1323 917 ἠνέ-

327 930 413 976 χθη,
443 931 498 965 ἴση
525 927 547 960 ἄ
570 939 591 959 α
617 925 705 964 αὕτη
731 927 751 963 ἡ
779 924 954 964 ἀλλοίωσις
983 928 1040 957 καὶ
1073 924 1250 969 ὀμοταχὴς
1277 924 1321 966 τῇ

328 974 432 1018 φορᾷ;
453 972 523 1006 ἀλλ’
545 982 689 1004 ατοπον.
713 972 826 1003 Αἴτιον
845 965 874 1002 δ’
897 969 950 1002 ὅτι
968 970 988 1006 ἡ
1005 971 1130 1006 κίνησις
1149 968 1217 1013 ἔχει
1235 963 1321 1008 εἴδη,

261 1059 344 1094 ὥστ’
365 1061 393 1092 εἰ
413 1061 462 1093 τοὶ
484 1061 517 1093 ἐν
536 1062 594 1101 ἴσῳ
618 1058 724 1104 χρόνῳ
750 1056 931 1104 ἐνεχθέντα
955 1060 1026 1090 ἶσον
1051 1057 1156 1100 μῆκος
1172 1055 1322 1101 ἱσοταχῆ

330 1105 442 1146 ἔσται,
467 1107 521 1142 ἴση
547 1105 568 1141 ἡ
594 1104 706 1136 εὐθεῖα
729 1105 787 1134 καὶ
813 1104 833 1140 ἠ
859 1101 1047 1156 περιφερής(
1071 1145 1084 1156 η
1159 1143 1166 1153 ἱ
1317 1144 1323 1155 ¹

261 1149 407 1193 Πότερον
435 1147 490 1181 οὖν
517 1151 640 1189 αἴτιον,
669 1146 722 1180 ὅτι
746 1147 767 1183 ἡ
793 1147 879 1191 φοραὶ
900 1146 994 1193 γένος
1021 1147 1041 1183 ἠ
1068 1157 1122 1178 οτι
1146 1156 1167 1180 ἠ
1183 1154 1322 1189 γραμμη

328 1192 443 1240 γένος;
471 1194 487 1224 ὁ
511 1193 570 1237 μὲν
602 1193 667 1238 γάρ
695 1190 812 1234 χρόνος
839 1191 889 1224 ἀεὶ
917 1191 1044 1235 ἄτομος
1077 1191 1124 1231 τῷ
1158 1189 1249 1223 εἴδει.
1275 1188 1322 1221 ”H

327 1239 385 1269 καὶ
420 1236 491 1280 ἅμα
522 1237 664 1269 κάκεῖνα
693 1233 772 1268 εἴδει
804 1230 974 1278 ὃιαφέρει;
1007 1237 1064 1267 καὶ
1096 1234 1160 1280 γάρ
1191 1236 1212 1271 ἢ
1238 1233 1324 1278 φοραὶ

330 1276 401 1318 εἴδη
428 1281 511 1326 ἔχει,
540 1280 579 1313 ἂν
606 1281 711 1313 ἐκεῖνο
737 1281 799 1325 ἔχῃ
825 1275 895 1317 εἴδη
922 1278 969 1322 ἐφ’
999 1278 1037 1311 οὗ
1060 1283 1216 1311 κινεῖται.

256 1367 335 1400 Ἔτι
359 1363 388 1399 δ’
410 1366 467 1399 ὲοὶν
493 1366 531 1408 ᾧ,
553 1361 591 1397 δι’
620 1366 672 1408 οὗ,
699 1366 767 1398 οἷον
792 1365 820 1396 εἱ
846 1360 961 1406 πόδες,
981 1360 1125 1405 βάδισις·
1152 1365 1180 1396 εἰ
1205 1364 1324 1409 πτέρυ-

329 1423 404 1456 γες,
438 1412 575 1448 πτῆσις.
602 1409 650 1442 ’Ἡ
683 1410 740 1452 οὔ,
774 1409 864 1442 ἀλλά
894 1413 964 1446 τοῖς
996 1408 1167 1454 σχήμασιν
1193 1411 1213 1446 ἡ
1239 1409 1324 1453 φορά

333 1457 439 1496 ἄλλη,

263 1499 351 1533 ὥστε
376 1500 423 1532 τά
442 1499 475 1531 ὲν
505 1499 563 1539 ἴσῳ
594 1496 700 1542 χρόνῳ
732 1498 844 1530 ταύτὸ
876 1495 1014 1541 μέγεθος
1045 1497 1224 1540 κινούμενα
1256 1497 1325 1528 ἰσο-

330 1544 440 1588 ταχῆ·
468 1542 508 1574 τὸ
535 1541 622 1574 αὐτὸ
647 1538 684 1573 δὲ
711 1537 891 1596 ἀδιάφορον
909 1536 989 1574 εἴδει
1006 1543 1063 1573 καὶ
1080 1540 1208 1577 κινήσει
1228 1536 1323 1573 ἀδιά-

329 1599 439 1633 φορον.
460 1586 563 1618 ’Ὠστε
588 1586 694 1618 τοῦτο
713 1596 892 1626 σκεπτεον,
913 1588 962 1623 τίς
981 1581 1126 1630 διαφορά
1148 1585 1320 1622 κινήσεως.

263 1673 328 1704 Καὶ
352 1674 507 1716 σημαίνει
533 1672 549 1703 ὁ
573 1669 673 1716 λόγος
701 1671 816 1711 οὗτος,
853 1669 905 1703 ὅτι
931 1670 970 1703 τό
995 1670 1090 1717 γένος
1124 1672 1187 1716 οὐχ
1216 1671 1248 1703 ἓν
1274 1684 1321 1714 τι,

331 1716 421 1749 ἀλλά
445 1715 540 1760 παραὶ
564 1718 670 1748 τοῦτο
687 1714 846 1747 λανθάνει
872 1714 997 1756 πολλά,
1017 1716 1078 1746 εἰσί
1097 1727 1134 1747 τε
1153 1718 1218 1747 τῶν
1238 1717 1322 1760 ὀμω-

330 1761 450 1804 νυμιῶν
476 1762 510 1792 αἱ
536 1760 593 1804 μὲν
621 1759 707 1793 πολι)
735 1757 938 1803 ἀπέχουσαι,
959 1761 993 1790 αἱ
1019 1755 1055 1791 δὲ
1082 1758 1218 1804 ἔχουσαί
1245 1772 1322 1792 τινα

333 1803 536 1848 ὁμοιότητα,
565 1807 598 1836 αἱ
623 1800 652 1836 δ’
674 1803 772 1850 ἐγγὺς
798 1802 820 1840 ἢ
843 1801 932 1848 γένει
958 1801 979 1840 ἦ
1006 1800 1258 1850 ἀναλογίᾳ,·διό
1285 1804 1322 1836 οὗ

330 1844 484 1880 δοκοῦσιν
511 1849 695 1892 ὀμωνυμίαι
720 1845 818 1889 εἶναι,
846 1845 954 1879 οὖσαι.

262 1933 350 1967 Πότε
376 1931 432 1965 οὖν
464 1933 576 1976 ἕτερον
607 1933 648 1965 τὸ
674 1927 780 1973 εἶδος,
812 1931 871 1964 ἑάν
902 1931 1014 1965 ταύτὰ
1040 1933 1072 1964 ἐν
1099 1932 1211 1974 ἄλλῳ,
1235 1932 1256 1970 ἦ
1283 1931 1322 1964 ἂν

333 1977 415 2010 ἄλλο
448 1978 481 2010 ὲν
514 1977 623 2017 ἄλλῳ;
657 1978 723 2008 Καὶ
749 1979 799 2014 τίς
826 1975 917 2021 ὅρος;
944 1976 965 2014 ἦ
992 1977 1039 2018 τῷ
1063 1978 1236 2021 κρινοῦμεν
1269 1976 1323 2010 ὅτι

330 2021 460 2054 ταύτόν
486 2021 527 2054 τὸ
543 2021 660 2053 λευκόν
681 2023 737 2052 καὶ
757 2021 797 2053 τὸ
815 2021 919 2066 γλυκύ
938 2021 958 2058 ἦ
978 2021 1079 2061 ἀλλο;
1108 2021 1164 2053 ὅτι
1182 2022 1213 2054 ὲν
1235 2022 1322 2063 ἀλλῳ

330 2069 487 2110 φαίνεται
514 2065 646 2107 ἕτερον;
675 2064 695 2101 ἦ
721 2064 774 2098 ὅτι
800 2065 882 2103 ὅλως
908 2066 946 2097 οὐ
971 2063 1105 2106 ταύτό;

262 2110 336 2154 Περὶ
353 2107 391 2142 δὲ
411 2105 454 2146 δή
474 2108 674 2149 ἀλοιώσεως,
693 2109 761 2146 πῶς
780 2109 879 2141 ἔσται
895 2109 1062 2154 ἱσοταχής
1081 2109 1182 2154 ἑτέρᾳ
1201 2109 1322 2154 ἑτέρα;

330 2154 359 2185 εἰ
382 2149 427 2190 δή
453 2151 526 2186 ἐστι
547 2153 586 2186 τὸ
604 2152 802 2198 ὑγιάζεσθαι
825 2152 1057 2194 ἀλλοιοῦσθαι,
1077 2154 1168 2186 ἔστιν
1188 2154 1247 2186 τὸν
1265 2154 1324 2197 μέν

331 2198 423 2243 ταχύ
449 2197 509 2230 τόν
534 2193 571 2229 δὲ
596 2193 744 2239 βραδέως
769 2196 923 2239 ἰαθῆναι,
941 2200 998 2229 καὶ
1018 2196 1090 2242 ἅμα
1112 2197 1221 2235 τινάς·
1243 2197 1321 2230 ὥστ’

331 2242 405 2274 ἔστι
424 2241 599 2279 ἀλλοίωσις
616 2241 795 2287 ἱσοταχής·
813 2242 845 2274 ἑν
862 2243 920 2282 ἴσῳ
937 2242 1002 2288 γάρ
1019 2242 1124 2287 χρόνῳ
1142 2240 1322 2279 ἠλλοιώθη.

257 2326 367 2358 Ἀλλά
397 2329 429 2357 τί
464 2325 653 2365 ἠλλοιώθη;
685 2326 726 2359 τό
751 2327 815 2372 γάρ
847 2329 918 2359 ἴσον
953 2327 1011 2358 οὐκ.
1043 2327 1141 2360 ἔσται
1174 2325 1325 2360 ἐνταῦθα

327 2369 529 2415 λεγόμενον,
565 2368 638 2402 ἀλλ’
668 2372 709 2407 ὠς
737 2371 769 2402 ἐν
795 2371 842 2412 τῷ
879 2372 970 2411 ποσῷ
1001 2370 1140 2412 ἰσότης,
1174 2370 1324 2404 ἐνταῦθα

331 2414 504 2458 ὁμοιότης.
747 2426 752 2430 ·

255 2458 348 2490 Ἀλλ’
378 2459 464 2491 ἔστω
488 2458 650 2503 ἰσοταχές
676 2458 716 2490 τὸ
749 2458 781 2490 ἐν
810 2460 868 2500 ἴσῳ
900 2459 1006 2504 χρόνῳ
1031 2460 1072 2493 τό
1104 2460 1191 2493 αὐτὸ
1221 2472 1324 2504 μετα-

332 2502 469 2542 βάλλον.

261 2545 408 2590 Πότερον
434 2544 490 2579 οὖν
516 2546 549 2579 ὲν
575 2545 598 2587 ᾧ
625 2545 666 2578 τὸ
687 2545 793 2584 πάθος
812 2545 833 2583 ἦ
851 2547 891 2580 τὸ
911 2546 1017 2585 πάθος
1035 2543 1087 2579 δεῖ
1100 2547 1323 2591 συμβάλλειν;

265 2590 415 2623 ἐνταῦθα
441 2591 499 2635 μὲν
524 2585 567 2626 δὴ
595 2588 647 2622 ὅτι
673 2591 693 2628 ἦ
721 2591 830 2636 ὑγίεια
855 2592 875 2627 ’ἦ
903 2591 1010 2631 αὐτή,
1031 2592 1103 2624 ἔστι
1121 2592 1251 2633 λαβεῖν,
1272 2591 1325 2625 ὅτι

333 2635 412 2666 οὔτε
438 2635 566 2679 μᾶλλον
591 2633 669 2666 οὔτε
688 2633 809 2675 ἦττον,
830 2633 903 2667 ἀλλ’
927 2637 1045 2679 ὁμοίως
1065 2635 1221 2681 ὑπάρχει.
1243 2637 1324 2668 Ἐάν

330 2673 368 2710 δὲ
393 2678 434 2710 τὸ
459 2678 567 2715 πάθος
593 2677 675 2710 ἄλλο
702 2677 740 2721 ᾖ,
767 2679 835 2710 οἶον
862 2681 1063 2712 ἀλλοιοῦται
1090 2680 1130 2712 τό
1154 2680 1326 2713 λευκαινό-

332 2734 429 2766 μενον
453 2725 510 2754 καὶ
536 2722 576 2755 τὸ
602 2723 619 2753 ύ
646 2723 844 2766 ιαζόμενον,
871 2723 1007 2762 τούτοις
1042 2719 1138 2756 οὐδὲν
1170 2725 1211 2758 τὸ
1237 2726 1325 2758 αὐτὸ

332 2762 400 2798 οὐδ’
429 2769 500 2798 ἴσον
526 2761 594 2798 οὐδ’
637 2778 746 2809 μοιον,
773 2767 794 2809 ’ᾗ
819 2763 884 2805 ἤδη
910 2769 1027 2801 ταῦτα
1056 2764 1127 2805 εἴδη
1155 2774 1244 2801 ποιεῖ
1269 2771 1327 2802 ἀλ-

329 2810 512 2851 λοιώσεως,
538 2811 596 2842 καὶ
626 2812 685 2843 οὐκ
711 2811 783 2843 ἔστι
808 2814 890 2855 μία,
917 2811 1026 2855 ὥσπερ
1053 2809 1123 2844 οὐδ’
1154 2815 1187 2844 αἱ
1212 2816 1324 2857 φοραί.

323 2853 426 2887 “Ὦστε
450 2853 599 2892 ληπτέον
626 2854 718 2887 πόσα
742 2850 812 2892 εἴδη
834 2855 1053 2897 ἀλλοιώσεως,
1071 2858 1130 2888 καὶ
1155 2857 1247 2890 πόσα
1272 2869 1326 2901 φο-

331 2899 403 2941 ρᾶς.
428 2900 465 2930 Εἰ
491 2899 550 2943 μέν
569 2896 624 2930 οὖν
647 2899 693 2932 τοὶ
709 2899 888 2944 κινούμενα
905 2895 985 2931 εἴδει
1005 2896 1166 2945 διαφέρει,
1185 2902 1227 2933 ὠν
1245 2903 1324 2934 εἰσὶν

332 2945 367 2974 αἱ
386 2942 532 2981 κινήσεις
548 2942 624 2975 καθ’
651 2943 745 2976 αὐτοὶ
766 2945 824 2975 καὶ
842 2944 888 2987 μή
912 2945 1008 2977 κατά
1027 2945 1249 2988 συμβεβηκός,
1266 2949 1324 2978 καὶ

332 2989 367 3018 αἱ
390 2987 535 3024 κινήσεις
563 2984 642 3019 effic
666 2983 859 3020 διοίσουσιν·
885 2989 912 3020 εἱ
937 2985 974 3020 δέ
998 2989 1099 3035 γένει,
1117 2989 1220 3035 γένει·
1239 2991 1267 3022 εἰ
1291 2990 1319 3022 δ’

334 3030 472 3074 ἀριθμῶ,
500 3030 638 3076 ἀριθμῷ·

257 3072 370 3106 Ἀλλοί
392 3069 435 3111 δή
462 3075 605 3120 πότερον
631 3076 675 3113 εἰς
701 3075 741 3109 τὸ
767 3075 871 3114 πάθος
897 3071 948 3107 δεῖ
971 3077 1105 3122 βλέψαι,
1126 3075 1183 3110 ἐάν
1203 3077 1224 3122 ᾗ
1241 3079 1326 3111 ταύ-

333 3118 392 3151 τόν
418 3117 439 3155 ἦ
465 3117 595 3164 ὅμοιον,
622 3121 649 3151 εἱ
673 3120 847 3164 ἰσοταχεῖς
873 3123 907 3152 αἱ
935 3121 1141 3163 ἀλλοιώσεις,
1168 3121 1188 3159 ἦ
1214 3124 1258 3160 εἱς
1283 3123 1324 3155 τὸ

335 3162 569 3207 ἀλλοιούμενον
597 3164 685 3205 (οἷον
711 3164 738 3195 εἱ
763 3166 825 3197 τοῦ
849 3164 908 3208 μὲν
933 3161 1059 3197 τοιονδὶ
1082 3166 1322 3207 λελεόκανται,

333 3207 396 3238 τοῦ
422 3202 459 3238 δὲ
489 3203 667 3249 τοσονδί);
694 3207 714 3245 ἦ
739 3209 783 3245 εἰς
815 3208 930 3252 ἄμφω,
963 3212 1020 3241 καὶ
1047 3211 1066 3247 ἡ
1094 3211 1184 3247 αὐτῆ
1218 3211 1276 3254 μὲν
1302 3209 1323 3247 ἦ

335 3251 419 3287 ἄλλη
447 3251 494 3291 τῷ
520 3251 637 3292 πάθει,
663 3253 691 3283 εἱ
720 3252 762 3284 τὸ
788 3253 874 3285 αὐτὸ
900 3251 920 3289 ἦ
947 3253 1042 3285 ἄλλο·
1069 3255 1123 3292 ἴση
1149 3250 1186 3286 δέ
1212 3254 1233 3291 ἦ
1258 3255 1324 3287 ἀνι-

333 3306 405 3335 σος,
432 3295 460 3325 εἰ
485 3293 589 3327 ἐκεῖνο
612 3297 684 3327 ἴσον
710 3295 731 3332 ἦ
758 3295 882 3328 ἄνισον.

265 3372 331 3402 Καὶ
358 3368 412 3402 ἐπὶ
437 3369 596 3416 γενέσεως
621 3365 658 3402 δὲ
674 3373 731 3402 καὶ
750 3371 869 3414 φθορᾶς
888 3372 929 3404 τό
948 3372 1034 3412 αὐτὸ
1052 3372 1229 3405 σκεπτέον.
1255 3375 1323 3412 Πῶς

333 3414 500 3459 ἱσοταχής
526 3415 546 3450 ’ἦ
571 3414 718 3460 γένεσις;
745 3415 773 3446 εἰ
798 3416 830 3447 ἐν
855 3416 912 3456 ’ίσῳ
944 3415 1049 3460 χρόνῳ
1081 3417 1122 3448 τὸ
1148 3415 1237 3449 αὐτό
1265 3419 1324 3449 καὶ

335 3459 484 3500 ἄτομον,
512 3459 579 3490 οἷον
607 3458 776 3502 ἄνθρωπος
803 3459 892 3491 ἀλλά
915 3460 961 3503 μη
987 3461 1083 3502 ζῷον·
1110 3459 1247 3493 θάττων
1272 3457 1322 3502 δέ,

333 3503 361 3533 εἰ
387 3503 419 3534 ὲν
444 3503 501 3543 ’ίσῳ
527 3501 653 3545 ἕτερον·
683 3503 719 3534 οὐ
744 3503 807 3548 γάρ
834 3503 953 3548 ἔχομέν
979 3515 1058 3536 τινα
1082 3499 1156 3545 δυό,
1177 3505 1208 3537 ἐν
1235 3505 1281 3543 οἷς
1302 3507 1322 3542 ἡ

334 3545 492 3591 ἑτερότης
518 3547 559 3584 ὡς
585 3548 604 3583 ἡ
633 3547 845 3589 ἀνομοιότης.

1440 837 1590 870 'movetur
1612 850 1668 880 per
1690 840 1820 881 aequale
1844 848 1968 872 tantum
1990 841 2206 880 longitudinis,
2230 842 2264 871 in
2286 842 2354 873 hac.

1375 882 1394 900 '²‘
1411 883 1442 913 Si
1459 890 1566 914 autem
1580 884 1665 914 aliud
1689 884 1819 924 quidem
1843 885 2007 916 alteratum
2024 891 2084 923 est,
2102 885 2187 915 aliud
2202 895 2277 915 vero
2295 886 2438 924 ducatur,

1443 928 1621 967 aequalisne
1636 928 1692 958 erit
1715 928 1791 960 haec
1815 929 1955 959 alteratio
1975 935 2005 959 et
2028 939 2127 969 aeque
2145 929 2237 959 velox
2252 929 2314 960 loci
2335 936 2438 960 muta-

1443 969 1540 1000 tioni?
1556 971 1618 1001 Sed
1632 971 1872 1004 inconveniens:
1890 983 1983 1003 causa
2002 979 2119 1012 autem,
2136 973 2211 1013 quia
2222 980 2329 1004 motus
2345 973 2440 1003 habet

1444 1014 1571 1053 species.

1378 1056 1494 1095 Quare,
1505 1057 1531 1087 si
1550 1058 1675 1098 quaein
1691 1061 1814 1099 aequali
1829 1067 1972 1100 tempore
1992 1060 2085 1090 ducta
2103 1060 2226 1100 aequali
2241 1060 2438 1100 longitudine

1443 1110 1543 1140 aeque
1565 1101 1695 1140 velocia,
1721 1103 1777 1134 erit
1799 1104 1938 1144 aequalis
1961 1111 2063 1134 rectus
2087 1110 2118 1134 et
2141 1104 2306 1134 circularis.

1378 1144 1494 1174 Utrum
1517 1154 1591 1184 ergo
1616 1155 1709 1175 causa
1732 1147 1781 1185 sit,
1801 1148 1876 1187 quia
1894 1147 1956 1177 loci
1988 1148 2122 1178 mutatio
2146 1158 2263 1187 genus,
2288 1154 2342 1178 aut
2365 1148 2440 1188 quia

1443 1188 1526 1218 linea
1541 1187 1657 1228 genus?
1672 1190 1816 1230 Tempus
1831 1191 1916 1220 enirn
1932 1201 2055 1231 semper
2078 1191 2163 1221 idem
2179 1198 2310 1222 atomon
2326 1192 2438 1232 specie.

1443 1234 1510 1262 Aut
1521 1232 1596 1272 quia
1612 1232 1707 1263 simul
1722 1233 1775 1263 illa
1794 1235 1896 1273 specie
1913 1234 2068 1265 differunt.
2085 1235 2212 1265 Etenim
2227 1235 2289 1265 loci
2305 1235 2439 1266 mutatio

1444 1275 1561 1316 species
1591 1276 1703 1316 habet,
1739 1277 1764 1307 si
1796 1278 1875 1308 illud
1906 1288 2000 1318 super
2029 1279 2118 1319 quod
2144 1285 2301 1323 movetur·
2322 1279 2441 1319 species

1443 1319 1564 1350 habeat.

1377 1362 1394 1381 *
1409 1363 1591 1403 Aliquando
1610 1371 1717 1395 autem
1736 1365 1768 1395 in
1786 1372 1867 1407 quo:
1892 1372 1927 1396 ut
1943 1366 1969 1395 si
1983 1365 2090 1406 pedeS,
2114 1366 2304 1404 ambulatio;
2322 1367 2348 1396 si
2363 1367 2440 1405 alae,

1443 1407 1573 1438 volatio.
1597 1409 1663 1439 Aut
1685 1416 1770 1439 non:
1795 1410 1850 1440 sed
1872 1408 1980 1449 figuris
2003 1409 2065 1440 loci
2088 1410 2222 1440 mutatio
2247 1411 2315 1441 alia.

1378 1495 1494 1532 Quare,
1519 1504 1600 1535 quae
1622 1495 1655 1525 in
1671 1496 1794 1535 aequali
1817 1503 1960 1536 tempore
1982 1503 2152 1527 moventur
2170 1498 2346 1528 secundum
2369 1508 2442 1528 ean—

1444 1539 1518 1568 dem
1533 1539 1795 1578 magnitudinem,
1813 1550 1913 1580 aeque
1927 1540 2047 1571 velocia
2062 1548 2152 1572 sunt:
2178 1542 2232 1572 sed
2247 1542 2333 1572 idem
2347 1542 2441 1572 indif-

1444 1582 1545 1612 ferens
1569 1583 1685 1622 specie;
1711 1589 1741 1613 et
1764 1584 1868 1614 motui
1890 1584 2067 1615 indifferens
2091 1585 2203 1625 specie.
2228 1586 2362 1623 *Quare
2378 1586 2441 1617 hoc

1444 1626 1708 1657 considerandum
1732 1634 1787 1665 est,
1812 1637 1894 1668 quae
1917 1628 2089 1659 differentia
2111 1635 2219 1660 motus
2243 1629 2291 1660 sit.

1377 1670 1418 1700 Et
1448 1669 1600 1710 significat
1629 1670 1707 1701 ratio
1739 1671 1815 1701 haec
1846 1672 1933 1712 quod
1965 1682 2064 1711 genus
2094 1682 2160 1702 non
2190 1683 2293 1703 unum
2324 1674 2443 1714 aliquid

1444 1721 1498 1744 est.
1523 1714 1584 1744 Sed
1607 1714 1692 1745 iuxta
1709 1715 1771 1745 hoc
1796 1715 1893 1746 latent
1915 1716 2030 1754 multa;
2054 1723 2191 1757 suntque
2211 1717 2442 1758 aequivocatio—

1444 1767 1524 1787 num
1556 1757 1632 1788 aliae
1660 1758 1789 1798 quidem
1813 1759 1952 1790 multum
1983 1760 2150 1798 distantes,
2184 1760 2261 1791 aliae
2289 1771 2363 1791 vero
2387 1761 2443 1791 ha-

1443 1802 1550 1831 bentes
1567 1803 1728 1842 quandam
1748 1802 1997 1842 similitudinem,
2017 1804 2094 1834 aliae
2112 1814 2188 1834 vero
2204 1805 2366 1844 proximae
2389 1812 2444 1836 aut

1443 1854 1555 1884 genere
1579 1853 1633 1876 aut
1656 1846 1869 1878 similitudine.
1887 1847 1979 1877 Unde
1995 1857 2061 1877 non
2084 1848 2229 1879 videntur
2252 1850 2440 1889 aequivoca-

1442 1895 1544 1918 tiones
1569 1899 1645 1927 esse,
1666 1900 1740 1920 cum
1763 1897 1833 1921 smt.

1378 1932 1516 1969 Quando
1539 1933 1634 1972 igitur
1657 1934 1751 1964 altera
1775 1941 1820 1964 est
1850 1933 1988 1975 species?
2012 1935 2037 1965 si
2067 1935 2152 1966 idem
2181 1936 2214 1966 in
2238 1937 2315 1976 alio,
2339 1944 2394 1968 aut
2417 1938 2442 1967 si

1444 1976 1530 2006 aliud
1552 1977 1584 2007 in
1601 1975 1682 2007 alio?
1705 1979 1771 2008 Aut
1789 1978 1860 2018 quis
1879 1977 2051 2009 terminus?
2067 1982 2132 2010 Aut
2150 1990 2216 2020 quo
2237 1981 2441 2012 discernimus

1444 2021 1533 2060 quod
1551 2020 1636 2051 idem
1652 2028 1698 2052 est
1720 2022 1828 2052 album
1852 2029 1882 2052 et
1905 2023 1996 2053 dulce
2013 2030 2067 2053 aut
2086 2024 2180 2054 aliud.
2205 2025 2252 2054 Ex
2271 2034 2350 2055 eone
2369 2025 2443 2065 quia

1444 2064 1477 2094 in
1500 2064 1562 2094 alio
1585 2065 1709 2096 videtur
1731 2066 1880 2104 alterum,
1905 2073 1959 2097 aut
1981 2067 2056 2108 quia
2086 2068 2218 2098 omnino
2250 2078 2317 2098 non
2339 2067 2444 2099 idem?

1379 2108 1426 2138 De
1446 2108 1627 2139 alteratione
1644 2116 1761 2148 autem,
1779 2111 1945 2150 quomodo
1970 2117 2016 2141 est
2039 2111 2209 2152 aequaliter
2233 2113 2326 2143 velox
2349 2113 2443 2143 altera

1446 2150 1550 2182 alteri?
1574 2153 1606 2183 Si
1623 2153 1728 2194 itaque
1745 2160 1790 2184 est
1805 2154 1905 2184 sanari
1926 2155 2062 2193 alterari;
2080 2162 2126 2186 est
2145 2163 2252 2187 autem
2269 2156 2354 2187 hunc
2374 2156 2442 2197 qui-

1447 2196 1520 2225 dem
1534 2197 1692 2235 velociter,
1709 2197 1807 2227 alium
1825 2198 1911 2228 tarde
1927 2205 2072 2229 sanatum
2088 2209 2169 2238 esse,
2187 2206 2218 2230 et
2236 2200 2332 2230 simul
2347 2211 2443 2241 quos-

1446 2239 1534 2269 dam:
1559 2250 1655 2280 quare
1685 2241 1742 2271 erit
1769 2242 1910 2272 alteratio
1933 2243 2104 2282 aequaliter
2129 2244 2241 2282 velox;
2264 2244 2297 2274 in
2321 2245 2443 2284 aequali

1448 2282 1532 2313 enim
1555 2290 1699 2324 tempore
1722 2285 1886 2315 alteratum
1910 2292 1965 2317 est.

1381 2326 1441 2357 Sed
1457 2326 1534 2366 quid
1550 2327 1715 2358 alteratum
1738 2326 1801 2359 est?
1816 2330 1958 2369 Aequale
1981 2330 2067 2360 enirn
2087 2330 2137 2361 hic
2161 2341 2226 2361 non
2243 2331 2371 2362 dicitur:
2389 2332 2443 2363 sed

1447 2370 1528 2401 sicut
1549 2371 1583 2401 in
1606 2371 1778 2412 quantitate
1801 2373 1982 2414 aequalitas,
2006 2374 2048 2404 ita
2071 2374 2122 2405 hic
2145 2375 2331 2406 similitudo.

1380 2458 1442 2488 Sed
1465 2458 1504 2488 sit
1526 2458 1611 2488 idem
1634 2459 1722 2499 quod
1746 2466 1904 2490 mutatum
1928 2466 1974 2490 est
2001 2460 2034 2490 in
2058 2461 2181 2502 aequali
2200 2468 2360 2502 tempore,
2393 2473 2442 2494 ae—

1446 2512 1509 2542 que
1531 2502 1632 2533 velox.
2252 2531 2255 2534 .

1380 2546 1496 2576 Utrum
1507 2556 1581 2586 ergo
1596 2546 1629 2576 in
1641 2556 1706 2586 quo
1717 2547 1895 2586 passio,aut
1910 2548 2090 2587 passionem
2105 2556 2229 2588 oportet
2244 2549 2442 2590 comparare?

1381 2590 1441 2620 Hic
1457 2589 1551 2629 igitur
1566 2591 1655 2630 quod
1671 2590 1785 2620 sanitas
1802 2591 1911 2621 eadem
1928 2591 1976 2630 sit,
1993 2599 2039 2622 est
2061 2593 2215 2632 accipere;
2233 2595 2321 2634 quod
2338 2604 2441 2635 neque

1447 2634 1546 2674 magis
1570 2644 1673 2674 neque
1697 2634 1813 2672 minus,
1838 2635 1893 2664 sed
1916 2635 2057 2666 similiter
2080 2636 2190 2667 existit.
2216 2637 2247 2668 Si
2272 2645 2378 2668 autem
2399 2639 2442 2668 al-

1447 2685 1511 2708 tera
1534 2678 1639 2717 passio
1663 2677 1712 2716 sit,
1736 2685 1812 2718 puta
1832 2679 1978 2709 alteratur
2001 2680 2089 2720 quod
2111 2679 2147 2710 fit
2169 2681 2278 2711 album
2301 2689 2331 2712 et
2354 2683 2443 2723 quod

1447 2728 1590 2760 sanatur,
1614 2722 1662 2752 his
1694 2722 1773 2752 nihil
1795 2722 1880 2752 idem
1904 2733 2007 2763 neque
2036 2724 2163 2764 aequale
2194 2735 2297 2766 neque
2320 2726 2441 2765 simile;

1450 2772 1505 2796 aut
1527 2766 1591 2796 iarn
1613 2766 1689 2796 haec
1720 2766 1837 2806 species
1868 2767 1987 2798 faciunt
2014 2768 2223 2808 alterationis,
2255 2776 2285 2800 et
2307 2779 2374 2800 non
2397 2778 2443 2801 est

1447 2819 1530 2848 una,
1555 2810 1635 2840 sicut
1657 2820 1760 2850 neque
1783 2810 1845 2840 loci
1868 2811 2011 2842 mutatio.
2044 2812 2149 2849 Quare
2178 2813 2442 2854 considerandum

1447 2860 1528 2893 quot
1550 2853 1611 2884 sint
1635 2854 1752 2894 species
1776 2854 1980 2894 alterationis,
2006 2862 2036 2886 et
2059 2863 2138 2896 quot
2160 2856 2222 2887 loci
2246 2858 2440 2889 mutationis.

1447 2897 1479 2927 Si
1495 2897 1589 2937 igitur
1611 2908 1692 2938 quae
1708 2905 1876 2928 moventur
1899 2899 2001 2939 specie
2025 2899 2180 2938 differunt,
2201 2911 2341 2942 quorum
2365 2909 2438 2932 sunt

1447 2948 1554 2971 motus
1574 2943 1749 2972 secundum
1772 2942 1840 2982 ipsa
1863 2949 1894 2973 et
1923 2953 1988 2973 non
2019 2945 2194 2974 secundum
2222 2945 2380 2984 accidens,
2413 2953 2443 2976 et

1446 2991 1554 3016 motus
1577 2986 1680 3025 specie
1705 2986 1868 3024 differunt;
1893 2987 1918 3016 si
1941 2997 2015 3017 vero
2034 2998 2157 3028 genere,
2182 2996 2312 3029 genere;
2337 2989 2362 3019 si
2388 3000 2441 3020 au-

1446 3035 1511 3059 tem
1534 3039 1679 3068 numero,
1703 3040 1848 3060 numero.

1378 3072 1395 3091 *
1411 3073 1473 3103 Sed
1492 3079 1599 3103 utrum
1615 3081 1759 3113 oporteat
1782 3074 1821 3103 ad
1837 3074 2016 3114 passionem
2039 3076 2200 3116 respicere,
2225 3076 2250 3106 si
2266 3077 2376 3107 eadem
2391 3077 2440 3115 sit,

1446 3124 1500 3147 aut
1523 3117 1638 3147 similes
1662 3125 1716 3148 aut
1739 3118 1908 3158 aequaliter
1930 3119 2053 3149 veloces
2078 3120 2292 3150 alterationes:
2325 3127 2379 3150 aut
2408 3121 2440 3150 in

1445 3160 1476 3190 id
1492 3161 1580 3201 quod
1594 3162 1750 3199 alteratur,
1775 3169 1810 3192 ut
1833 3162 1858 3191 si
1881 3162 1976 3192 huius
2000 3163 2129 3203 quidem
2153 3170 2276 3194 tantum
2300 3164 2439 3193 albatum

1446 3205 1495 3242 sit,
1512 3205 1606 3235 huius
1622 3212 1730 3235 autem
1752 3203 1895 3236 tanturn?
1918 3208 1984 3236 Aut
2006 3207 2045 3236 ad
2065 3213 2254 3247 utrumque:
2280 3213 2310 3237 et
2329 3207 2439 3237 eadem

1446 3248 1576 3288 quidem
1594 3256 1648 3279 aut
1671 3249 1730 3279 alia
1748 3249 1904 3289 passione,
1929 3250 2104 3279 secundum
2127 3251 2215 3290 quod
2238 3251 2366 3289 eadem3
2390 3261 2438 3280 ae-

1446 3292 1547 3332 qualis
1571 3299 1677 3323 autem
1701 3300 1755 3323 aut
1777 3292 1968 3332 inaequalis,
2002 3294 2177 3324 secundum
2206 3294 2293 3334 quod
2316 3294 2369 3324 illa
2391 3294 2438 3324 in-

1445 3336 1592 3376 aequalis.

1378 3378 1395 3397 *
1411 3379 1451 3409 Et
1474 3379 1506 3408 in
1530 3379 1729 3419 generatione
1746 3386 1852 3409 autem
1868 3386 1898 3409 et
1912 3379 2113 3419 corruptione
2136 3381 2222 3411 idem
2241 3381 2438 3412 consideran-

1447 3422 1525 3452 dum
1548 3430 1604 3461 est,
1621 3423 1787 3463 quomodo
1811 3433 1910 3463 aeque
1933 3423 2024 3453 velox
2047 3425 2205 3462 generatio
2223 3431 2278 3463 est,
2296 3425 2321 3454 si
2339 3425 2371 3455 in
2388 3436 2437 3456 ae-

1446 3466 1531 3506 quali
1554 3473 1696 3506 tempore
1712 3473 1875 3505 generetur
1898 3466 1982 3496 idem
2006 3474 2035 3497 et
2050 3467 2254 3499 indivisibile:
2275 3475 2311 3499 ut
2325 3469 2436 3509 homo,

1446 3510 1500 3539 sed
1514 3520 1578 3540 non
1603 3510 1728 3540 animal.
1754 3510 1901 3540 Velocior
1923 3517 2029 3540 autem
2053 3518 2098 3541 est
2121 3511 2146 3541 si
2165 3512 2197 3542 in
2217 3512 2339 3553 aequali
2358 3519 2436 3543 tem-

1446 3563 1522 3592 pore
1546 3554 1678 3584 alterum
1709 3559 1763 3583 est.
1794 3554 1867 3583 Non
1896 3553 1980 3583 enim
2002 3554 2155 3586 habemus
2183 3556 2288 3597 aliqua
2315 3557 2380 3587 duo
2403 3557 2436 3588 in

1445 3596 1561 3636 quibus
1585 3597 1728 3635 alteritas,
1745 3596 1824 3628 sicut
1848 3597 2079 3629 dissimilitudo.

2464 806 2474 815 '¹
2489 805 2543 833 Seq.
2558 811 2608 833 cap.
2617 812 2640 827 iv
2654 809 2676 827 et

2464 835 2520 853 text.
2535 837 2571 859 29·

2466 889 2475 898 ·
2489 887 2557 910 Text.
2573 894 2608 916 30.

2469 1371 2478 1380 ²
2494 1370 2562 1392 Text.
2576 1376 2606 1398 31.

2469 1591 2479 1600 '¹
2493 1589 2561 1610 Text.
2576 1595 2609 1617 32.

2469 3080 2478 3088 '
2492 3078 2561 3100 Text.
2575 3084 2607 3106 33.

2466 3390 2474 3398 ·
2489 3388 2556 3411 Text.
2571 3395 2607 3417 34.
