2898 3996
1095 285 1205 321 CAP.
1235 285 1337 332 XIV,
1369 285 1517 322 LECT.
1546 288 1669 323 XXIII

2392 299 2460 324 221

855 514 1155 572 LECTIO
1193 516 1914 596 VIGESIMATERTIA

562 676 824 709 SOLVUNTUR
841 673 1168 706 DUBITATIONES
1192 673 1322 704 CIRCA
1345 673 1634 705 EXISTENTIAM
1658 676 1714 706 ET
1739 677 1964 709 UNITATEM
1988 679 2200 710 TEMPORIS

293 825 406 867 ’Ἄξιον
431 822 461 858 δ’
482 823 695 867 ἐπισκέψεως,
713 824 771 854 καὶ
797 822 864 859 πῶς
891 821 977 854 ποτὲ
1002 820 1016 852 ἔ
1044 832 1071 852 ει
1098 820 1114 851 ὁ
1139 819 1255 864 χρόνος
1282 820 1360 864 πρὸς

369 870 431 906 τήν
456 867 578 913 ψυχήν,
606 870 664 899 καὶ
689 865 748 901 δια
771 869 805 899 τί
831 867 863 898 ὲν
889 866 994 898 παντὶ
1019 876 1103 897 ειναι
1128 861 1221 897 δοκεῖ
1245 866 1260 896 ό
1285 863 1362 908 χρό-

369 925 435 952 νος,
459 915 518 944 καὶ
544 910 577 944 ἐν
602 913 647 958 γῇ
672 914 728 945 καὶ
755 911 788 943 ἐν
814 908 974 952 θαλάττῃ
998 911 1056 941 καὶ
1083 909 1115 941 ἑν
1143 909 1285 963 οὐρανῷ.

291 957 340 990 *fl
366 956 418 991 ὅτι
442 955 601 994 κινήσεώς
625 968 660 989 τι
685 954 791 993 πάθος
810 953 830 991 ἦ
850 953 928 995 ἕξις,
953 952 1088 998 ἀριθμός
1104 966 1142 999 γε
1163 964 1219 994 ων,
1244 953 1361 984 ταῦτα

367 997 405 1033 δὲ
428 1001 553 1038 κινητοὲ
577 999 707 1033 ποίντα·
735 1000 767 1033 ἑν
793 998 886 1039 τόπῳ
911 997 975 1044 γοὶρ
1002 997 1133 1030 πάντα·
1155 998 1170 1028 ὁ
1188 992 1225 1028 δὲ
1245 995 1362 1041 χρόνος

367 1048 425 1077 καὶ
451 1045 471 1082 ἡ
495 1047 620 1082 κίνησις
657 1044 728 1089 ἅμα
751 1042 846 1076 κατα
870 1054 908 1074 τε
935 1042 997 1078 τήν
1024 1038 1165 1085 δύναμιν
1190 1043 1247 1072 καὶ
1280 1041 1358 1072 κατ’

369 1089 552 1136 ἐνέργειαν.

301 1133 445 1179 Πότερον
470 1128 508 1165 δὲ
533 1132 579 1177 μή
606 1133 704 1171 οὔσης
731 1133 794 1169 τῆς
818 1130 924 1176 ψυχῆς
949 1131 998 1167 εἴη
1026 1128 1064 1162 dlv
1091 1130 1107 1161 ό
1131 1128 1248 1175 χρόνος
1271 1127 1291 1165 ἦ
1311 1128 1362 1169 οὔ,

373 1176 573 1221 ἀπορήσειεν
601 1175 639 1209 ἂν
665 1188 729 1215 τις·

305 1217 495 1255 ἀδυνάτου.
527 1221 564 1265 dp
591 1221 687 1259 ὄντος
713 1217 798 1252 εἶναι
823 1219 885 1251 τοῦ
913 1215 934 1251 οἱ
956 1216 1170 1262 ιθμῆσοντος,
1192 1211 1362 1250 ἀδύνατον

369 1267 428 1298 καὶ
450 1234 633 1310 ἀριζμητόν
652 1277 686 1297 τι
706 1262 803 1296 εἶναι·
824 1262 910 1296 ὥστε
950 1263 1030 1299 ἧλον
1050 1260 1103 1293 ὅτι
1122 1258 1191 1294 οὐδ’
1214 1259 1361 1305 ἀριθμός·

373 1308 507 1355 ἀριθμός
532 1310 596 1356 γαρ
622 1307 643 1346 ἦ
669 1310 710 1341 τό
735 1306 958 1352 ἠριθμημένον
984 1306 1004 1343 ἧ
1031 1307 1072 1338 τό
1099 1304 1296 1351 ἀριθμητόν.
1326 1305 1364 1335 Εἰ

370 1351 408 1386 δὲ
432 1350 535 1398 μηδὲν
563 1354 645 1386 ἄλλο
670 1353 814 1396 πέφυκεν
841 1351 988 1396 ἀριθμεῖν
1014 1349 1035 1387 ἦ
1060 1349 1149 1406 ψυχὴ
1173 1353 1231 1382 καὶ
1257 1349 1364 1394 ψυχῆς

370 1400 459 1440 νοῦς,
488 1394 660 1431 ἀδύνατον
684 1395 769 1429 εἶναι
793 1396 924 1441 χρόνον,
951 1395 1057 1440 ψυχῆς
1081 1406 1127 1439 μη
1155 1395 1264 1431 οὔσης·

306 1476 385 1510 ἀλλ’
411 1476 433 1513 ἦ
460 1477 566 1510 τοῦτο
592 1475 608 1508 ὅ
634 1488 720 1509 ποτε
747 1477 781 1509 όν
808 1476 900 1508 ἐστιν
927 1477 943 1508 ὁ
967 1475 1104 1521 χρόνος,
1131 1475 1199 1507 οἷον
1224 1475 1251 1506 εἰ
1277 1469 1368 1506 ἐνδέ-

370 1532 473 1575 χεται
497 1524 623 1558 κίνησιν
648 1517 734 1552 εἶναι
761 1520 838 1553 ἄνευ
863 1520 982 1566 ψυχῆς·
1010 1520 1051 1553 τό
1068 1515 1105 1551 δὲ
1123 1519 1285 1563 πρότερον
1299 1521 1364 1550 οιαὶ

373 1566 509 1607 ὕστερον
545 1565 578 1597 ἑν
608 1564 736 1601 κινήσει
761 1565 847 1597 ἐστί·
880 1564 996 1610 χρόνος
1030 1560 1068 1596 δέ
1093 1564 1196 1596 ταῦτ’
1226 1564 1317 1595 ἐστὶν
1344 1563 1365 1605 ᾖ

372 1607 543 1653 ἀριθμητοί
567 1609 670 1641 ἐστιν.

297 1651 498 1727 ’Δπιὸρῆσειε
523 1647 554 1684 δ’
584 1653 622 1685 ἄν
647 1665 699 1691 τις
718 1654 776 1685 καὶ
797 1655 895 1690 ποίας
927 1651 1087 1690 κινήσεως
1114 1653 1130 1685 ό
1154 1651 1270 1696 χρόνος
1299 1652 1366 1696 ἀρι-

419 1708 465 1734 ος.

292 1739 344 1773 ‘¹11
368 1708 572 1780 ogotoeooi'nst
598 1742 655 1772 καὶ
679 1740 743 1786 γοὶρ
768 1742 902 1786 γίνεται
929 1741 961 1772 ἐν
985 1739 1092 1785 χρόνῳ
1116 1741 1174 1772 καὶ
1199 1738 1366 1784 φθείρεται

371 1786 430 1816 καὶ
447 1783 662 1826 αὐξάνεται,
687 1786 746 1816 καὶ
774 1785 975 1817 ἀλλοιοῦται
1002 1786 1032 1816 ὲν
1059 1784 1163 1830 χρόνῳ
1195 1785 1254 1816 καὶ
1278 1783 1367 1828 φέρε-

372 1840 446 1862 ται·
472 1829 492 1872 ᾖ
520 1826 574 1860 οὖν
599 1831 724 1866 κίνησίς
752 1829 838 1869 ἐστι,
857 1828 972 1871 ταύτῃ
992 1830 1082 1861 ἐστὶν
1106 1829 1251 1866 ἐκσίστης
1275 1828 1367 1864 κινη-

372 1885 453 1910 σεως
489 1872 636 1917 ἀριθμός.
675 1873 730 1905 Διὸ
761 1872 922 1911 κινήσεώς
954 1874 1045 1906 ἐστιν
1082 1874 1196 1911 ἁπλῶς
1234 1872 1368 1917 ἀριθμός

372 1919 542 1964 συνεχοῦς,
571 1917 644 1950 ἀλλ’
673 1918 710 1950 οὗ
737 1916 839 1955 τινός.

298 1960 391 1993 Ἀλλ’
420 1961 492 1995 ἔστι
517 1962 572 1993 νῦν
598 1961 792 1998 κεκινῆσθαι
822 1963 881 1993 καὶ
908 1959 1017 2003 ἄλλα,
1044 1961 1086 1993 ὦν
1113 1960 1278 2006 ἑκατέρας
1305 1962 1366 1999 τῆς

371 2006 530 2044 κινήσεως
556 2007 604 2043 εἴη
632 2004 670 2038 ἂν
699 2005 844 2051 ἀριθμός.
875 2005 1013 2061 ’Έτετρος
1039 2004 1095 2038 οὖν
1129 2005 1364 2051 χρόνοςέστι,

371 2052 430 2082 καὶ
456 2050 528 2095 ἅμα
552 2044 613 2081 δύο
637 2052 702 2083 ἴσοι
727 2049 840 2095 χρόνοι
867 2049 905 2082 ἂν
931 2062 1014 2091 ειεν,

306 2092 328 2131 ἦ
354 2093 411 2134 οὔ,
438 2096 454 2127 ὁ
480 2094 585 2131 αὐτὸς
613 2095 678 2139 γοὶρ
709 2093 826 2140 χρόνος
858 2094 903 2132 εἷς
933 2095 1052 2138 ὁμοίως
1084 2096 1143 2126 καὶ
1176 2094 1260 2134 ἅμα·
1287 2089 1367 2125 εἴδει

373 2134 412 2170 δὲ
440 2141 498 2170 καὶ
526 2141 554 2170 οἱ
579 2140 626 2180 μη
653 2138 737 2182 ἅμα·
764 2139 791 2170 εἰ
815 2138 879 2192 γσίρ
905 2135 968 2170 εἷεν
992 2138 1106 2179 κύνες,
1141 2141 1170 2170 οἰ
1195 2136 1223 2172 δ’
1248 2138 1365 2179 ἵπποι,

374 2182 529 2227 ἑκάτεροι
553 2178 582 2214 δ’
611 2185 715 2224 ἑπτα,
742 2184 758 2215 ὁ
786 2184 892 2220 αὐτος
919 2181 1066 2227 ἀριθμός.
1097 2182 1194 2215 Οὕτω
1218 2183 1277 2214 καὶ
1301 2183 1366 2214 τῶν
1414 2195 1422 2198 -

373 2227 534 2263 κινήσεων
566 2229 632 2261 τῶν
666 2227 738 2271 ἅμα
770 2227 1015 2272 περαινομένων
1042 2228 1058 2258 ὁ
1093 2227 1196 2265 αὐτὸς
1229 2226 1366 2271 χρόνος,

376 2269 448 2303 ἀλλ’
477 2272 498 2308 ἦ
524 2272 582 2316 μὲν
608 2275 735 2317 ταχεῖα
758 2273 848 2312 ἴσως,
875 2271 895 2307 ἡ
922 2267 948 2303 δ’
979 2271 1029 2303 οὔ·
1055 2272 1113 2302 καὶ
1138 2273 1158 2308 ἦ
1185 2272 1243 2316 μὲν
1268 2269 1366 2315 φοραί,

375 2316 396 2351 ἡ
422 2312 450 2347 δ’
474 2313 661 2354 ἀλλοίωσις.
684 2317 720 2346 ‘O
744 2315 862 2360 μέντοι
886 2315 1002 2360 χρόνος
1029 2316 1044 2347 ό
1064 2315 1183 2357 αὐτός,
1203 2319 1293 2359 εἴπερ
1310 2317 1367 2346 καὶ

375 2361 391 2391 ὁ
419 2359 552 2404 ἀριθμὸς
575 2362 659 2400 ἴσος,
677 2361 736 2391 καὶ
759 2359 843 2404 ἅμα,
867 2362 929 2398 τῆς
947 2372 984 2392 τε
1008 2359 1215 2399 ἀλλοιώσεως
1231 2360 1368 2396 καὶτῆς

374 2404 489 2448 φορᾶς·
520 2406 578 2436 καὶ
609 2400 669 2436 διαὶ
700 2405 805 2436 τοῦτο
840 2407 874 2436 αἰ
907 2404 965 2448 μὲν
989 2403 1141 2442 ’κινήσεις
1167 2404 1279 2449 ἕτεραι
1309 2405 1368 2435 καὶ

373 2450 494 2493 χωρίς,
521 2449 537 2480 ὁ
563 2445 600 2480 δέ
624 2448 740 2494 χρόνος
775 2450 959 2494 πανταχοῦ
986 2450 1002 2480 ὀ
1028 2448 1154 2489 αὐτός,
1191 2448 1243 2481 ὅτι
1268 2450 1325 2479 καὶ
1353 2449 1368 2479 ὁ

375 2491 510 2536 ἀριθμός
535 2493 593 2534 εἷς,
618 2494 676 2524 καὶ
703 2494 718 2524 ὀ
745 2493 850 2531 αὐτὸς
876 2494 1059 2538 πανταχοῦ
1086 2494 1102 2525 ό
1128 2494 1193 2526 τῶν
1210 2495 1288 2524 ’ίσων
1310 2494 1368 2524 καὶ

377 2535 459 2580 ἅμα.

297 2577 397 2613 Ἐπεὶ
421 2575 451 2611 δ’
481 2580 560 2612 ἐστι
577 2580 664 2624 φοραὶ
691 2582 747 2612 καὶ
775 2580 906 2619 ταύτης
931 2582 951 2617 ’ἢ
978 2580 1099 2622 κύκλῳ,
1121 2579 1313 2625 ἀριθμεῖται
1337 2574 1366 2610 δ’

376 2623 520 2657 ἕκαστον
547 2624 592 2654 ἑνί
618 2635 684 2656 τινι
708 2629 874 2670 συγγενεῖ,
894 2621 1036 2670 μονάδες
1062 2621 1198 2668 μονάδι,
1213 2625 1317 2657 ἵπποι
1335 2622 1373 2655 δ”

370 2669 481 2709 ἵππῳ,
509 2666 598 2700 οὕτω
621 2670 680 2700 καὶ
706 2670 722 2700 ό
745 2668 862 2713 χρόνος
887 2669 992 2714 χρόνῳ
1018 2672 1083 2702 τινὶ
1107 2669 1286 2715 ὡρισμένῳ,
1314 2681 1370 2712 με-

375 2717 508 2756 τρεῖται
532 2707 561 2742 δ’
590 2710 698 2757 ὥσπερ
723 2715 859 2757 εἴπομεν
887 2708 910 2746 δ’
929 2726 966 2746 τε
995 2714 1113 2758 χρόνος
1137 2713 1286 2755 κινήσει,
1311 2714 1370 2745 καὶ

374 2758 395 2792 ἡ
421 2759 546 2794 κίνησις
565 2755 671 2808 χρόνῳ
697 2758 828 2799 (τοῦτο
854 2753 883 2789 δ’
913 2758 1019 2799 ἐστίν,
1045 2758 1098 2791 ότι
1124 2759 1188 2791 ὑπὸ
1215 2759 1276 2796 τῆς
1301 2759 1371 2802 ὠρι-

375 2800 495 2844 σμένης
519 2811 679 2838 κινησεως
713 2800 817 2846 χρόνῳ
849 2806 1025 2847 μετρεῖται
1055 2803 1116 2840 τῆς
1143 2815 1180 2835 τε
1211 2801 1369 2839 κινήσεως

371 2845 412 2878 τό
438 2844 542 2877 ποσόν
566 2847 624 2876 καὶ
653 2846 713 2877 τοῦ
739 2844 893 2890 χρόνου)·

307 2889 337 2920 εἱ
363 2887 418 2921 οὖν
445 2889 486 2921 τό
512 2888 644 2932 πρῶτον
669 2889 790 2934 μέτρον
816 2889 954 2923 πάντων
981 2890 1046 2922 τῶν
1073 2891 1252 2947 συγγενῶν,
1271 2890 1291 2926 ’ἡ
1316 2900 1371 2920 κυ-

373 2935 535 2987 κλοφορία
560 2933 581 2968 ’ἡ
609 2933 738 2978 ὁμαλής
764 2933 886 2978 μέτρον
912 2933 1084 2977 μάλιστα,
1112 2946 1166 2967 οτι
1193 2935 1208 2966 ὁ
1235 2933 1369 2978 ἀριθμὸς

377 2979 392 3010 ὀ
418 2990 551 3015 ταυτης
584 2978 860 3022 γνωριμώτατος.
893 2977 1086 3016 Ἀλλοίωσις
1119 2979 1177 3023 μὲν
1209 2978 1264 3011 οὖν
1296 2974 1367 3010 οὐδ’

376 3021 514 3062 αὔξησις
540 3020 617 3056 οὐδὲ
634 3022 760 3068 γένεσις
787 3024 846 3055 οὐκ
864 3023 943 3054 εἰσὶν
963 3023 1112 3067 ὀμαλεῖς,
1131 3024 1216 3068 φοραὶ
1232 3018 1260 3055 δ’
1283 3023 1367 3054 ἐστί.

305 3065 366 3098 Διὸ
388 3067 447 3098 καὶ
471 3062 564 3099 δοκεῖ
588 3070 604 3101 ὁ
628 3065 744 3111 χρόνος
770 3064 855 3100 εἶναι
876 3068 896 3104 ἡ
915 3067 977 3105 τῆς
996 3070 1137 3112 σφαίρας
1158 3070 1296 3108 κίνησις,
1317 3066 1370 3099 ὅτι

375 3109 489 3153 ταύτῃ
515 3113 720 3157 μετροῦνται
746 3114 780 3144 αἱ
809 3111 909 3145 ἄλλαι
937 3111 1102 3154 κινήσεις,
1128 3115 1185 3144 καὶ
1213 3113 1228 3144 ὁ
1253 3110 1370 3158 χρόνος

376 3153 493 3197 ταύτῃ
519 3157 563 3198 τῇ
587 3155 728 3192 κινήσει.

307 3198 373 3230 Διά
396 3194 434 3230 δὲ
457 3201 564 3232 τοῦτο
587 3201 646 3232 καὶ
671 3199 711 3231 τό
738 3198 849 3237 εἰωθός
881 3199 1040 3246 λέγεσθαι
1073 3200 1259 3244 συμβαίνει·
1290 3201 1369 3242 φασὶ

375 3243 439 3297 χεὶρ
463 3243 584 3276 κύκλον
610 3242 696 3276 εἶναι
721 3244 768 3276 τοὶ
792 3241 981 3288 ἀνθρώπινα
1002 3244 1209 3291 πράγματα,
1227 3246 1284 3276 καὶ
1303 3245 1369 3275 τῶν

379 3289 487 3319 αλλων
514 3289 579 3320 τῶν
603 3291 729 3325 κίνησιν
756 3288 903 3333 ἑχόντων
930 3289 1068 3333 φυσικήν
1089 3291 1146 3321 καὶ
1163 3288 1291 3335 γένεσιν
1312 3290 1370 3320 καὶ

376 3330 511 3376 φθοράν.
539 3333 648 3366 Τοῦτο
667 3329 718 3372 δέ,
740 3332 792 3365 ὅτι
819 3334 937 3365 ταῦτα
963 3332 1080 3365 πάντα
1107 3334 1154 3374 τῷ
1179 3332 1284 3379 χρόνῳ
1304 3334 1370 3375 κρί-

375 3386 485 3417 νεται,
511 3378 569 3408 καὶ
591 3375 760 3421 λαμβάνει
786 3377 949 3414 τελευτήν
972 3378 1030 3409 καὶ
1058 3378 1164 3422 ἀρχήν
1187 3378 1369 3421 ὡσπερανεὶ

375 3418 473 3451 κατοί
497 3431 576 3452 τινα
601 3416 767 3464 περίοδον·
792 3422 850 3452 καὶ
874 3422 940 3467 γαρ
967 3422 982 3454 ὀ
1007 3421 1123 3466 χρόνος
1155 3421 1258 3459 αὐτὸς
1285 3417 1370 3452 εἶναι

377 3459 470 3496 δοκεῖ
491 3464 611 3502 κύκλος
637 3476 698 3502 τις.
726 3465 835 3497 Τοῦτο
860 3461 897 3498 δὲ
923 3466 1024 3498 πάλιν
1050 3462 1158 3507 δοκεῖ,
1185 3461 1275 3497 διότι
1300 3476 1371 3496 τοι-

374 3507 484 3545 αύτης
509 3509 581 3541 ἐστὶ
606 3510 706 3552 φορᾶς
732 3509 853 3554 μέτρον
882 3512 939 3542 καὶ
964 3514 1139 3554 μετρεῖται
1173 3510 1277 3546 αὐτὸς
1304 3508 1369 3539 ὑπό

377 3552 554 3591 τοιαύτης.
584 3552 687 3585 ’Ώστε
720 3554 760 3585 τὸ
789 3554 898 3600 λέγειν
929 3551 1013 3586 εἶναι
1039 3554 1086 3587 τοὶ
1117 3553 1276 3600 γινόμενα
1303 3553 1368 3583 τῶν

377 3597 589 3643 πραγμάτων
613 3597 734 3629 κύκλον
760 3598 800 3630 τό
824 3597 934 3644 λέγειν
961 3599 1033 3631 ἐστὶ
1059 3599 1121 3630 τοῦ
1145 3597 1264 3643 χρόνου
1283 3593 1367 3626 εἷναί

1413 821 1430 840 *
1445 822 1586 862 Dignum
1609 830 1714 854 autem
1738 825 1985 856 consideratione
2008 834 2063 864 est,
2088 834 2118 857 et
2136 828 2301 867 quomodo
2324 828 2418 868 igitur
2434 839 2465 859 se

1481 866 1573 897 habet
1588 874 1712 907 tempus
1732 869 1770 898 ad
1786 869 1934 907 animam,
1952 877 1981 900 et
1996 877 2123 910 propter
2137 871 2212 911 quid
2232 871 2263 901 in
2281 872 2367 901 omni
2382 873 2467 903 vide·

1481 917 1531 940 tur
1554 921 1620 941 esse
1643 918 1778 952 tempus,
1803 920 1832 943 et
1855 914 1886 943 in
1910 921 1998 951 terra,
2023 921 2053 944 et
2075 915 2107 944 in
2131 914 2220 952 mari,
2245 922 2274 945 et
2292 915 2325 944 in
2348 917 2443 946 caelo.

1415 955 1480 984 Aut
1503 954 1577 994 quia
1600 962 1705 985 motus
1729 963 1774 986 est
1788 957 1891 995 passio
1915 957 2070 997 quaedam
2093 959 2142 988 vel
2158 958 2298 996 habitus,
2319 969 2467 990 numerus

1482 997 1623 1028 existens.
1640 999 1726 1029 Haec
1749 1007 1854 1030 autem
1870 1001 1999 1031 mobilia
2014 1002 2136 1031 omnia:
2154 1002 2186 1031 in
2203 1002 2274 1032 loco
2294 1002 2378 1032 enim
2397 1010 2469 1033 sunt

1483 1042 1599 1071 omnia.
1624 1042 1767 1082 Tempus
1786 1051 1891 1074 autem
1915 1052 1944 1075 et
1967 1052 2072 1075 motus
2092 1045 2186 1075 simul
2210 1053 2283 1076 sunt
2305 1053 2335 1076 et
2357 1057 2466 1077 secun-

1483 1085 1561 1115 dum
1584 1086 1758 1124 potentiam
1777 1094 1807 1117 et
1829 1095 1943 1118 actum.

1415 1127 1433 1147 *
1448 1129 1563 1159 Utrum
1583 1136 1699 1167 autem,
1724 1140 1798 1160 cum
1820 1141 1885 1161 non
1909 1132 1947 1162 sit
1971 1132 2084 1170 anima,
2108 1133 2165 1163 erit
2187 1140 2311 1173 tempus
2329 1144 2366 1164 an
2390 1144 2469 1173 non,

1484 1173 1638 1203 dubitabit
1660 1173 1769 1213 utique
1793 1174 1914 1214 aliquis.

1418 1217 1614 1257 Impossibile
1638 1217 1723 1247 enim
1746 1228 1818 1247 cum
1842 1218 1880 1248 sit
1896 1227 2133 1250 numeraturum
2154 1230 2218 1250 esse
2240 1220 2386 1261 aliquem,
2410 1221 2469 1251 im-

1484 1260 1633 1300 possibile
1648 1268 1693 1291 est
1706 1262 1898 1291 numerabile
1914 1272 1978 1292 esse
1993 1263 2130 1303 aliquod.
2149 1265 2252 1300 Quare
2271 1264 2471 1295 manifestum

1485 1311 1530 1335 est
1553 1305 1627 1345 quia
1649 1315 1751 1345 neque
1771 1315 1920 1335 numerus
1945 1312 2005 1336 est:
2026 1317 2175 1337 numerus
2197 1307 2280 1337 enim
2303 1315 2357 1338 aut
2381 1309 2469 1348 quod

1485 1356 1667 1380 numeratur
1690 1356 1751 1387 est,
1775 1355 1829 1379 aut
1860 1349 2062 1380 numerabile.
2094 1350 2126 1380 Si
2149 1358 2254 1381 autem
2284 1351 2360 1382 nihil
2387 1352 2472 1381 aliud

1486 1400 1596 1433 aptum
1619 1400 1730 1423 natum
1760 1400 1805 1423 est
1827 1403 1924 1433 quam
1953 1393 2057 1423 anima
2088 1404 2270 1432 numerare,
2295 1402 2324 1425 et
2352 1396 2472 1425 animae

1484 1437 1669 1476 intellectus,
1689 1437 1883 1477 impossibile
1899 1444 1945 1468 est
1958 1444 2083 1477 tempus
2097 1447 2172 1475 esse,
2184 1438 2287 1468 anima
2303 1439 2328 1468 si
2342 1449 2406 1468 non
2424 1439 2472 1469 sit.

1420 1482 1481 1513 Sed
1496 1488 1551 1512 aut
1565 1481 1637 1520 hoc,
1654 1482 1742 1522 quod
1757 1488 1930 1522 utcumque
1945 1491 1998 1511 ens
2015 1488 2060 1512 est
2075 1488 2216 1521 tempus,
2229 1489 2263 1513 ut
2279 1482 2304 1511 si
2324 1482 2474 1523 contingit

1486 1532 1612 1556 motum
1642 1535 1708 1555 esse
1733 1525 1798 1555 sine
1821 1525 1934 1556 anima.
1960 1525 2048 1556 Prius
2077 1532 2182 1556 autem
2210 1532 2240 1556 et
2265 1526 2418 1566 posterius
2442 1527 2473 1556 in

1485 1577 1576 1600 motu
1601 1576 1688 1600 sunt:
1715 1576 1840 1609 tempus
1857 1577 1961 1600 autem
1980 1569 2056 1600 haec
2079 1577 2170 1608 sunt,
2190 1570 2364 1600 secundum
2387 1571 2474 1611 quod

1486 1613 1691 1644 numerabilia
1709 1620 1791 1644 sunt.

1419 1658 1436 1678 *
1458 1658 1620 1689 Dubitabit
1644 1665 1750 1688 autem
1773 1657 1884 1698 aliquis
1908 1664 1937 1688 et
1960 1658 2060 1698 qualis
2083 1664 2189 1688 motus
2214 1664 2338 1698 tempus
2364 1668 2473 1688 nume-

1487 1713 1540 1733 rus
1563 1709 1611 1733 Slt.

1419 1749 1486 1777 Aut
1509 1746 1692 1779 cuiuslibet:
1717 1746 1830 1776 etenim
1851 1752 2013 1785 generatur
2035 1745 2067 1775 in
2085 1752 2227 1785 tempore
2251 1752 2280 1775 et
2296 1753 2474 1786 augmenta-

1487 1797 1548 1829 tur,
1573 1796 1603 1820 et
1626 1790 1772 1820 alteratur
1794 1790 1827 1820 in
1851 1796 1993 1828 tempore
2013 1796 2043 1819 et
2061 1789 2165 1820 fertur.
2186 1789 2365 1820 Secundum
2383 1790 2476 1829 igitur

1487 1835 1575 1875 quod
1594 1840 1700 1864 motus
1717 1841 1778 1872 est,
1803 1834 1846 1863 sic
1862 1840 1907 1863 est
1930 1833 2176 1873 uniuscuiusque
2193 1840 2298 1863 motus
2314 1843 2475 1864 numerus.

1487 1879 1579 1909 Unde
1603 1884 1710 1908 motus
1726 1877 1906 1918 simpliciter
1929 1887 2078 1908 numerus
2102 1883 2147 1907 est
2167 1877 2322 1915 continui,
2343 1878 2396 1907 sed
2413 1888 2477 1908 non

1488 1922 1662 1953 cuiusdam.

1421 1967 1482 1999 Sed
1505 1973 1551 1997 est
1566 1977 1651 1997 nunc
1665 1966 1785 1996 moveri
1801 1976 1903 1996 unum
1919 1972 1948 1996 et
1967 1965 2062 2003 aliud,
2077 1975 2216 2005 quorum
2231 1965 2393 2006 utriusque
2409 1975 2478 1995 mo-

1487 2018 1538 2042 tus
1561 2011 1618 2041 erit
1640 2020 1800 2041 numerus.
1818 2010 1962 2040 Alterum
1986 2016 2015 2040 et
2034 2010 2166 2039 alterum
2180 2009 2274 2048 igitur
2292 2015 2432 2050 tempus;
2450 2016 2479 2040 et

1488 2055 1584 2086 sirnul
1607 2055 1672 2085 duo
1696 2061 1840 2094 tempora
1863 2053 2004 2094 aequalia
2027 2060 2127 2084 erunt.

1510 2107 1590 2130 non:
1616 2109 1712 2129 omne
1736 2108 1873 2138 namque
1896 2105 2022 2137 tempus
2045 2107 2147 2127 unum
2170 2096 2310 2126 similiter
2333 2103 2363 2127 et
2386 2097 2479 2127 simul

1489 2150 1550 2174 est:
1567 2143 1670 2183 specie
1693 2149 1800 2173 autem
1815 2149 1845 2173 et
1863 2152 1945 2182 quae
1960 2151 2025 2171 non
2045 2141 2149 2171 simul.
2171 2140 2203 2171 Si
2219 2140 2303 2170 enirn
2321 2147 2351 2171 et
2369 2141 2401 2170 hi
2419 2141 2481 2171 sint

1490 2197 1592 2225 canes,
1607 2187 1653 2217 illi
1668 2197 1742 2216 vero
1758 2186 1842 2226 equi,
1858 2186 1983 2226 utrique
1999 2192 2105 2216 autern
2122 2191 2251 2224 septem,
2268 2184 2353 2214 idem
2371 2194 2479 2215 nume-

1489 2241 1542 2261 rus
1565 2237 1620 2261 est.
1645 2231 1694 2261 Sic
1710 2237 1740 2261 et
1755 2237 1904 2260 motuum
1920 2230 2015 2260 simul
2037 2229 2275 2260 terminatorum
2298 2228 2381 2258 idern
2404 2236 2480 2259 tem-

1489 2285 1550 2315 pus
1574 2281 1636 2312 est3
1653 2274 1708 2304 sed
1726 2274 1776 2304 hic
1799 2274 1890 2304 velox
1905 2273 2054 2311 fortassis,
2071 2273 2149 2303 alius
2168 2283 2241 2303 vero
2261 2281 2336 2310 non,
2354 2280 2384 2303 et
2402 2272 2480 2303 alius

1489 2318 1619 2359 quidem
1633 2318 1694 2348 loci
1709 2318 1843 2348 mutatio
1855 2324 1910 2353 est,
1927 2317 1976 2348 hic
1993 2324 2099 2348 autem
2112 2317 2251 2347 alteratio
2268 2323 2322 2347 est.
2339 2318 2480 2356 Tempus

1489 2369 1595 2393 tamen
1618 2362 1702 2392 idem
1726 2369 1782 2400 est,
1806 2362 1831 2392 si
1850 2361 1980 2402 quidem
2003 2368 2034 2392 et
2056 2371 2206 2391 numerus
2230 2361 2366 2399 aequalis
2390 2361 2428 2391 sit
2451 2368 2480 2391 et

1490 2407 1584 2436 simul
1601 2406 1789 2437 alterationis
1806 2412 1836 2436 et
1849 2405 1910 2436 loci
1926 2405 2118 2436 mutationis.
2141 2406 2182 2435 Et
2197 2412 2324 2445 propter
2339 2405 2399 2434 hoc
2413 2415 2481 2434 mo-

1489 2458 1540 2481 tus
1559 2450 1689 2492 quidem
1707 2450 1794 2480 alteri
1810 2456 1893 2488 sunt,
1911 2456 1940 2480 et
1958 2459 2102 2480 seorsum
2123 2456 2211 2487 sunt;
2235 2456 2359 2489 tempus
2376 2455 2480 2478 autem

1485 2495 1608 2536 ubique
1623 2494 1723 2524 idem:
1746 2494 1820 2535 quia
1834 2500 1864 2524 et
1880 2504 2030 2524 numerus
2046 2504 2129 2524 unus
2147 2500 2177 2524 et
2191 2493 2276 2530 idern
2291 2493 2407 2533 ubique
2424 2499 2478 2531 est,

1490 2539 1545 2579 qui
1565 2545 1610 2569 est
1628 2538 1809 2579 aequalium
1832 2545 1862 2568 et
1885 2537 1989 2568 simul.

1423 2582 1440 2602 *
1457 2582 1618 2619 Quoniam
1634 2589 1740 2613 autem
1753 2589 1798 2612 est
1807 2581 1868 2612 loci
1881 2581 2164 2620 mutatio‚ethuius
2181 2580 2350 2613 circularis:
2370 2589 2478 2610 nume-

1490 2633 1574 2657 ratur
1589 2633 1695 2657 autem
1711 2626 1964 2666 unumquodque
1975 2635 2040 2655 uno
2057 2625 2197 2666 quodam
2214 2624 2368 2664 proximo,
2380 2623 2479 2654 unita-

1490 2678 1536 2702 tes
1559 2670 1695 2708 unitate,
1728 2669 1802 2710 equi
1825 2679 1899 2700 vero
1928 2676 2026 2710 equo;
2055 2669 2098 2700 sic
2127 2676 2157 2700 et
2185 2675 2310 2708 tempus
2339 2674 2479 2707 tempore

1491 2715 1632 2756 quodam
1655 2714 1763 2744 finito:
1788 2720 1987 2744 mensuratur
2005 2720 2122 2751 autern,
2138 2713 2218 2743 sicut
2241 2712 2384 2749 diximus,
2401 2718 2478 2741 tem-

1491 2769 1551 2800 pus
1566 2765 1670 2796 motu,
1687 2765 1717 2788 et
1730 2765 1837 2792 motus
1850 2765 1992 2797 tempore
2013 2756 2091 2799 (hoc
2106 2764 2210 2787 autem
2226 2763 2281 2794 est,
2296 2756 2369 2796 quia
2383 2755 2479 2785 deter-

1491 2803 1611 2833 minato
1635 2809 1726 2833 motu
1756 2809 1786 2833 et
1812 2809 1955 2842 tempore
1978 2808 2176 2832 mensuratur
2193 2807 2299 2830 motus
2323 2798 2476 2839 quantitas

1493 2854 1523 2878 et
1546 2844 1732 2888 temporis):
2276 2845 2279 2849 “

1425 2891 1450 2921 si
1472 2891 1567 2931 igitur
1589 2890 1677 2931 quod
1693 2890 1832 2930 primum
1852 2899 1997 2919 mensura
2020 2895 2066 2919 est
2091 2888 2235 2919 omnium
2252 2886 2479 2927 proximorum,

1492 2935 1663 2973 circulatio,
1680 2944 1761 2974 quae
1777 2933 1924 2973 regularis
1940 2939 1996 2971 est,
2008 2942 2154 2963 mensura
2172 2931 2306 2962 maxime
2322 2930 2387 2967 erit,
2407 2929 2480 2970 quia

1492 2989 1643 3010 numerus
1665 2978 1759 3008 huius
1783 2977 1965 3008 notissimus
1996 2984 2049 3008 est.
2078 2977 2189 3016 Neque
2220 2975 2312 3015 igitur
2341 2973 2479 3004 alteratio

1492 3033 1596 3064 neque
1619 3021 1832 3062 augmentatio
1856 3021 2029 3062 regulares,
2056 3020 2117 3051 loci
2141 3026 2245 3050 autem
2269 3017 2400 3049 mutatio
2425 3023 2478 3047 est.

1426 3068 1518 3099 Unde
1551 3074 1581 3098 ct
1603 3067 1726 3097 videtur
1753 3072 1877 3105 tempus
1907 3075 1972 3095 esse
1996 3064 2141 3104 sphaerae
2174 3069 2298 3093 motus:
2324 3061 2397 3101 quia
2419 3060 2479 3090 hoc

1492 3117 1712 3142 mensurantur
1735 3109 1786 3140 alii
1809 3115 1926 3147 motus,
1951 3115 1980 3138 et
1998 3115 2122 3147 tempus
2145 3106 2205 3136 hoc
2229 3112 2327 3135 motu.

1421 2102 1487 2130 Aut

1425 3202 1556 3240 Propter
1578 3200 1639 3229 hoc
1663 3205 1768 3229 autem
1787 3204 1817 3227 et
1836 3202 2022 3227 consuetum
2045 3194 2104 3223 dici
2129 3192 2246 3223 accidit.
2263 3191 2379 3221 Dicunt
2394 3189 2477 3219 enim

1492 3244 1645 3275 circulum
1669 3251 1734 3273 esse
1757 3242 1909 3271 humanas
1932 3249 1995 3276 res,
2019 3244 2049 3267 et
2064 3237 2197 3266 aliorum
2216 3241 2339 3264 motum
2362 3233 2476 3262 haben-

1491 3288 1571 3319 tium
1595 3286 1768 3317 naturalem
1791 3292 1820 3315 et
1842 3281 2072 3323 generationem
2095 3286 2125 3309 et
2143 3277 2384 3317 corruptionem.
2405 3276 2476 3306 Hoc

1492 3339 1597 3362 autem
1614 3337 1668 3367 est,
1687 3329 1759 3369 quia
1776 3327 1882 3358 omnia
1898 3326 1972 3355 haec
1990 3331 2130 3362 tempore
2150 3320 2367 3358 diiudicantur,
2383 3325 2412 3349 et
2428 3329 2476 3350 ac-

1492 3375 1612 3415 cipiunt
1638 3373 1734 3403 finem
1758 3379 1787 3401 et
1805 3368 2009 3410 principium,
2034 3366 2113 3396 sicut
2135 3365 2159 3394 si
2183 3364 2355 3394 secundum
2378 3372 2476 3403 quan-

1491 3420 1564 3448 dam
1582 3416 1813 3448 circulationem
1829 3412 1867 3442 sit
1883 3417 2021 3450 tempus:
2039 3416 2069 3439 et
2078 3416 2201 3447 tempus
2215 3407 2298 3438 enim
2313 3407 2419 3447 ipsum
2431 3406 2476 3436 vi-

1492 3463 1582 3492 detur
1597 3460 1729 3491 circulus
1742 3457 1879 3498 quidam.
1889 3455 1960 3484 Hoc
1975 3459 2080 3483 autem
2095 3452 2207 3482 iterum
2218 3451 2339 3481 videtur
2352 3451 2392 3480 ob
2403 3450 2474 3488 hoc,

1492 3505 1580 3545 quod
1598 3504 1692 3534 huius
1715 3501 1775 3531 loci
1794 3497 1975 3529 mutationis
1991 3505 2136 3526 mensura
2153 3502 2212 3532 est,
2232 3502 2262 3525 et
2280 3500 2476 3524 mensuratur

1490 3549 1596 3588 ipsum
1620 3548 1656 3576 ab
1688 3542 1879 3575 huiusmodi.
1915 3542 2018 3578 Quare
2042 3539 2141 3570 dicere
2174 3549 2238 3569 esse
2262 3548 2366 3568 rerum
2395 3546 2475 3577 quae

1489 3591 1570 3621 fiunt
1593 3589 1754 3626 circulum,
1775 3586 1873 3616 dicere
1890 3591 1934 3615 est
1953 3583 2103 3623 temporis
2119 3592 2184 3613 esse
2201 3582 2359 3622 quendam
2378 3581 2475 3611 circu-

2492 838 2503 848 ·
2518 837 2571 865 Seq.
2587 843 2637 865 cap.
2648 844 2695 859 xtv.

2493 863 2560 885 Text.
2576 869 2620 891 ¹30·

2495 1147 2506 1158 ¹⁶
2520 1146 2586 1167 Text.
2602 1152 2640 1174 ¹3¹-

2500 1669 2511 1679 *
2525 1668 2591 1690 Text.
2604 1674 2645 1696 132.

2508 2589 2518 2599 ¹*
2535 2587 2600 2608 Text.
2617 2592 2660 2614 ¹33-
