2898 3996
1166 249 1276 285 CAP.
1306 248 1374 294 vl,
1405 248 1554 284 LECT.
1584 249 1654 284 ΧΠ

2422 257 2499 293 407

1008 505 1306 562 LECTIO
1343 505 1822 560 DUODECIMA

479 671 563 701 PER
585 669 795 700 PRINCIPIA
817 665 1046 698 MOVENTIA
1069 665 1129 703 SE,
1154 665 1272 702 QUAE
1297 665 1570 703 QUANDOQUE
1594 666 1706 697 SUNT
1730 667 1787 697 ET
1811 667 2086 704 QUANDOQUE>
2104 667 2195 698 NON
2219 667 2342 705 SUNT,

552 729 829 764 OSTENDITUR
851 727 1019 759 PRIMUM
1041 726 1218 758 MOVENS
1240 727 1388 764 NEQUE
1411 727 1493 758 PER
1516 728 1564 758 SE
1587 728 1735 766 NEQUE
1758 729 1840 759 PER
1862 728 2074 759 ACCIDENS
2097 729 2274 767 MOVERI,

1054 787 1132 818 SED
1156 787 1256 818 ESSE
1279 788 1542 819 PERPETUUM
1565 788 1623 819 ET
1647 789 1772 819 UNUM

321 918 416 959 ''Ea-el
437 920 474 956 δὲ
499 919 550 955 δεῖ
570 925 697 960 κίνησιν
725 923 776 956 ἀεὶ
794 919 878 954 εἶναι
895 924 953 954 καὶ
970 923 1016 967 μή
1033 919 1231 964 διαλείπειν,
1253 922 1383 968 ἀνάγκη

392 965 476 1000 εἶναί
503 980 537 1000 τι
563 968 579 999 ὃ
605 968 736 1011 πρῶτον
761 970 855 1007 κινεῖ,
874 968 942 1000 εἴτε
969 968 1001 999 ἓν
1027 969 1095 999 εἴτε
1121 969 1239 1007 πλείω,
1260 968 1317 998 καὶ
1343 966 1384 998 τὸ

393 1013 524 1058 πρῶτον
549 1013 660 1044 κινοῦν
687 1012 858 1048 ἀκίνητον.

319 1100 489 1133 ’Ἑκαστον
514 1099 573 1142 μὲν
599 1097 656 1131 οῦν
679 1094 785 1131 ἀίδιον
803 1094 887 1130 εἶναι
908 1099 974 1130 τῶν
994 1096 1162 1135 ἀκινήτων
1180 1096 1238 1142 μὲν
1257 1095 1383 1128 κινούν-

393 1155 459 1175 των
485 1139 522 1175 ’δὲ
547 1137 644 1175 οὐδὲν
669 1143 750 1187 πρὸς
775 1142 834 1174 τὸν
855 1142 911 1173 νῦν
935 1141 1050 1187 λόγον·

329 1231 382 1264 ὅτι
406 1226 435 1262 δ’
458 1231 643 1276 ἀναγκαῖον
669 1227 754 1261 εἶναί
780 1240 814 1260 τι
839 1228 880 1260 τὸ
908 1229 1065 1266 ἀκίνητον
1087 1228 1145 1272 μὲν
1164 1228 1251 1261 αὐτὸ
1272 1227 1383 1264 πάσης

554 1274 560 1284 ,

393 1275 456 1312 τῆς
483 1276 580 1312 ἑκτος
605 1274 818 1318 μεταβολῆς,
843 1274 901 1304 καὶ
928 1274 1041 1310 ἁπλῶς
1065 1274 1123 1304 καὶ
1146 1272 1243 1304 κατά
1265 1272 1386 1316 συμβε-

393 1318 508 1360 βηκός,
533 1318 704 1356 κινητικὸν
728 1313 756 1348 δ’
787 1316 923 1359 ἑτέρου,
950 1313 1053 1353 δῆλον
1078 1312 1141 1348 ὦδε
1166 1317 1359 1349 σκοποῦσιν.

319 1407 432 1439 Ἔστω
457 1401 512 1448 δέ,
531 1407 561 1437 εἴ
583 1417 635 1443 τις
659 1404 837 1446 βούλεται,
858 1404 912 1436 ἐπί
937 1416 1034 1437 τινων
1060 1399 1276 1450 ἐνδεχόμενον
1302 1404 1381 1436 ὥστ’

393 1447 478 1482 εἷναί
503 1461 589 1482 ποτε
613 1450 672 1480 καὶ
696 1448 742 1491 μή
768 1445 854 1479 εἶναι
882 1448 958 1480 ἀνευ
983 1447 1140 1494 γενέσεως
1165 1451 1222 1480 καὶ
1248 1447 1383 1493 φθορᾶς·

394 1493 492 1538 τάχα
516 1493 580 1539 γάρ
614 1493 820 1538 ἀναγκαῖον,
854 1494 883 1523 εἴ
907 1504 941 1524 τι
968 1493 1085 1546 ἀμερὲς
1112 1493 1171 1525 ὁτὲ
1202 1492 1261 1536 μὲν
1295 1493 1385 1524 ἔστιν

394 1539 453 1569 ὁτὲ
477 1533 514 1568 δὲ
538 1536 586 1581 μή
611 1537 702 1568 ἐστιν
722 1536 800 1568 ἄνευ
818 1537 880 1568 τοῦ
898 1537 1128 1579 μεταβαλλειν
1148 1537 1206 1569 ὁτὲ
1223 1537 1281 1580 μὲν
1299 1534 1384 1568 εἶναι

395 1582 456 1614 ὁτὲ
478 1576 516 1612 δὲ
540 1580 587 1624 μή
613 1578 699 1612 εἶναι
724 1581 791 1612 πᾶν
824 1580 865 1612 τὸ
894 1582 1063 1613 τοιοῦτον·
1089 1583 1147 1613 καὶ
1176 1581 1243 1613 τῶν
1276 1581 1383 1625 ἀρχῶν

393 1627 459 1658 τῶν
487 1624 654 1662 ἀκινήτων
680 1624 738 1667 μὲν
762 1626 940 1661 κινητικῶν
966 1620 1003 1656 δὲ
1028 1626 1116 1662 ἐνίας
1143 1625 1202 1657 ὀτὲ
1223 1624 1282 1668 μὲν
1299 1625 1384 1658 εἶναι

393 1669 453 1702 6τὲ
476 1664 514 1700 δὲ
538 1669 585 1714 μή
611 1665 713 1709 εἶναι,
737 1663 922 1712 ἑνδεχέσθω
953 1671 1010 1700 καὶ
1036 1670 1155 1701 τοῦτο·
1184 1667 1258 1701 ἀλλ’
1287 1672 1326 1702 οὔ
1352 1682 1385 1702 τι

393 1713 505 1750 πάσας
530 1726 568 1759 γε
593 1708 754 1744 δυνατόν·

326 1796 431 1838 δῆλον
455 1799 519 1846 γάρ
544 1801 585 1837 ὠς
612 1798 722 1831 αἴτιόν
748 1810 782 1831 τι
807 1804 877 1837 τοῖς
904 1799 998 1832 αὐτοὶ
1023 1798 1132 1832 ἑαυτά
1146 1799 1294 1831 κινοῦσίν
1311 1800 1384 1832 ἐστι

436 1844 454 1852 ..
488 1845 495 1854 .
532 1843 538 1853 ι

314 2855 377 2886 Ἓν

393 1856 455 1876 του
481 1856 540 1875 οτε
570 1843 629 1886 μὲν
660 1840 745 1875 εἶναι
777 1843 836 1874 ὁτὲ
867 1839 905 1875 δὲ
935 1842 995 1886 μή.
1033 1843 1078 1875 Τό
1110 1843 1168 1887 μὲν
1199 1843 1263 1889 γάρ
1297 1842 1384 1876 αὐτὸ

392 1887 497 1920 ἑαυτὰ
521 1888 632 1919 κινοῦν
659 1886 750 1919 ἅπαν
776 1887 791 1919 ἐ’
819 1899 863 1918 ειν
891 1886 1022 1932 ἀνάγκη
1048 1886 1200 1933 μέγεθος,
1227 1888 1255 1919 εἰ
1279 1884 1383 1932 μηδὲν

390 1930 535 1964 κινεῖται
566 1930 702 1985 ἀμερές·
729 1931 770 1963 τό
793 1898 840 1965 χὸὲ
871 1933 980 1963 κινοῦν
1014 1927 1154 1975 οὐδεμία
1188 1931 1318 1977 ἀνάγκη
1349 1933 1384 1965 ἐκ

393 1977 459 2008 τῶν
484 1976 674 2020 εἰρημενων.
701 1975 767 2006 Τοῦ
785 1973 828 2014 δὴ
847 1976 895 2009 τά
914 1976 972 2020 μὲν
990 1974 1163 2022 γίγνεσθαι
1180 1976 1228 2008 τά
1244 1972 1281 2008 δὲ
1298 1975 1384 2020 φθεί-

392 2018 526 2064 ρεσθαι,
551 2021 608 2051 καὶ
633 2019 730 2051 τοῦτ’
760 2017 845 2053 εἶναι
869 2021 1030 2065 συνεχῶς,
1058 2019 1154 2052 οὐδὲν
1181 2022 1290 2053 αἴτιον
1316 2022 1382 2053 τῶν

395 2062 564 2100 ἀκινήτων
594 2062 674 2107 μέν,
706 2062 752 2105 μή
780 2065 830 2097 ἀεὶ
855 2060 883 2096 δ’
913 2065 1038 2096 ὄντων·
1066 2059 1134 2096 οὐδ’
1165 2062 1208 2096 αὖ
1233 2065 1298 2098 τῶν
1332 2066 1383 2097 ἀεὶ

392 2108 452 2150 μὲν
478 2103 559 2140 ταδὶ
582 2106 778 2150 κινούντων,
804 2108 936 2142 τούτων
961 2102 991 2138 δ’
1020 2107 1132 2152 ἕτερα.
1158 2109 1224 2140 Τοῦ
1248 2109 1312 2154 γάρ
1332 2109 1384 2141 ἀεὶ

391 2154 449 2183 καὶ
470 2151 628 2195 συνεχοῦς
654 2150 732 2182 οὔτε
758 2152 903 2185 ἕκαστον
927 2152 1040 2184 αὐτῶν
1067 2154 1176 2183 αἴτιον
1203 2152 1281 2184 οὔτε
1301 2152 1386 2185 ποίν-

392 2206 458 2228 τα·
485 2195 527 2227 τὸ
544 2195 602 2239 μὲν
619 2195 684 2240 γάρ
710 2193 816 2234 οὕτως
842 2197 929 2242 ἔχειν
957 2190 1062 2228 ἀΐδιον
1082 2197 1140 2227 καὶ
1162 2195 1196 2236 ἐξ
1217 2194 1380 2240 ἀνάγκης,

393 2239 442 2271 τοὶ
464 2234 501 2271 δὲ
527 2239 645 2271 πάντα
681 2238 823 2285 ἄπειρα,
857 2242 914 2272 καὶ
945 2240 1010 2284 οὐχ
1040 2238 1111 2283 ἅμα
1141 2239 1258 2273 πάντα
1284 2242 1380 2274 ὄντα.

393 2284 500 2320 Δῆλον
526 2286 636 2316 τοίνυν
665 2281 717 2314 ὅτι
734 2308 742 2324 ,
769 2286 796 2316 εἰ
819 2287 875 2316 καὶ
901 2283 1052 2338 μυριάκις
1078 2284 1161 2315 ἔνιαι
1188 2284 1290 2328 ἀρχαὶ
1316 2286 1381 2316 τῶν

395 2326 562 2363 ἀκινήτων
593 2326 650 2371 μὲν
684 2329 841 2360 κινουσῶν
871 2323 931 2370 δε,
959 2329 1017 2360 καὶ
1049 2328 1162 2359 πολλοὶ
1190 2330 1257 2360 τῶν
1291 2329 1385 2361 αὐτοὶ

393 2371 505 2404 ἑαυτοὶ
531 2370 714 2403 κινούντων
739 2372 928 2417 φθείρεται,
953 2372 1001 2405 τοὶ
1025 2367 1053 2403 δ’
1083 2373 1293 2417 ἐπιγίνεται,
1327 2375 1384 2404 καὶ

391 2412 473 2447 τόδε
498 2416 557 2457 μὲν
592 2415 750 2451 ἀκίνητον
777 2416 810 2448 ὂν
838 2412 918 2448 τόδε
948 2420 1052 2456 κινεῖ,
1079 2416 1192 2458 ἕτερον
1224 2412 1262 2448 δὲ
1295 2413 1382 2448 τοδί·

393 2460 466 2492 ἀλλ’
489 2456 584 2491 οὐδὲν
610 2459 717 2495 ἧττον
743 2461 816 2494 ἔστι
834 2473 868 2493 τι
887 2461 903 2492 ὃ
924 2459 1084 2505 περιέχει,
1102 2463 1160 2492 καὶ
1179 2461 1284 2493 τοῦτο
1304 2462 1381 2504 παρ’

392 2503 551 2545 ἕκαστον,
580 2503 595 2536 ὅ
621 2503 712 2536 ἐστιν
739 2507 847 2538 α’ίτιον
873 2506 936 2537 τοῦ
961 2504 1009 2537 τοὶ
1028 2505 1086 2548 μὲν
1104 2501 1188 2536 εἶναι
1205 2505 1252 2537 τοὶ
1268 2500 1305 2536 δὲ
1322 2504 1382 2548 μή,

391 2549 450 2579 καὶ
481 2549 544 2585 τῆς
573 2559 647 2579 συνε
677 2549 731 2586 οῦς
764 2549 971 2593 μεταβολῆς·
997 2550 1054 2580 καὶ
1084 2549 1190 2580 τοῦτο
1216 2549 1274 2592 μὲν
1308 2549 1386 2580 του’-

394 2603 484 2632 τοις,
511 2593 629 2624 ταῦτα
677 2593 690 2623 ἐ
715 2597 786 2631 τοῖς
813 2594 925 2630 ἄλλοις
952 2594 1049 2624 αἴτια
1079 2592 1251 2630 κινήσεως.
1286 2595 1384 2638 Εἴπερ

394 2633 451 2668 οὖν
479 2631 584 2673 ἀΐδιος
616 2636 637 2671 ἡ
669 2638 814 2678 κίνησις,
853 2633 958 2669 ἀΐδιον
991 2639 1048 2668 καὶ
1079 2637 1119 2670 τό
1142 2638 1254 2668 κινοῦν
1287 2637 1384 2670 ἔσται

393 2680 541 2724 πρῶτον,
567 2680 595 2711 εὶ
621 2679 667 2712 ἓν·
694 2681 721 2711 εὶ
745 2676 783 2713 δὲ
807 2682 924 2722 πλείω,
950 2682 1053 2715 πλείω
1079 2681 1127 2713 τοὶ
1152 2676 1258 2714 ἀΐδια.

403 2850 439 2886 δὲ
464 2854 592 2897 μᾶλλον
619 2852 640 2890 ἦ
666 2855 791 2895 πολλά,
809 2856 867 2886 καὶ
893 2854 1133 2899 πεπερασμένα
1151 2854 1172 2892 ἦ
1195 2855 1318 2900 ἄπειρα
1335 2850 1387 2887 δεῖ

392 2898 548 2942 νομίζειν.
576 2899 646 2929 Τῶν
673 2899 785 2931 αὐτῶν
811 2899 874 2945 γάρ
899 2899 1167 2943 συμβαινόντων,
1188 2900 1240 2933 ἀεὶ
1261 2899 1308 2932 τοὶ
1329 2912 1386 2931 πε-

393 2941 588 2986 περασμένα
619 2943 748 2986 μᾶλλον
779 2942 942 2980 ληπτέον·
970 2944 1002 2975 ἐν
1028 2944 1091 2990 γάρ
1117 2948 1187 2981 τοῖς
1237 2943 1306 2975 ύσει
1334 2939 1387 2975 δεῖ

393 2985 433 3018 τὸ
467 2986 719 3030 πεπερασμένον
754 2988 812 3019 καὶ
844 2987 884 3019 τὸ
918 2987 1070 3029 βέλτιον,
1107 2987 1144 3020 ἂν
1179 2989 1211 3021 ἑν
1239 2987 1381 3032 ε’χηται,

394 3029 556 3074 ὑπάρχειν
589 3031 730 3072 μᾶλλον.
763 3032 894 3063 Ἱκανὸν
926 3026 963 3063 δὲ
994 3033 1052 3064 καὶ
1076 3032 1104 3063 εἱ
1130 3031 1183 3074 ἓν,
1211 3035 1226 3066 ὂ
1252 3035 1383 3076 πρῶτον

394 3074 459 3126 τῷν
487 3073 653 3110 ἀκινήτων
682 3070 787 3106 ἀίδιον
815 3074 856 3107 ὃν
874 3075 972 3108 ἔσται
999 3075 1086 3121 ἀρχή
1111 3081 1182 3114 τοῖς
1200 3078 1313 3114 ἄλλοις
1337 3088 1384 3108 κι-

394 3128 528 3154 νησεως.

323 3160 472 3204 Φανερόν
497 3157 535 3192 δὲ
558 3164 615 3193 καὶ
641 3160 676 3193 ἐκ
701 3157 802 3194 τοῦδε
834 3162 886 3196 ὅτι
920 3162 1050 3208 ἀνάγκη
1084 3161 1168 3196 εἷναί
1198 3177 1232 3197 τι
1261 3165 1292 3195 ἓν
1326 3165 1383 3195 καὶ

396 3199 502 3236 ἀίδιον
528 3205 569 3236 τὸ
594 3207 726 3249 πρῶτον
751 3208 873 3237 κινοῦν.
902 3202 1077 3238 Δέδεικται
1095 3208 1159 3253 γάρ
1180 3207 1232 3241 ὅτι
1252 3207 1382 3253 ἀνάγκη

395 3248 446 3279 ἀεὶ
469 3250 594 3285 κίνησιν
620 3246 717 3279 εἶναι·
744 3250 772 3280 εἱ
796 3245 834 3281 δὲ
861 3250 926 3290 ἀεί,
954 3249 1084 3295 ἀνάγκη
1109 3254 1166 3282 καὶ
1192 3253 1314 3295 συνεχῆ
1342 3248 1384 3282 εἶ-

394 3302 462 3322 ναι·
491 3293 549 3323 καὶ
573 3292 636 3336 γάρ
662 3292 703 3324 τὸ
730 3293 780 3324 ἀεὶ
805 3293 958 3337 συνεχές,
985 3294 1026 3325 τὸ
1050 3288 1078 3324 δ’
1107 3295 1223 3337 ἑφεξῆς
1249 3297 1286 3327 οὐ
1311 3307 1384 3326 συν-

394 3334 481 3380 εχές.
514 3335 621 3367 Ἀλλά
644 3335 710 3375 μήν
735 3337 764 3366 εἴ
787 3349 824 3382 γε
850 3336 1004 3381 συνεχής,
1031 3339 1105 3380 μία·
1132 3342 1193 3381 μία
1218 3335 1262 3379 δ’,
1282 3339 1310 3370 εὶ
1329 3339 1379 3381 ὐφ’

395 3378 464 3415 ἑνός
490 3391 528 3410 τε
554 3379 616 3410 τοῦ
640 3380 811 3417 κινοῦντος
841 3382 899 3412 καὶ
925 3380 994 3417 ἑνός
1027 3382 1088 3413 τοῦ
1119 3382 1329 3426 κινουμένου·
1356 3383 1383 3414 εἱ

393 3422 457 3467 γάρ
483 3434 516 3454 τι
547 3423 629 3454 ἄλλο
660 3424 716 3454 καὶ
749 3423 830 3455 ἄλλο
861 3424 1009 3465 κινήσει,
1041 3425 1078 3456 οὗ
1110 3426 1250 3471 συνεχής
1277 3427 1297 3462 ἢ
1324 3425 1381 3463 ὅλη

393 3468 531 3504 κίνησις,
559 3465 631 3498 ἀλλ’
653 3466 780 3506 ἑφεξῆς.
801 3468 861 3498 Ἕκ
887 3480 924 3499 τε
950 3463 992 3504 δή
1016 3468 1149 3500 τούτων
1174 3470 1382 3502 πιστεύσειεν

395 3510 434 3542 ἄν
460 3521 510 3547 τις
536 3507 620 3542 εἶναί
646 3522 684 3542 τε
710 3511 841 3553 πρῶτον
869 3509 1044 3552 ἀκίνητον,

1504 968 1605 1007 ficere,
1619 970 1829 1000 necessarium
1846 978 1891 1001 est
1907 971 2026 1011 aliquid
2041 980 2107 1000 esse
2123 970 2212 1010 quod
2224 970 2364 1010 primum
2378 977 2495 1007 movet,

1505 1012 1568 1042 sive
1587 1023 1689 1043 unum
1710 1014 1749 1044 sit
1771 1014 1835 1044 sive
1851 1015 1951 1054 plura,
1972 1021 2002 1045 et
2017 1014 2157 1054 primum
2176 1024 2308 1044 movens
2331 1014 2496 1044 immobile

1506 1066 1582 1086 esse.

1437 1097 1452 1113 *
1476 1099 1739 1141 Unumquodque
1769 1101 1862 1141 igitur
1884 1108 2074 1141 perpetuum
2096 1111 2162 1131 esse
2183 1101 2398 1131 immobilium
2426 1100 2496 1141 qui-

1505 1143 1595 1182 dem,
1619 1145 1818 1174 moventium
1846 1152 1969 1184 autem,
1993 1145 2071 1175 nihil
2098 1145 2231 1185 pertinet
2259 1145 2299 1175 ad
2322 1155 2392 1175 eam
2415 1154 2496 1185 quae

1504 1196 1589 1217 nunc
1611 1188 1775 1218 rationem.

1439 1230 1603 1267 Quoniam
1626 1230 1736 1269 (autem
1771 1231 1979 1261 necessarium
2007 1238 2052 1262 est
2082 1241 2148 1261 esse
2185 1232 2302 1272 aliquid
2333 1232 2496 1262 immobile

1505 1275 1635 1315 quidem
1658 1275 1764 1315 ipsum
1788 1276 1825 1305 ab
1850 1275 1938 1306 omni
1967 1275 2098 1305 exterius
2126 1276 2301 1306 mutatione
2325 1283 2355 1306 et
2378 1276 2497 1316 simpli-

1506 1319 1580 1349 citer
1607 1326 1637 1350 et
1660 1319 1836 1349 secundum
1859 1319 2016 1355 accidens,
2045 1319 2203 1349 motivum
2225 1326 2332 1350 autem
2359 1320 2496 1358 alterius,

1505 1362 1709 1394 manifestum
1732 1370 1778 1394 est
1802 1363 2068 1393 considerantibus
2092 1362 2145 1393 sic.

1439 1406 1486 1438 Sit
1509 1413 1625 1446 autem,
1643 1407 1668 1437 si
1682 1407 1795 1447 aliquis
1813 1407 1897 1444 velit,
1916 1406 1949 1436 in
1964 1406 2154 1447 quibusdam
2171 1407 2354 1446 contingens
2376 1417 2442 1437 esse
2462 1413 2498 1437 ut

1507 1458 1537 1481 et
1559 1451 1599 1481 sit
1621 1451 1792 1491 aliquando
1817 1457 1847 1481 et
1870 1460 1934 1480 non
1958 1450 2007 1488 sit,
2032 1450 2098 1480 sine
2121 1451 2321 1490 generatione
2341 1457 2371 1481 et
2394 1461 2498 1481 corru-

1506 1495 1624 1535 ptione.
1638 1494 1790 1525 Fortassis
1805 1494 1889 1524 enim
1905 1494 2114 1524 necessarium
2130 1501 2185 1532 est,
2201 1494 2226 1524 si
2242 1495 2371 1535 aliquod
2383 1494 2499 1534 impar-

1504 1539 1591 1569 tibile
1605 1538 1774 1578 aliquando
1791 1538 1921 1579 quidem
1945 1545 2000 1576 est,
2025 1538 2195 1578 aliquando
2218 1545 2325 1568 autem
2340 1548 2417 1576 non,
2433 1539 2499 1568 sine

1505 1582 1680 1613 mutatione
1696 1582 1866 1622 aliquando
1882 1582 2012 1622 quidem
2029 1591 2104 1619 esse,
2122 1582 2292 1622 aliquando
2312 1589 2418 1612 autem
2434 1592 2499 1612 non

1506 1637 1572 1657 esse
1596 1637 1691 1657 omne
1714 1627 1784 1656 tale.
1809 1626 1849 1656 Et
1871 1625 2099 1666 principiorum
2123 1626 2337 1656 immobilium
2357 1626 2498 1666 quidem,

1506 1671 1700 1701 motivorum
1715 1676 1831 1708 autem,
1847 1670 2002 1710 quaedam
2017 1669 2188 1710 aliquando
2203 1670 2333 1710 quidem
2348 1680 2424 1708 esse,
2445 1670 2499 1700 ali-

1505 1715 1634 1755 quando
1649 1721 1755 1744 autem
1778 1724 1844 1743 non
1868 1723 1944 1751 esse,
1969 1713 2128 1753 contingat
2151 1720 2182 1744 et
2204 1714 2283 1744 hoc:
2309 1714 2363 1744 sed
2379 1723 2498 1754 nequa-

1506 1768 1603 1798 quam
1623 1758 1730 1787 omnia
1748 1757 1897 1797 possibile
1917 1764 1971 1787 est.

1439 1801 1643 1832 Manifestum
1659 1808 1705 1831 est
1720 1801 1805 1831 enim
1829 1801 1917 1841 quod
1941 1811 2033 1831 causa
2056 1801 2211 1841 quaedam
2230 1801 2298 1841 ipsa
2313 1801 2414 1841 seipsa
2429 1811 2497 1831 mo-

1505 1845 1649 1876 ventibus
1672 1845 1762 1882 inest,
1786 1845 1884 1884 ipsius
1909 1845 1996 1885 quod
2012 1851 2058 1875 est
2072 1845 2242 1885 aliquando
2266 1845 2395 1885 quidem
2420 1855 2496 1884 esse,

1505 1889 1674 1929 aliquando
1692 1896 1798 1919 autem
1814 1899 1880 1918 non
1897 1898 1971 1919 esse.
1993 1889 2101 1928 Ipsum
2116 1888 2244 1929 quidem
2259 1889 2343 1918 enim
2359 1889 2499 1929 seipsum

1505 1943 1637 1963 movens
1657 1943 1781 1963 necesse
1798 1939 1843 1963 est
1859 1942 1954 1962 omne
1970 1932 2220 1972 magnitudinem
2238 1933 2362 1971 habere,
2379 1933 2404 1963 si
2420 1933 2499 1963 nihil

1504 1984 1650 2007 movetur
1672 1976 1875 2016 impartibile:
1902 1986 2033 2006 movens
2058 1983 2163 2006 autern
2187 1987 2289 2017 neque
2313 1987 2376 2006 una
2393 1987 2496 2007 neces-

1505 2021 1577 2051 sitas
1601 2027 1647 2051 est
1670 2031 1706 2050 ex
1730 2020 1827 2050 dictis.
1860 2020 1960 2059 Ipsius
1990 2020 2084 2059 igitur
2106 2021 2194 2060 quod
2218 2027 2263 2050 est
2290 2020 2349 2050 alia
2369 2020 2498 2061 quidem

1503 2064 1581 2103 fieri,
1606 2065 1665 2094 alia
1681 2074 1754 2094 vero
1775 2063 1952 2103 corrumpi,
1977 2071 2007 2094 et
2030 2064 2091 2094 hoc
2111 2064 2270 2102 continue,
2295 2065 2382 2094 nulla
2406 2075 2498 2095 causa

1505 2115 1551 2139 est
1562 2108 1776 2138 immobilium
1791 2107 1932 2148 quidem,
1944 2118 2009 2138 non
2026 2118 2148 2147 semper
2164 2115 2270 2138 autern
2281 2106 2496 2147 existentium3

1504 2162 1607 2192 neque
1625 2151 1770 2192 ipsorum
1785 2151 1914 2191 quidem
1930 2161 2053 2191 semper
2067 2152 2143 2182 haec
2158 2152 2367 2190 moventium,
2381 2152 2498 2182 horum

1504 2203 1611 2226 autem
1639 2196 1742 2226 altera.
1772 2195 1872 2235 Ipsius
1896 2195 1981 2225 enim
2009 2205 2132 2235 semper
2165 2203 2195 2226 et
2222 2196 2363 2226 continui
2394 2206 2497 2237 neque

1504 2249 1606 2270 unum
1631 2239 1774 2278 ipsorum
1798 2249 1891 2268 causa
1906 2249 2008 2279 neque
2032 2239 2155 2269 omnia:
2180 2240 2242 2270 hoc
2259 2240 2343 2269 enim
2366 2240 2496 2280 quidem

1505 2283 1548 2313 sic
1565 2293 1596 2313 se
1613 2283 1724 2313 habere
1741 2292 1864 2322 semper
1885 2289 1914 2313 et
1939 2292 1974 2313 ex
1990 2283 2170 2315 necessitate
2187 2290 2242 2321 est,
2259 2283 2366 2313 omnia
2390 2290 2496 2314 autem

1504 2326 1643 2365 infinita,
1664 2334 1694 2357 et
1712 2336 1778 2356 non
1797 2333 1870 2356 sunt
1893 2326 1988 2356 simul
2007 2326 2114 2356 omnia
2138 2327 2228 2358 entia.
2254 2325 2269 2340 *
2292 2327 2495 2358 Manifestum

1503 2371 1598 2410 igitur
1621 2377 1666 2401 est
1693 2370 1781 2410 quod
1798 2370 1941 2410 quamvis
1965 2370 2065 2400 decies
2095 2371 2196 2400 milies
2227 2371 2378 2411 principia
2401 2381 2495 2412 quae-

1505 2415 1579 2444 dam
1594 2414 1808 2444 immobilium
1832 2414 1972 2454 quidem,
1989 2415 2187 2444 moventium
2211 2421 2331 2452 autem;
2348 2421 2379 2445 et
2397 2416 2497 2446 multa

1506 2459 1573 2498 ipsa
1597 2458 1696 2497 seipsa
1721 2458 1918 2488 moventium
1937 2466 2196 2498 corrumpantur,
2222 2458 2281 2488 alia
2303 2466 2377 2488 vero
2401 2458 2494 2497 fiant;

1506 2510 1537 2533 et
1558 2502 1620 2532 hoc
1651 2502 1780 2542 quidem
1803 2501 1966 2531 immobile
1990 2501 2047 2539 sit,
2080 2502 2165 2532 aliud
2195 2512 2270 2532 vero
2298 2509 2424 2540 movet,
2453 2503 2496 2532 al-

1505 2553 1609 2576 terum
1633 2553 1738 2576 autem
1766 2545 1845 2575 hoc:
1875 2545 1929 2575 sed
1959 2545 2164 2575 nihilominus
2193 2547 2245 2576 est'
2266 2546 2384 2586 aliquid
2407 2547 2495 2586 quod

1507 2590 1662 2627 continet,
1687 2596 1716 2620 et
1739 2589 1800 2619 hoc
1824 2595 1906 2619 extra
1929 2590 2199 2629 unumquodque,
2224 2590 2312 2629 quod
2335 2596 2381 2620 est
2404 2600 2496 2620 causa

1507 2634 1573 2664 eius
1590 2634 1678 2674 quod
1694 2640 1740 2664 est
1756 2633 1814 2663 alia
1833 2643 1910 2670 esse,
1927 2633 1987 2663 alia
2004 2643 2078 2663 vero
2095 2643 2170 2671 non,
2191 2639 2221 2664 et
2240 2633 2407 2664 continuae
2425 2644 2494 2664 mu-

1506 2678 1651 2715 tationis;
1684 2684 1714 2707 et
1743 2677 1803 2707 hoc
1827 2677 1955 2716 quidem
1984 2677 2047 2714 his,
2078 2677 2153 2707 haec
2183 2684 2290 2707 autem
2313 2677 2379 2707 aliis
2403 2688 2495 2708 causa

1506 2728 1614 2752 motus
1634 2728 1715 2751 sunt.
1731 2719 1746 2735 *
1763 2721 1793 2751 Si
1812 2721 1906 2761 igitur
1922 2728 2091 2761 perpetuus
2108 2728 2214 2752 motus
2231 2728 2286 2759 est,
2307 2728 2495 2761 perpetuum

1506 2765 1563 2796 erit
1586 2772 1616 2796 et
1631 2775 1762 2795 movens
1786 2765 1935 2804 primum,
1953 2765 1977 2795 si
2000 2772 2115 2803 unum,
2140 2765 2165 2795 si
2183 2775 2256 2795 vero
2281 2765 2381 2805 plura,
2405 2765 2496 2805 plura

1507 2816 1537 2839 et
1555 2816 1714 2849 perpetua.

1440 2854 1550 2884 Unum
1573 2860 1680 2883 autem
1702 2852 1802 2891 magis
1825 2862 1922 2893 quam
1945 2852 2055 2890 multa,
2079 2859 2109 2883 et
2131 2851 2218 2883 finita
2241 2862 2337 2893 quam
2360 2852 2495 2891 infinita,

1506 2903 1632 2937 oportet
1656 2897 1845 2927 existimare:
1871 2897 1987 2926 eisdem
2011 2896 2095 2926 enirn
2118 2896 2347 2935 accidentibus,
2372 2907 2495 2936 semper

1505 2940 1593 2971 finita
1616 2940 1714 2980 magis
1734 2940 1962 2980 accipiendum.
1983 2941 2017 2970 In
2033 2940 2069 2970 iis
2086 2941 2170 2970 enim
2189 2951 2270 2981 quae
2286 2948 2359 2971 sunt
2374 2948 2494 2979 natura,

1506 2991 1632 3025 oportet
1645 2984 1771 3014 finitum
1795 2991 1824 3014 et
1838 2984 1871 3014 id
1884 2985 1971 3025 quod
1987 2991 2032 3015 est
2047 2985 2175 3022 melius,
2200 2985 2225 3014 si
2241 2985 2410 3024 contingat,
2429 2995 2495 3015 esse

1506 3029 1620 3068 magis:
1646 3028 1800 3058 sufficiens
1824 3035 1930 3058 autem
1954 3028 1978 3058 si
2001 3039 2103 3058 unum
2122 3029 2209 3069 quod
2225 3028 2364 3067 primum
2380 3028 2493 3058 immo-

1505 3072 1626 3111 bilium,
1643 3079 1832 3112 perpetuum
1849 3082 1923 3126 cum0
1938 3073 1989 3110 sit,
2011 3072 2067 3102 erit
2082 3072 2271 3112 principium
2291 3072 2357 3102 aliis
2377 3079 2492 3102 motus,

1439 3164 1454 3181 *
1470 3165 1673 3196 Manifestum
1689 3166 1784 3205 igitur
1807 3176 1843 3195 ex
1863 3166 1910 3195 his
1926 3172 1971 3195 est
1985 3166 2072 3205 quod
2089 3175 2212 3195 necesse
2229 3172 2274 3195 est
2293 3175 2358 3194 esse
2374 3165 2492 3204 aliquid

1506 3219 1608 3239 unum
1636 3216 1666 3239 et
1694 3216 1882 3249 perpetuum
1909 3209 2048 3248 primum
2072 3219 2212 3238 movens.
2248 3208 2419 3238 Ostensum
2447 3215 2493 3239 est

1506 3253 1590 3283 enim
1613 3254 1766 3293 quoniam
1782 3262 1906 3282 necesse
1922 3259 1967 3282 est
1983 3262 2106 3291 semper
2122 3258 2246 3281 motum
2265 3262 2346 3289 esse,
2371 3259 2401 3282 et
2417 3262 2492 3282 con-

1505 3297 1632 3327 tinuum
1661 3304 1744 3326 esse:
1776 3303 1806 3326 et
1836 3306 1972 3335 namque
2003 3296 2090 3336 quod
2118 3305 2254 3334 semper,
2286 3296 2492 3335 continuum;

1505 3340 1594 3380 quod
1617 3347 1723 3370 autern
1739 3346 1974 3379 consequenter,
1995 3349 2060 3369 non
2075 3346 2120 3369 est
2136 3338 2332 3369 continuum.
2356 3342 2399 3370 At
2418 3350 2492 3370 vero

1507 3384 1532 3413 si
1547 3384 1726 3421 continuus,
1745 3393 1826 3413 unus
1847 3390 1908 3419 est;
1926 3393 2008 3412 unus
2024 3389 2140 3419 autem,
2158 3382 2182 3412 si
2196 3383 2234 3412 ab
2250 3393 2316 3413 uno
2333 3390 2493 3421 movente,

1507 3434 1537 3457 et
1560 3427 1654 3457 unius
1681 3427 1768 3467 quod
1799 3433 1962 3456 movetur:
1991 3426 2016 3455 si
2044 3426 2128 3456 enim
2157 3427 2320 3466 quoddam
2346 3427 2431 3457 aliud
2462 3434 2494 3458 et

1474 3498 1477 3500 ,
1509 3470 1594 3501 aliud
1617 3470 1765 3507 movebit,
1789 3480 1854 3500 non
1878 3469 2046 3500 continuus
2070 3477 2153 3500 totus
2173 3477 2290 3508 motus,
2315 3471 2370 3501 sed
2389 3481 2494 3501 conse-

1508 3521 1648 3554 quenter.
1674 3514 1770 3553 Igitur
1792 3523 1827 3543 ex
1851 3513 1898 3543 his
1921 3514 1995 3544 sciet
2009 3514 2117 3554 utique
2140 3513 2252 3554 aliquis
2276 3524 2342 3544 esse
2365 3515 2493 3555 aliquod

1508 3557 1647 3597 primum
1670 3567 1800 3587 movens
1822 3557 1994 3587 immobile.

1439 925 1455 944 *
1479 926 1642 962 Quoniam
1665 933 1770 956 autem
1787 933 1912 967 oportet
1934 937 2056 966 semper
2071 933 2198 957 motum
2221 936 2287 956 esse
2304 933 2334 956 et
2356 936 2422 957 non
2446 927 2496 956 de·
2525 933 2534 942 ·
2550 932 2607 959 Cap·
2621 932 2737 954 v1.·rext.

2524 964 2559 985 45-

2522 1106 2532 1116 '
2546 1105 2613 1127 Text.
2627 1107 2665 1132 40.

2523 2331 2532 2339 ·
2546 2329 2613 2351 Text.
2628 2336 2664 2357 47.

2521 2723 2530 2732 ·
2546 2722 2612 2744 Text.
2627 2724 2665 2749 48.

2518 3163 2529 3175 ⁴
2543 3164 2610 3186 Text.
2623 3171 2663 3192 49.
