2950 4004
32 3301 45 3312 '⁵
71 3301 131 3323 Infra
152 3301 176 3322 in
199 3300 243 3322 hoc

34 3333 98 3349 num.

32 3390 141 3433 μέῗςόπὶ.
155 3416 244 3433 nti-’nun

1108 200 1217 236 CAP.
1247 199 1333 244 V11,
1364 197 1514 234 LECT.
1546 199 1596 234 XI

967 414 1183 471 LECT
1185 416 1266 469 10
1304 414 1733 469 UNDECIMA

473 573 595 611 QUOD
618 569 862 602 NATURALIS
885 566 1181 599 PHILOSOPHIA-
1198 566 1254 596 EX
1278 566 1466 596 OMNIBUS
1492 566 1705 602 QUATUOR
1729 566 1962 596 CAUSARUM
1986 565 2223 596 GENERIBUS

1203 627 1498 658 DEMONSTRET

260 767 357 799 Ἐπεὶ
381 760 411 796 δ’
441 766 475 795 αἱ
501 764 610 795 αἰτίαι
636 761 817 804 τέσσαρες,
845 761 916 801 περὶ
950 759 1066 791 πασῶν
1099 759 1160 790 τοῦ
1185 759 1322 800 φυσικοῦ

332 805 470 847 εἰδέναι,
489 809 548 838 καὶ
573 807 617 843 εἰς
644 805 756 843 παίσας
784 805 916 848 ἀνοίγων
944 803 984 835 τὸ
1010 799 1068 834 διαὶ
1092 805 1124 834 τί
1153 798 1322 834 ἀποδώσει

331 853 491 895 φυσικῶς,
517 846 581 887 τήν
613 849 715 890 ὕλην,
749 850 790 882 τὸ
823 848 930 887 εἶδος,
959 847 999 879 τὸ
1023 847 1184 886 κινῆσαν,
1217 846 1258 878 τὸ
1286 845 1322 877 οὗ

332 896 443 928 ἕνεκα,

258 942 420 987 Ἔρχεται
445 933 482 969 δὲ
508 938 556 970 τοὶ
580 940 657 992 τρία
682 938 725 974 εἰς
752 937 792 970 τὸ
818 939 850 971 ἓν
877 934 1051 971 πολλάκις·
1073 934 1113 966 τό
1130 933 1188 977 μὲν
1205 934 1270 978 γαρ
1290 935 1322 963 τί

333 986 406 1017 ἐστι
429 984 486 1014 καὶ
513 981 553 1013 τὸ
580 993 617 1013 ου
644 980 740 1013 ἕνεκα
766 981 798 1014 ἕν
825 984 910 1015 ἐστι·
938 979 978 1011 τὰ
1004 974 1030 1010 δ’
1055 977 1127 1010 ὅθεν
1153 978 1173 1013 ’ἡ
1197 979 1322 1014 κίνησις

331 1029 479 1071 πρῶτον,
502 1027 549 1067 τῷ
575 1021 654 1057 εἴδει
681 1026 794 1058 ταὺτὸ
821 1026 971 1061 τούτοις·
993 1022 1162 1067 ἄνθρωπος
1183 1022 1248 1067 γοὶρ
1270 1021 1323 1052 ἄν·

331 1073 460 1115 θρωπον
485 1070 599 1115 γεννᾷ·

265 1120 322 1150 καὶ
349 1117 430 1153 ὅλως
458 1114 521 1146 ὅσα
545 1113 724 1157 κινούμενα
748 1118 842 1146 κινεῖ·
870 1113 934 1145 ὅσα
958 1107 995 1143 δὲ
1017 1110 1078 1154 μή,
1098 1109 1214 1142 οὐκέτι
1236 1120 1326 1152 φυσι-

330 1162 404 1198 κῆς·
433 1159 470 1191 οὗ
502 1159 567 1204 γοίρ
593 1159 626 1190 ἔν
653 1160 770 1196 αὐτοῖς
802 1158 930 1202 ἔχοντα
959 1159 1085 1193 κίνησιν
1118 1149 1187 1186 οὐδ’
1218 1153 1324 1198 ἀρχὴν

331 1204 489 1240 κινήσεως
506 1206 601 1243 κινεῖ,
624 1199 692 1234 ἀλλ’
715 1203 861 1240 ἀκίνητα
880 1203 977 1234 ὄντα·
993 1195 1044 1231 διὸ
1062 1203 1147 1241 τρεῖς
1167 1200 1200 1230 αἱ
1219 1209 1326 1243 πραγ-

331 1252 472 1292 ματεῖαι
499 1247 519 1282 ἦ
545 1246 603 1290 μὲν
630 1248 703 1291 περὶ
730 1248 903 1287 ἀκίνητον,
930 1246 950 1281 τ’)
977 1240 1013 1276 δὲ
1039 1245 1112 1285 περὶ
1132 1242 1324 1286 κινούμενον

333 1293 391 1336 μὲν
421 1290 590 1335 ἄφθαρτον
617 1287 667 1331 δέ,
695 1292 716 1327 ἡ
742 1286 779 1322 δὲ
805 1292 878 1332 περὶ
904 1289 951 1321 τοὶ
976 1286 1124 1333 φθαρτοί.

260 1412 361 1445 Ὥστε
387 1413 428 1445 τὸ
453 1408 511 1443 Stoi
536 1414 568 1442 τί
593 1413 650 1442 καὶ
675 1411 719 1447 εὶς
739 1411 802 1446 τήν
821 1409 901 1446 ὕλην
923 1409 1086 1454 ἀνοίγοντι
1105 1402 1325 1448 ἀποδίδοται,

331 1458 390 1488 καὶ
415 1457 459 1493 εἰς
481 1455 522 1487 τὸ
548 1456 581 1485 τί
608 1455 693 1495 ἐστι,
719 1456 778 1485 καὶ
804 1454 848 1491 εἰς
874 1454 914 1485 τὸ
942 1455 1073 1496 πρῶτον
1098 1453 1252 1488 κινῆσαν·

268 1504 341 1544 περὶ
366 1500 525 1546 γενέσεως
549 1499 614 1543 γοὶρ
636 1498 791 1542 μάλιστα
818 1499 943 1530 τοῦτον
969 1498 1028 1529 τὸν
1054 1496 1177 1540 τρόπον
1197 1496 1259 1533 τὰς
1279 1496 1330 1526 αἰ-

335 1547 410 1581 τίας
435 1546 613 1582 σκοποῦσι,
641 1544 674 1573 τί
699 1543 791 1586 μετ-α’.
816 1544 848 1573 τί
874 1545 1042 1587 γίγνεται,
1062 1543 1120 1572 καὶ
1139 1543 1172 1571 τί
1194 1541 1327 1583 πρῶτον

334 1589 489 1624 ἐποίησεν
508 1586 528 1623 ἦ
549 1590 581 1619 τί
602 1585 719 1627 ἔπαθε,
738 1588 795 1617 καὶ
818 1585 925 1623 οὕτως
952 1586 1002 1617 ἀεὶ
1029 1585 1069 1616 τὸ
1096 1585 1225 1626 ἑφεξῆς.
1254 1586 1329 1614 Διτ-

334 1635 392 1664 ταὶ
418 1627 456 1663 δὲ
482 1634 516 1663 αἱ
543 1631 645 1676 ἀρχαὶ
675 1633 709 1662 αἱ
739 1631 891 1662 κινοῦσαι
923 1629 1083 1672 φυσικῶς,
1111 1628 1152 1659 ὦν
1179 1629 1199 1664 ἡ
1227 1627 1328 1670 ἑτέρα

333 1677 371 1708 οὖ
404 1674 538 1719 φυσική·
567 1677 604 1707 οὗ
630 1674 694 1720 γοὶρ
721 1673 790 1719 ἔχει
821 1673 980 1711 κινήσεως
1017 1672 1122 1717 ἀρχὴν
1154 1672 1186 1703 ἑν
1221 1672 1326 1712 αὐτῇ·

334 1721 493 1752 τοιοῦτον
518 1715 546 1751 δ’
577 1721 668 1752 ἐστὶν
694 1719 723 1749 εἴ
747 1730 780 1750 τι
804 1721 889 1749 κινεῖ
911 1718 958 1760 μή
982 1717 1193 1760 κινούμενον,
1221 1715 1328 1759 ὥσπερ

335 1765 375 1796 τὸ
402 1777 440 1796 τε
466 1764 641 1800 παντελῶς
670 1763 829 1799 ἀκίνητον
858 1763 916 1793 καὶ
946 1761 987 1793 τὸ
1013 1761 1152 1793 πάντων
1183 1761 1326 1804 πρῶτον.

265 1851 330 1882 Καὶ
357 1849 397 1882 τό
424 1852 456 1881 τί
483 1849 557 1881 ἐστι
581 1850 639 1880 καὶ
664 1849 684 1885 ἦ
712 1846 833 1892 μορφή·
862 1846 959 1884 τέλος
983 1846 1047 1892 γάρ
1071 1847 1128 1877 καὶ
1155 1845 1193 1876 οὖ
1217 1844 1327 1876 ἕνεκα·

332 1899 414 1932 ὥστ’
437 1900 509 1931 ἐπεὶ
527 1900 547 1936 ἡ
566 1898 660 1943 φύσις
678 1897 777 1930 ἕνεκα
800 1909 872 1938 του,
891 1899 948 1929 καὶ
966 1895 1099 1933 ταύτην
1118 1890 1243 1928 εἰδέναι
1263 1891 1325 1927 δεῖ.

267 1993 332 2023 Καὶ
359 1990 496 2027 πάντως
529 1984 719 2022 ἀποδοτέον
746 1987 786 2019 τὸ
812 1982 870 2018 διαὶ
896 1989 949 2026 τί,
983 1986 1049 2017 οἷον
1077 1984 1130 2017 ὅτι
1156 1984 1191 2017 ἐκ
1226 1980 1326 2016 τοῦδε

336 2034 466 2080 ἀνάγκη
498 2029 590 2066 τόδε·
625 2032 666 2065 τὸ
697 2028 734 2063 δέ
768 2032 803 2062 ὲκ
834 2025 935 2065 τοῦδε
961 2029 981 2066 ἦ
1009 2031 1121 2066 ἁπλῶς
1152 2027 1172 2066 ἦ
1198 2031 1238 2066 ὠς
1273 2030 1326 2061 ἐπὶ

335 2078 377 2110 τὸ
403 2077 502 2110 πολύ·

268 2123 325 2154 καὶ
350 2123 377 2153 εὶ
402 2121 515 2164 μέλλει
541 2115 615 2151 τοδὶ
634 2118 781 2159 ἔσεσθαι,
796 2117 906 2158 ὥσπερ
928 2117 963 2148 ἐκ
983 2117 1048 2148 τῶν
1071 2117 1268 2172 πῖροτοίσεων
1287 2116 1327 2147 τὸ

337 2164 574 2209 συμπέρασμα·
600 2164 659 2194 καὶ
686 2162 739 2194 ὅτι
765 2162 860 2194 τοῦτ’
891 2159 930 2198 ἦν
957 2160 997 2192 τὸ
1022 2164 1055 2193 τί
1081 2173 1120 2196 ην
1145 2158 1249 2201 εἶναι,

268 2210 326 2240 καὶ
351 2205 440 2242 διότι
471 2207 605 2247 βέλτιον
637 2205 764 2248 οὕτως,
798 2207 860 2250 οὐχ
887 2206 1020 2244 ἁπλῶς,
1056 2205 1146 2237 ἀλλα
1175 2205 1215 2237 τὸ
1247 2203 1325 2248 πρός

336 2253 399 2289 τήν
425 2252 570 2284 ἑκάστου
596 2251 723 2283 οὐσίαν.

327 2347 475 2375 Swopsxs.
488 2361 525 2367 —
540 2355 564 2373 1.
589 2347 798 2382 Argumentum
821 2350 848 2372 et
869 2344 970 2372 divisio
991 2350 1091 2372 textus.
1107 2359 1126 2364 -
1140 2343 1256 2371 Thesis:
1279 2344 1325 2370 Ad

267 2386 414 2416 scientiam
435 2386 594 2414 naturalem
615 2385 736 2421 pertinet
750 2391 777 2412 et
791 2393 893 2412 omnes
915 2393 1014 2412 causas
1036 2392 1210 2420 cognoscere
1231 2389 1259 2411 et
1275 2392 1326 2419 per

267 2435 370 2455 omnes
383 2425 548 2454 naturaliter
563 2425 768 2452 demonstrare.
784 2441 803 2445 -
818 2431 844 2451 2.
860 2425 1070 2451 Praenotarnen
1084 2422 1219 2459 primum.
1234 2423 1326 2458 Saepe

266 2473 324 2494 tres
338 2474 440 2494 causae
454 2471 629 2493 concurrunt
642 2464 671 2491 in
685 2473 774 2492 unam
783 2485 790 2498 ‚
805 2463 844 2491 ita
859 2463 938 2499 quod
955 2472 1041 2490 causa
1054 2461 1184 2490 formalis
1199 2468 1227 2489 et
1241 2471 1327 2490 causa

267 2505 359 2533 finalis
379 2503 570 2542 generationis
594 2503 650 2531 sint
670 2512 729 2531 una
749 2503 907 2530 secundum
929 2511 1091 2537 numerum,
1113 2508 1140 2529 et
1155 2511 1241 2529 causa
1263 2511 1326 2529 mo-

266 2553 336 2573 vens
352 2544 388 2572 sit
407 2543 520 2580 utrique
541 2544 642 2571 eadem
663 2543 821 2570 secundum
837 2542 961 2578 speciem
980 2542 1010 2569 in
1024 2541 1174 2578 agentibus
1188 2541 1326 2576 univocis,

266 2593 328 2612 non
342 2589 438 2612 autem
459 2583 489 2610 in
510 2583 659 2619 agentibus
680 2592 740 2610 non
761 2581 899 2610 univocis.
914 2598 933 2602 -
949 2581 975 2609 3.
994 2582 1205 2609 Praenotamen
1226 2590 1326 2608 secun-

268 2624 346 2651 dum.
368 2623 415 2650 Ad
436 2621 695 2650 considerationem
717 2621 852 2649 naturalis
873 2620 1015 2658 pertinent
1036 2629 1235 2657 quaecumque
1263 2629 1327 2647 mo-

266 2662 363 2690 ventia
392 2670 466 2698 quae
496 2667 613 2689 movent
642 2667 670 2688 et
691 2667 861 2695 moventur3
883 2670 944 2688 non
965 2666 1061 2688 autem
1092 2659 1238 2687 moventia
1267 2669 1327 2687 non

268 2708 356 2737 mota,
372 2701 440 2737 quia
459 2702 531 2729 haec
548 2709 609 2728 non
630 2706 696 2728 sunt
716 2700 863 2734 naturalia,
878 2705 977 2735 utpote
1003 2708 1064 2727 non
1085 2699 1220 2727 habentia
1247 2698 1276 2726 in
1298 2708 1327 2726 se

268 2741 336 2777 ipsis
363 2740 535 2777 principium
563 2745 669 2767 motus.
690 2739 760 2767 Tria
780 2739 895 2776 negotia
915 2738 1124 2775 philosophiae.
1143 2754 1159 2758 -—
1177 2747 1205 2773 4.
1221 2739 1327 2766 Textus

268 2780 379 2808 divisio.
395 2797 414 2801 -
427 2780 474 2807 Ad
495 2779 655 2807 naturalem
675 2779 798 2815 pertinet
819 2778 1000 2806 considerare
1014 2778 1147 2812 formam,
1163 2784 1327 2805 moventem

269 2826 297 2848 et
310 2818 468 2847 materiam.
480 2836 499 2840 -
515 2818 540 2846 5.
559 2819 709 2846 Probatur.
730 2819 756 2846 A
777 2817 898 2846 naturali
920 2823 1034 2854 oportet
1049 2817 1223 2845 considerari
1244 2817 1327 2854 quid-

268 2859 339 2896 quid
359 2859 433 2887 eirca
453 2858 667 2895 generationem
689 2858 929 2886 considerandum
951 2863 1008 2892 est;
1024 2863 1052 2885 at
1073 2857 1147 2885 circa
1168 2857 1326 2893 generatio-

267 2908 336 2927 nem
357 2904 472 2935 oportet
486 2898 667 2926 considerare
688 2897 756 2934 quid
777 2902 819 2925 est
833 2897 908 2934 quod
921 2897 970 2934 fit,
985 2905 1089 2932 nempe
1110 2897 1244 2931 formam,
1259 2897 1328 2933 quid

269 2943 312 2966 est
333 2938 408 2975 quod
426 2937 557 2975 pr1‘mum
572 2937 666 2975 jecit,
688 2946 792 2973 nempe
814 2943 978 2964 moventem
991 2958 998 2971 ,
1023 2942 1051 2964 et
1072 2936 1174 2964 iterum
1197 2936 1265 2972 quid
1286 2942 1328 2964 est

391 3056 404 3073 μ
420 3064 422 3066 ,
441 3058 453 3080 3.
532 3035 708 3076 ostquam
722 3028 977 3076 Philosophus
999 3028 1261 3065 determinavit
1278 3028 1324 3065 de

340 3076 362 3105 ³¹
402 3087 420 3097 ''
488 3080 508 3090 ‘
533 3081 665 3128 causis,
687 3081 748 3117 hic
767 3081 929 3118 ostendit
949 3081 1054 3130 quod
1078 3081 1255 3118 naturalis
1281 3093 1326 3117 ex

323 3139 331 3151 “
390 3145 403 3155 Κ
456 3128 711 3178 &omnibus
733 3133 854 3170 causis
884 3133 1126 3170 demonstrat.
1157 3135 1205 3170 Et
1230 3134 1326 3170 circa

421 3212 427 3223 x
476 3180 606 3222 ‘'¹¹¹hoc
635 3186 711 3222 duo
745 3186 855 3222 facit:
893 3186 1019 3234 primo
1053 3186 1140 3222 dicit
1175 3186 1220 3222 de
1250 3199 1326 3235 quo

273 3244 328 3274 est
355 3237 530 3283 intenti03
561 3238 727 3274 secundo
758 3238 951 3286 exequitur
977 3238 1228 3287 propositum,
1258 3239 1326 3275 ibi:

271 3290 345 3326 Sed
370 3295 443 3326 tres
470 3290 507 3326 in
537 3302 651 3326 unam
672 3291 692 3311 ’Β
721 3298 789 3326 ete.
820 3290 917 3326 Dicit
946 3302 1033 3337 ergo
1061 3290 1198 3338 primo,
1225 3291 1328 3338 quod

236 3373 241 3378 .
272 3355 360 3380 curn
377 3350 537 3391 quatuor
564 3342 635 3378 sint
654 3354 801 3388 causae,
822 3342 916 3378 sieut
939 3354 1051 3390 supra
1064 3343 1084 3363 *
1100 3342 1241 3378 dictum
1262 3350 1327 3390 est,

272 3396 320 3434 ad
348 3395 556 3432 naturalem
585 3394 744 3443 pertinet
773 3395 843 3430 εἴ*
873 3407 1006 3431 omnes
1033 3407 1272 3442 cognoscere,
1295 3402 1330 3431 et

271 3460 339 3497 per
371 3460 505 3484 omnes
541 3447 756 3484 naturaliter
793 3447 1072 3493 demonstrare,
1111 3447 1327 3484 reducendo

273 3501 534 3549 quaestionem
555 3507 709 3548 propter
737 3499 829 3548 quid
853 3499 891 3536 in
919 3499 1125 3548 quamlibet
1145 3499 1327 3536 dictarum

1378 758 1395 777 *
1412 758 1574 796 Quoniam
1597 765 1703 789 autem
1728 769 1837 788 causae
1861 766 1998 799 quatuor
2021 764 2113 796 sunt,
2143 758 2180 788 de
2209 758 2358 788 omnibus
2382 758 2440 789 erit

1443 802 1565 842 physici
1589 810 1798 842 cognoscere:
1825 809 1854 832 et
1877 802 1910 832 in
1934 812 2045 832 omnes
2069 802 2220 831 reducens
2239 803 2346 842 ipsum
2365 812 2437 842 pro-

1444 853 1512 885 pter
1535 846 1613 886 quid
1637 846 1862 876 demonstrabit
1890 846 2038 886 physice,
2067 845 2249 883 materiam,
2278 846 2436 884 formam,

1444 896 1627 920 moventem
1650 897 1680 919 et
1703 890 1791 929 quod
1816 896 1861 920 est
1885 890 1973 920 cuius
1997 900 2098 920 causa.

1378 933 1439 963 Sed
1462 940 1522 963 tres
1546 933 1579 962 in
1602 943 1699 963 unam
1722 933 1852 963 veniunt
1875 933 2043 964 multoties.
2069 933 2165 970 Quod
2197 932 2326 973 quidem
2357 932 2441 962 enim

1446 977 1522 1017 quid
1542 983 1598 1014 est,
1616 983 1646 1006 et
1660 977 1749 1016 quod
1768 977 1857 1007 cuius
1877 987 1980 1014 causa,
1997 987 2060 1007 una
2080 984 2144 1007 est:
2162 978 2250 1017 quod
2265 987 2339 1006 vero
2354 976 2439 1007 unde

1445 1027 1553 1051 motus
1576 1020 1778 1060 principium,
1803 1021 1904 1060 specie
1929 1021 2039 1051 eadem
2062 1027 2108 1051 est
2130 1021 2198 1059 his;
2222 1021 2322 1051 homo
2357 1020 2442 1050 enim

1445 1064 1609 1095 hominem
1633 1071 1767 1103 generat.

1379 1107 1393 1124 *
1410 1109 1450 1139 Et
1472 1108 1604 1138 omnino
1629 1118 1849 1148 quaecumque
1872 1114 1959 1138 mota
1982 1114 2128 1145 movent;
2152 1118 2372 1148 quaecumque
2389 1118 2442 1138 au-

1445 1159 1510 1183 tem
1533 1162 1610 1190 non,
1634 1161 1700 1182 non
1723 1151 1858 1191 amplius
1874 1152 2020 1192 physicae
2045 1158 2134 1182 sunt:
2161 1162 2226 1181 non
2243 1152 2328 1182 enirn
2348 1152 2381 1181 in
2397 1162 2442 1182 se-

1445 1196 1520 1236 ipsis
1536 1195 1682 1225 habentia
1698 1202 1824 1225 motum
1840 1205 1942 1235 neque
1962 1195 2152 1235 principium
2168 1203 2285 1234 motus,
2303 1202 2442 1233 movent,

1447 1240 1501 1270 sed
1517 1239 1692 1269 immobilia
1715 1246 1796 1270 sunt.
1821 1239 1913 1269 Unde
1932 1239 1990 1269 tria
2013 1239 2137 1278 negotia
2160 1246 2250 1269 sunt:
2275 1239 2351 1269 haec
2375 1239 2443 1279 qui-

1448 1284 1521 1314 dem
1545 1283 1624 1314 circa
1646 1283 1829 1321 immobile;
1854 1283 1914 1312 alia
1936 1292 2010 1312 vero
2041 1283 2120 1313 circa
2152 1283 2269 1312 mobile
2293 1283 2442 1323 quidem,

1447 1326 1683 1367 incorruptibile
1716 1333 1841 1365 autem3
1870 1327 2026 1367 quaedam
2059 1334 2166 1357 autem
2201 1326 2279 1357 circa
2314 1326 2443 1356 mobilia

1449 1371 1671 1411 corruptibilia.

1381 1417 1398 1435 *
1415 1416 1519 1453 Quare
1535 1422 1663 1455 propter
1679 1414 1756 1455 quid
1781 1421 1810 1444 et
1832 1414 1872 1444 ad
1890 1414 2053 1444 materiam
2072 1414 2231 1444 reducenti
2248 1414 2396 1452 redditur,
2414 1420 2444 1444 et

1449 1459 1481 1489 in
1504 1459 1610 1499 ipsum
1634 1458 1721 1499 quod
1745 1457 1823 1498 quid
1846 1465 1902 1496 est,
1927 1465 1958 1488 et
1980 1458 2012 1487 in
2036 1457 2176 1498 primum
2200 1467 2341 1488 movens.

1383 1505 1430 1534 De
1453 1503 1652 1543 generatione
1677 1502 1762 1532 enirn
1785 1502 1920 1532 maxime
1949 1502 2010 1532 hoc
2034 1502 2132 1532 modo
2165 1511 2272 1532 causas
2301 1501 2442 1532 conside-

1449 1554 1535 1577 rant:
1561 1547 1638 1587 quid
1662 1553 1734 1586 post
1757 1546 1877 1586 aliquid
1894 1545 1963 1583 fiat;
1985 1552 2015 1576 et
2030 1546 2108 1586 quid
2122 1546 2262 1585 primum
2285 1545 2371 1584 fecit;
2389 1552 2443 1576 aut

1449 1591 1527 1631 quid
1550 1590 1712 1628 sustinuit;
1737 1596 1767 1620 et
1789 1590 1831 1620 sic
1847 1599 1970 1629 semper
1993 1589 2070 1630 quid
2094 1590 2360 1630 consequenter.*
2374 1590 2442 1620 Du-

1450 1635 1542 1674 plicia
1565 1641 1672 1664 autem
1695 1640 1768 1663 sunt
1791 1634 1943 1673 principia
1966 1633 2135 1671 moventia,
2155 1643 2294 1673 quorum
2309 1633 2442 1664 alterum

1450 1689 1516 1708 non
1539 1678 1707 1718 physicum
1731 1684 1794 1707 est:
1819 1688 1884 1708 non
1905 1677 1989 1707 enim
2013 1677 2105 1707 habet
2124 1684 2230 1707 motus
2250 1677 2442 1717 principium

1449 1722 1482 1752 in
1507 1722 1619 1762 seipso.
1641 1721 1836 1751 Huiusmodi
1853 1728 1959 1751 autem
1974 1721 1998 1751 si
2015 1721 2133 1761 aliquid
2150 1728 2257 1751 movet
2272 1722 2359 1762 quod
2376 1731 2441 1751 non

1450 1772 1616 1804 movetur;
1641 1765 1720 1795 sicut
1744 1772 1789 1795 est
1812 1766 1900 1805 quod
1937 1771 1967 1795 et
1994 1765 2118 1805 penitus
2149 1765 2311 1795 immobile
2336 1771 2381 1795 est
2413 1771 2443 1795 et

1450 1810 1597 1839 omnium
1619 1809 1768 1849 primum.

1383 1852 1398 1867 *
1415 1854 1455 1884 Et
1478 1854 1566 1894 quod
1594 1853 1670 1893 quid
1699 1859 1744 1883 est
1768 1859 1798 1883 et
1820 1852 1939 1882 forma:
1969 1852 2040 1882 finis
2064 1853 2148 1883 enim
2173 1859 2202 1883 et
2225 1854 2314 1883 cuius
2339 1862 2440 1883 causa.
2470 1859 2479 1868 ⁸
2516 1865 2542 1879 m

1450 1898 1555 1935 Quare
1579 1897 1733 1938 quoniam
1756 1903 1867 1927 natura
1889 1904 2018 1937 propter
2041 1897 2160 1937 aliquid
2175 1904 2230 1935 est,
2248 1905 2278 1928 et
2292 1898 2373 1927 hanc
2389 1907 2441 1927 co-

1449 1951 1598 1981 gnoscere
1622 1948 1756 1981 oportet.

1383 1986 1423 2016 Et
1445 1986 1570 2026 penitus
1594 1992 1722 2025 propter
1745 1983 1822 2025 quid
1850 1985 2060 2015 reddendum:
2086 1991 2121 2015 ut
2145 1985 2219 2026 quia
2246 1995 2282 2015 ex
2305 1985 2366 2014 hoc
2390 1995 2442 2015 ne-

1449 2039 1532 2060 cesse
1555 2036 1601 2059 est
1623 2029 1685 2059 hoc
1709 2039 1784 2059 esse.
1817 2029 1889 2059 Hoc
1912 2036 2018 2059 autem
2042 2039 2078 2059 ex
2101 2029 2162 2059 hoc
2185 2036 2239 2060 aut
2262 2028 2443 2068 simpliciter

1449 2080 1508 2111 est,
1533 2080 1587 2104 aut
1609 2073 1690 2103 sicut
1712 2073 1898 2113 frequenter.

1383 2117 1424 2147 Et
1446 2117 1472 2147 si
1495 2117 1556 2147 hoc
1579 2116 1645 2147 fieri
1670 2117 1780 2154 debet,
1810 2117 1890 2147 sicut
1913 2127 1949 2147 ex
1972 2116 2242 2156 propositionibus
2268 2117 2439 2147 conclusio.

1448 2161 1489 2191 Et
1511 2161 1666 2201 quoniam
1689 2161 1751 2191 hoc
1774 2167 1838 2191 erat
1861 2161 1949 2201 quod
1972 2161 2051 2201 quid
2075 2168 2138 2191 erat
2161 2171 2236 2192 esse.

1381 2204 1422 2234 Et
1445 2204 1519 2244 quia
1543 2204 1667 2244 dignius
1684 2205 1727 2234 sic
1743 2211 1804 2242 est;
1824 2215 1890 2234 non
1909 2205 2100 2245 simpliciter,
2118 2205 2172 2235 sed
2188 2205 2227 2235 ad
2242 2205 2441 2235 uniuscuius-

1448 2258 1510 2288 que
1534 2248 1749 2278 substantiam.

1378 2344 1454 2380 quod
1474 2343 1616 2376 sustinuit,
1638 2344 1694 2371 hoc
1715 2349 1757 2371 est
1777 2343 1937 2371 subiectum
1959 2350 1986 2371 et
2001 2344 2158 2372 materiam.
2175 2361 2194 2365 -
2209 2345 2235 2372 6.
2253 2344 2442 2372 Considerate

1379 2382 1465 2410 etiam
1487 2384 1571 2410 debet
1592 2389 1619 2410 et
1640 2383 1676 2410 de
1697 2382 1767 2418 fine,
1790 2382 1858 2419 quia
1878 2383 1972 2411 forma
1989 2389 2017 2411 et
2037 2383 2101 2411 finis
2122 2384 2314 2420 generationis
2336 2383 2442 2412 coinci-

1380 2423 1452 2450 dunt
1466 2422 1495 2450 in
1517 2422 1602 2456 idem,
1625 2429 1653 2450 et
1671 2429 1772 2450 natura
1789 2428 1906 2458 propter
1927 2422 2015 2450 finem
2036 2430 2180 2459 operatur.
2197 2440 2215 2444 —
2231 2433 2258 2459 7.
2275 2423 2443 2451 Ostenditur

1380 2462 1531 2498 quomodo
1553 2462 1689 2490 naturalis
1715 2471 1767 2498 per
1787 2471 1889 2489 omnes
1910 2471 2010 2490 causas
2031 2463 2216 2490 demonstret.
2233 2480 2252 2484 -
2266 2464 2320 2490 Per
2341 2472 2442 2491 causas

1379 2501 1490 2537 priores
1518 2501 1547 2528 in
1577 2501 1778 2538 generatione,
1802 2510 1906 2537 nempe
1936 2510 1988 2538 per
2019 2501 2167 2529 materiam
2197 2508 2224 2529 et
2254 2508 2441 2537 moventem,

1381 2541 1498 2577 quando
1521 2550 1553 2568 ex
1575 2540 1608 2568 iis
1629 2541 1757 2577 sequitur
1778 2541 1885 2577 aliquid
1907 2550 1940 2568 ex
1961 2541 2138 2576 necessitate,
2161 2541 2297 2569 naturalis
2319 2542 2442 2569 demon-

1380 2586 1449 2608 strat
1470 2588 1488 2607 a
1504 2580 1603 2618 priori
1610 2591 1619 2614 ;
1641 2590 1683 2608 ex.
1705 2590 1746 2617 gr.
1771 2580 1800 2608 Si
1822 2581 1877 2608 hoc
1898 2581 2066 2616 praecessit,
2089 2580 2146 2608 sive
2177 2581 2245 2608 illud
2268 2581 2303 2608 sit
2323 2580 2443 2609 materia

1380 2619 1438 2648 sive
1453 2629 1582 2655 movens,
1598 2629 1714 2648 necesse
1728 2626 1770 2647 est
1784 2620 1892 2657 aliquid
1907 2620 1984 2647 aliud
1999 2629 2060 2648 esse
2076 2627 2292 2657 consequenter.
2309 2637 2327 2641 -
2342 2621 2369 2648 8.
2387 2621 2443 2648 Sed

1382 2660 1499 2696 quando
1522 2669 1554 2687 ex
1576 2659 1668 2687 causis
1696 2659 1932 2695 praecedentibus
1960 2659 1990 2687 in
2011 2660 2195 2696 generatione
2228 2669 2288 2688 non
2315 2659 2443 2696 sequitur

1381 2699 1489 2735 aliquid
1515 2708 1549 2726 ex
1569 2699 1754 2734 necessitate,
1771 2707 1821 2727 seu
1842 2699 2026 2736 simpliciter,
2047 2700 2097 2727 sed
2118 2700 2304 2727 solummodo
2327 2705 2356 2726 ut
2374 2701 2442 2737 sre-

1381 2744 1510 2776 quenter‚
1525 2745 1594 2766 tunc
1614 2739 1751 2767 naturalis
1773 2740 1951 2766 demonstrat
1972 2748 2006 2766 ex
2027 2748 2062 2767 eo
2093 2740 2173 2775 quod
2195 2746 2237 2767 est
2257 2739 2398 2776 posterius
2413 2739 2443 2766 in

1381 2778 1576 2816 generatione,
1597 2787 1702 2814 nempe
1721 2788 1754 2806 ex
1775 2778 1877 2813 forma,
1900 2785 1927 2806 et
1948 2787 1965 2806 a
1982 2779 2142 2816 posteriori
2147 2789 2158 2813 ;
2172 2788 2196 2806 e.
2218 2789 2243 2815 g.
2267 2778 2296 2806 Si
2318 2779 2374 2806 hoc
2394 2779 2443 2806 de-

1381 2819 1447 2845 beat
1461 2818 1531 2853 fieri,
1547 2818 1600 2846 ista
1615 2824 1642 2845 et
1657 2817 1709 2846 ista
1730 2818 1923 2854 requiruntur.
1937 2835 1954 2839 -
1964 2828 1991 2854 9.
2008 2819 2062 2846 Per
2083 2827 2198 2846 causam
2223 2818 2338 2851 finalem
2360 2824 2444 2846 natu-

1382 2857 1448 2886 ralis
1462 2858 1641 2885 demonstrat
1654 2858 1807 2893 probando
1828 2857 1937 2894 aliquid
1951 2866 2013 2885 esse
2035 2858 2102 2894 quia
2124 2858 2224 2885 melius
2241 2864 2283 2886 est
2305 2858 2344 2886 sic
2365 2867 2442 2893 esse,

1382 2903 1410 2925 et
1430 2903 1533 2925 natura
1553 2897 1619 2925 facit
1640 2898 1719 2933 quod
1741 2897 1842 2925 melius
1864 2903 1914 2932 esty
1936 2907 1997 2925 non
2018 2897 2190 2934 simpliciter,
2213 2898 2263 2926 sed
2285 2898 2443 2926 secundum

1382 2937 1462 2973 quod
1483 2937 1620 2973 competit
1641 2943 1760 2965 naturae
1781 2936 2014 2974 uniuscuiusque.

1381 3036 1543 3077 quatuor
1571 3041 1788 3076 causarum,
1820 3029 1956 3066 scilicet
1983 3029 2164 3077 formam,
2200 3036 2437 3075 moventem,

1381 3082 1499 3118 finem
1534 3089 1570 3118 et
1597 3081 1804 3118 materiam.

1435 3134 1582 3171 Deinde
1613 3147 1700 3170 cum
1730 3134 1836 3171 dicit:
1867 3135 1941 3171 Sed
1957 3140 2030 3170 tres
2049 3134 2084 3170 in
2107 3145 2219 3170 unam
2246 3140 2326 3180 etc„
2358 3144 2440 3168 exe-

1382 3187 1508 3235 quitur
1534 3187 1784 3236 propositum.
1806 3187 1854 3222 Et
1874 3187 1970 3222 circa
1989 3187 2063 3222 hoc
2083 3186 2159 3222 duo
2180 3184 2285 3221 facit:
2315 3184 2440 3233 primo

1381 3239 1585 3288 praemittit
1613 3239 1802 3287 quaedam
1831 3251 1929 3286 quae
1949 3246 2035 3274 sunt
2054 3237 2264 3276 necessaria
2286 3237 2333 3274 ad
2353 3249 2440 3287 pro-

1382 3292 1549 3340 positum
1578 3291 1876 3334 ostendendum;
1911 3290 2077 3326 secundo
2106 3290 2243 3338 probat
2269 3290 2441 3339 proposi-

1383 3351 1481 3392 tum,
1502 3344 1569 3380 ibi:
1596 3345 1721 3386 Quare
1737 3349 1893 3391 propter
1912 3343 2002 3390 quid
2014 3344 2033 3362 ὓ
2054 3350 2122 3379 etc.
2146 3342 2255 3379 Circa
2274 3343 2440 3391 primum

1383 3396 1459 3433 duo
1487 3396 1690 3444 praemittit
1709 3396 1757 3432 ad
1777 3396 2071 3443 subsequentem
2094 3395 2360 3443 probationem
2375 3409 2441 3433 ne-

1384 3449 1563 3485 cessaria:
1594 3460 1757 3497 quorum
1776 3447 1944 3496 primum
1966 3455 2019 3484 est
2039 3448 2086 3485 de
2105 3448 2324 3485 habitudine
2355 3462 2440 3485 cau-

1383 3513 1511 3537 sarum
1540 3500 1588 3538 ad
1616 3501 1797 3546 invicem;
1827 3500 2038 3537 secundum
2068 3508 2123 3538 est
2152 3501 2199 3538 de
2228 3501 2440 3538 considera-

2467 765 2478 775 *
2494 764 2547 792 Seq.
2562 771 2612 792 cap.
2628 771 2669 786 vn.

2468 790 2534 812 Text.
2550 797 2586 818 70.

2467 1114 2477 1124 ⁴
2492 1113 2558 1135 Text.
2580 1120 2610 1140 7¹-

2470 1418 2480 1427 ⁸
2495 1417 2561 1438 Text.
2577 1423 2610 1444 72.

2470 1592 2480 1603 ⁸¹
2495 1591 2560 1612 Text.
2576 1597 2609 1618 73.

2469 3358 2479 3367 ⁸
2494 3357 2563 3379 Num.
2578 3364 2601 3384 4.
