2950 4004
240 1068 273 1090 'in
280 1068 392 1115 isgfinitum
398 1067 450 1088 add.

241 1095 284 1116 cod
303 1110 316 1121 .‚
328 1100 376 1115 exc.
388 1100 410 1115 0.

240 1123 251 1132 ⁴
266 1121 327 1142 dicta
344 1125 450 1141 nucum*

241 1153 295 1172 an.

237 1322 247 1332 ⁸
262 1320 333 1342 Num.
348 1327 396 1348 seq.

238 1348 258 1357 '¹'
265 1347 341 1374 primo
349 1347 447 1368 omaeab.

231 1845 243 1855 ⁴
254 1844 372 1871 ponebant
385 1850 421 1866 sc.

486 298 558 343 134

480 383 572 424 puta
595 375 706 412 unius
726 374 842 422 digiti:
864 373 895 410 si
913 373 1050 410 lineam
1071 378 1222 408 centum
1247 370 1460 407 cubitorum
1480 369 1534 406 di-

480 427 611 465 vidam
630 427 668 464 in
682 427 881 472 infinitum,
903 424 1120 473 accipiendo
1141 434 1293 471 semper
1321 421 1532 468 dimidium,

479 480 652 517 venietur
670 479 718 516 ad
738 477 878 527 aliquid
905 477 1029 514 minus
1057 487 1134 512 uno
1162 475 1290 521 digito.
1312 474 1389 510 Sed
1416 485 1534 522 appo-

480 533 606 569 nendo
626 531 664 567 in
683 531 882 576 infinitum,
903 542 924 565 e
944 527 1128 565 contrario
1149 525 1335 572 divisioni,
1357 525 1425 562 erit
1445 525 1534 562 dare

480 584 645 632 aliquam
664 582 907 631 quantitatem
935 580 1082 617 finitam
1110 591 1207 627 quae
1236 589 1431 626 nunquam
1451 590 1534 626 per-

479 635 703 672 transibitur.
724 636 870 671 Dentur
898 633 998 670 enirn
1018 633 1115 669 duae
1136 630 1422 678 magnitudines,
1444 642 1534 678 qua-

479 700 564 724 rum
583 694 740 735 utraque
760 686 805 723 sit
823 687 956 723 decem
984 683 1215 730 cubitorum,
1245 690 1281 720 et
1303 682 1409 719 tertia
1437 695 1534 731 quae

479 740 524 777 sit
557 739 698 787 viginti.
728 738 768 775 Si
796 738 904 786 igitur
930 737 967 774 id
996 735 1101 785 quod
1129 735 1309 772 subtraho
1344 735 1383 771 in
1410 735 1534 772 infini-

479 795 579 838 tum,
609 790 830 840 accipiendo
859 801 1010 837 semper
1037 787 1237 824 dimidium
1265 787 1313 824 ab
1347 799 1425 824 una
1453 799 1534 824 ma-

478 844 669 892 gnitudine
697 843 831 880 decem
861 841 1084 888 cubitorum,
1113 840 1273 877 addatur
1304 839 1407 876 alteri
1435 852 1534 887 quae

480 897 592 934 etiam
612 903 667 933 est
686 896 819 933 decern
835 894 1060 939 cubitorum,
1077 904 1275 940 nunquam
1293 891 1535 941 pervenietur

479 950 516 986 in
540 949 729 986 infinitum
758 946 987 996 apponendo
1008 945 1054 982 ad
1075 956 1295 981 mensuram
1320 944 1533 993 quantitatis

479 1014 576 1051 quae
606 1009 660 1038 est
686 1000 815 1047 viginti
844 998 1072 1035 cubitorum:
1098 997 1187 1045 quia
1205 1004 1391 1045 quantum
1411 1009 1534 1034 rema-

478 1054 582 1091 nebit
600 1054 638 1090 in
658 1051 914 1100 magnitudine
931 1050 990 1086 cui
1011 1049 1239 1086 subtrahitur
1254 1051 1286 1097 ²3,
1303 1057 1447 1087 tantum
1469 1049 1533 1087 de-

478 1106 578 1143 ficiet
596 1118 617 1142 a
637 1106 721 1142 data
741 1105 761 1125 ’¹‘
783 1115 962 1140 mensura
989 1102 1028 1139 in
1055 1102 1260 1150 quantitate
1280 1102 1340 1139 cui
1359 1102 1530 1140 addetur.

536 1170 548 1194 1
562 1170 591 1194 1.
603 1157 750 1194 Deinde
766 1168 853 1193 cum
870 1155 972 1192 dicit:
992 1155 1119 1196 Quare
1133 1155 1315 1192 excellere
1328 1167 1439 1192 omne
1449 1162 1531 1203 etc.,

476 1210 616 1247 inducit
645 1209 925 1246 conclusionem
955 1219 1000 1244 ex
1022 1207 1140 1244 dictis.
1170 1208 1219 1244 Et
1235 1207 1362 1256 primo
1390 1207 1533 1245 inducit

476 1275 578 1309 eam;
612 1262 777 1299 secundo
815 1260 1027 1297 manifestat
1062 1271 1131 1308 per
1169 1260 1310 1297 dictum
1347 1260 1530 1307 Platonis,

476 1315 547 1351 ibi:
577 1315 761 1357 Quoniam
787 1319 823 1350 et
838 1313 947 1350 Plato
969 1314 988 1334 ·’·””
1018 1320 1087 1350 etc.
1118 1312 1219 1349 Dicit
1237 1325 1326 1361 ergo
1345 1312 1469 1361 primo
1489 1309 1530 1335 Ἀ

476 1367 578 1416 quod
614 1379 658 1403 ex
693 1379 768 1415 quo
806 1365 991 1414 appositio
1029 1365 1068 1402 in
1105 1364 1294 1402 infinitum
1331 1377 1409 1402 non
1445 1365 1532 1402 facit

474 1420 736 1457 transcendere
769 1430 925 1456 omnem
955 1418 1243 1455 determinatam
1272 1417 1529 1467 quantitatem,

474 1485 552 1510 non
581 1480 635 1509 est
670 1472 847 1521 possibile
869 1483 987 1518 ¹esse,
1026 1482 1098 1507 nec
1133 1470 1245 1507 etiam
1280 1470 1318 1507 in
1350 1470 1529 1519 potentia,

474 1525 577 1574 quod
607 1525 803 1562 excellatur
831 1523 955 1560 omnis
983 1523 1230 1560 determinata
1250 1523 1435 1571 quantitas
1462 1535 1532 1572 per

474 1577 760 1626 appositionem.
801 1576 899 1623 Quia
934 1575 963 1612 si
992 1582 1089 1612 esset
1125 1576 1164 1612 in
1197 1583 1331 1612 natura
1362 1577 1531 1624 potentia

472 1631 520 1667 ad
540 1630 816 1679 appositionem
845 1629 1175 1665 transcendentem
1197 1640 1354 1665 omnem
1383 1629 1530 1676 quanti-

471 1690 597 1730 tatem,
618 1689 838 1731 sequeretur
865 1681 970 1729 quod
999 1689 1096 1718 esset
1124 1688 1209 1718 actu
1237 1681 1448 1727 infinitum3
1477 1681 1530 1718 sic

472 1735 574 1784 quod
602 1735 789 1772 infinitum
811 1741 908 1771 esset
927 1734 1100 1772 accidens
1119 1733 1228 1770 alicui
1247 1741 1414 1781 naturae,
1436 1734 1531 1771 sicut

471 1788 656 1825 naturales
692 1787 908 1836 philosophi
947 1784 1049 1824 extra
1083 1799 1220 1836 corpus
1256 1786 1368 1823 huius
1396 1786 1529 1824 mundi

471 1840 574 1888 quod
601 1840 794 1887 videmus,
823 1847 971 1889 ponunt
989 1841 1008 1861 *
1030 1840 1141 1888 911οά
1170 1846 1224 1876 est
1252 1838 1446 1889 quoddam
1475 1839 1528 1876 in-

470 1893 631 1941 finitum,
653 1893 757 1930 cuius
785 1892 992 1930 substantia
1021 1899 1076 1929 est
1095 1905 1159 1929 aer
1176 1892 1239 1930 vel
1267 1892 1407 1940 aliquid
1427 1892 1528 1929 aliud

1099 292 1443 331 PHYSICORUM
1469 290 1816 327 ARISTOTELIS
1846 291 1940 327 LIB.
1971 291 2020 327 ΙΙΙ

1587 367 1817 405 huiusmodi.
1848 368 1888 405 Si
1916 379 2004 415 ergo
2039 379 2118 404 non
2151 374 2206 405 est
2240 369 2419 418 possibile
2449 381 2530 407 esse
2551 382 2646 407 *cor-

1586 433 1659 468 pus
1687 420 1860 457 sensibile
1888 427 1975 457 actu
2009 419 2217 468 infinitum,
2245 428 2288 458 ut
2315 429 2510 459 ostensum
2539 430 2594 460 est
2613 423 2644 470 ²⁶,

1588 472 1755 520 sequitur
1784 472 1886 521 quod
1915 484 1994 509 non
2021 471 2067 509 sit
2091 473 2260 521 potentia
2279 472 2317 510 in
2345 481 2476 511 natura
2504 475 2552 512 ad
2580 487 2646 524 ap-

1586 524 1816 572 positionem
1859 525 2187 562 transcendentem
2226 537 2383 562 omnem
2419 527 2646 574 magnitudi-

1589 589 1696 623 nem;
1725 577 1794 614 sed
1821 578 1945 614 solum
1973 577 2021 614 ad
2050 577 2328 626 appositionem
2365 577 2551 616 infinitam
2577 591 2647 630 per

1589 629 1818 666 contrarium
1838 629 2024 678 divisioni,
2039 637 2081 667 ut
2096 630 2236 667 dictum
2257 638 2312 667 est
2321 631 2351 667 *.
2369 630 2498 677 Quare
2517 638 2645 669 autem

1589 681 1619 718 si
1641 689 1737 719 esset
1750 682 1917 731 potentia
1936 682 1985 719 ad
1999 682 2186 719 infinitam
2205 682 2440 720 additionem
2456 690 2646 721 transcen-

1589 734 1743 771 dentem
1763 747 1921 772 omnem
1939 735 2251 783 magnitudinem,
2269 743 2448 785 sequatur
2468 747 2549 773 esse
2565 748 2646 774 cor—

1587 798 1660 835 pus
1688 787 1877 824 infinitum
1901 787 1940 824 in
1966 795 2065 835 actu,
2085 800 2164 825 non
2183 795 2310 825 autem
2339 788 2388 825 ad
2412 788 2646 826 additionem

1588 839 1774 876 infinitam
1793 840 1832 877 in
1850 840 2031 888 numeris,
2047 841 2376 878 transcendentem
2396 853 2554 878 omnem
2573 853 2642 879 nu—

1588 903 1752 940 merum,
1763 899 1942 942 sequatur
1961 903 2042 930 esse
2062 905 2266 930 numerum
2286 893 2476 931 infinitum
2494 893 2534 931 in
2548 901 2645 943 actu,

1587 944 1683 981 infra
1703 945 1723 966 '⁸
1743 945 1972 982 ostendetur.

1647 1009 1704 1034 12.
1725 997 1874 1035 Deinde
1903 1009 1992 1034 cum
2021 997 2124 1035 dicit:
2159 998 2345 1040 Quoniam
2365 1005 2403 1035 et
2425 998 2532 1036 Plato
2553 1010 2645 1047 pro·

1581 1055 1667 1098 pter
1684 1051 1755 1086 hoc
1783 1057 1864 1098 etc.,
1885 1049 2098 1087 manifestat
2117 1050 2220 1099 quod
2249 1050 2390 1088 dixerat
2407 1063 2476 1100 per
2503 1051 2645 1088 dietum

1587 1102 1764 1140 Platonis.
1794 1103 1844 1140 Et
1871 1102 1958 1140 dicit
1985 1102 2091 1152 quod
2119 1103 2208 1151 quia
2245 1102 2433 1140 infinitum
2461 1103 2500 1140 in
2527 1115 2646 1152 appo-

1587 1154 1720 1191 sitione
1758 1155 2060 1203 magnitudinum
2099 1162 2154 1192 est
2189 1166 2257 1203 per
2294 1155 2513 1204 oppositum
2550 1156 2644 1194 divi-

1587 1207 1683 1244 sioni
1693 1208 1723 1254 ³¹²,
1740 1215 1894 1256 propter
1912 1208 1986 1244 hoc
2001 1208 2108 1244 Plato
2129 1207 2206 1244 duo
2227 1207 2313 1244 fecit
2334 1207 2489 1256 infinita,
2506 1208 2647 1246 scilicet

1586 1272 1790 1308 magnum,
1821 1260 1924 1308 quod
1951 1259 2113 1308 pertinet
2139 1259 2188 1296 ad
2215 1259 2469 1308 additionem,
2499 1268 2536 1298 et
2561 1272 2646 1310 par-

1585 1325 1691 1359 vum,
1709 1312 1813 1361 quod
1826 1312 1986 1361 pertinet
2004 1311 2053 1349 ad
2072 1311 2316 1360 divisionem3
2337 1312 2425 1362 quia
2439 1313 2579 1351 scilicet
2591 1313 2646 1351 in-

1585 1365 1734 1402 finitum
1749 1365 1899 1402 videtur
1919 1365 2098 1402 excellere
2114 1372 2151 1402 et
2163 1377 2233 1414 per
2251 1365 2482 1403 additionem
2501 1366 2541 1403 in
2555 1378 2645 1415 aug·

1586 1425 1770 1465 mentum,
1792 1425 1828 1454 et
1855 1429 1924 1467 per
1943 1417 2170 1455 divisionem
2194 1418 2233 1455 in
2261 1418 2558 1467 decrementum,
2578 1419 2641 1458 vel

1585 1470 1776 1508 tendendo
1796 1470 1836 1507 in
1850 1470 1952 1508 nihil.
1974 1470 2052 1508 Sed
2067 1482 2154 1508 cum
2174 1470 2255 1520 ipse
2270 1471 2376 1508 Plato
2398 1473 2418 1493 *
2437 1471 2547 1508 faciat
2566 1471 2644 1509 duo

1585 1523 1749 1570 infinita,
1779 1535 1858 1560 non
1889 1530 2018 1560 tamen
2044 1523 2160 1560 utitur
2179 1523 2247 1560 eis:
2277 1524 2366 1574 quia
2394 1535 2482 1561 cum
2510 1535 2644 1562 nume—

1585 1587 1671 1613 rum
1689 1583 1849 1625 poneret
1866 1575 2114 1613 substantiam
2135 1588 2216 1613 esse
2237 1576 2412 1614 omnium
2433 1589 2576 1625 rerum,
2605 1577 2645 1615 in

1584 1628 1753 1665 numeris
1780 1641 1859 1666 non
1886 1628 2077 1666 invenitur
2094 1628 2283 1666 infinitum
2306 1642 2376 1678 per
2403 1629 2642 1678 divisionem,

1584 1681 1673 1730 quia
1700 1681 1739 1718 in
1767 1681 1820 1718 eis
1849 1688 1904 1718 est
1931 1681 2134 1718 minimum
2161 1682 2180 1703 ³⁸⁸
2202 1682 2342 1728 unitas3
2371 1694 2496 1731 neque
2530 1682 2644 1720 etiam

1583 1746 1652 1783 per
1688 1733 1920 1771 additionem
1953 1735 2164 1772 secundum
2202 1734 2348 1784 ipsum,
2378 1735 2467 1783 quia
2498 1735 2646 1773 dicebat

1583 1786 1688 1836 quod
1708 1786 1852 1835 species
1866 1798 2115 1824 numerorum
2130 1799 2208 1824 non
2226 1787 2420 1825 variantur
2437 1788 2508 1825 nisi
2522 1799 2644 1837 usque

1584 1839 1633 1876 ad
1661 1839 1807 1886 decem,
1830 1847 1865 1876 et
1883 1847 2016 1888 postea
2035 1839 2175 1877 reditur
2194 1840 2242 1878 ad
2269 1840 2463 1889 unitatem,
2485 1852 2643 1890 compu-

1582 1892 1698 1929 tando
1725 1891 1905 1929 undecim
1935 1899 1971 1929 et
1999 1892 2202 1930 duodecim
2218 1900 2300 1930 tete.
2322 1893 2341 1914 *

2673 431 2683 443 “
2697 431 2760 454 Lect.
2774 437 2824 462 vm,
2838 438 2871 455 rx.

2671 641 2683 652 ¹·
2696 641 2767 664 Num.
2782 647 2857 670 praee.

2673 951 2684 962 ⁸
2698 950 2762 972 ιιι-ι.
2770 955 2851 979 nir-n.
2860 954 2884 981 r.
2921 980 2926 990 Ἰ

2672 1212 2885 1263 wrm?

2670 1485 2680 1496 ⁸
2686 1485 2754 1508 PIato
2761 1491 2809 1509 om.
2815 1485 2884 1511 codd.
2922 1499 2924 1502 -

2670 1515 2694 1534 et
2707 1518 2723 1534 a
2730 1512 2750 1534 11.

2670 1696 2682 1708 ⁵
2696 1696 2788 1719 scilicet
2796 1695 2883 1720 adda.
2919 1726 2922 1730 .

2668 1863 2680 1875 '¹
2694 1865 2737 1885 ete.
2752 1863 2847 1886 amab
2861 1866 2884 1887 ct
2918 1855 2928 1879 s

2669 1889 2738 1912 codd.
2757 1895 2807 1912 m.
2824 1895 2883 1913 m

2669 1921 2710 1938 un.
