2898 3996
322 348 423 384 tione
458 347 659 395 aliquando
696 350 835 386 fiebat:
875 357 910 386 et
946 350 1038 387 sicut
1074 351 1227 398 quando
1264 351 1379 387 fiebat

322 400 511 447 generatio
540 400 654 448 ignis,
684 403 855 439 nondum
885 411 962 439 erat
992 403 1106 450 ignis,
1135 403 1185 438 ita
1212 403 1378 450 sequitur

323 452 427 500 quod
446 453 629 500 quamdiu
653 454 768 490 fiebat
795 455 984 502 generatio
1004 454 1252 502 generationis
1270 454 1375 501 ignis,

321 505 494 542 nondum
515 513 612 542 esset
629 506 819 553 generatio
839 507 944 554 ignis.
965 507 1023 542 Ex
1041 518 1118 555 quo
1137 506 1376 542 manifestum

322 564 378 593 est
412 558 514 605 quod
548 559 738 605 generatio
771 559 865 606 ignis
903 570 983 594 esse
1021 570 1099 594 non
1135 565 1277 605 potest,
1307 559 1377 595 nisi

323 611 512 658 completa
540 623 608 646 sua
634 611 899 658 generatione:
929 617 965 646 et
983 609 1118 646 eadem
1143 609 1285 646 ratione
1305 623 1375 647 nec

321 662 393 708 illa,
423 662 495 699 nisi
523 663 632 699 fuerit
658 662 906 711 praecedens;
937 668 973 697 et
999 661 1052 697 sic
1078 673 1198 709 usque
1227 662 1274 699 ad
1302 663 1374 710 pri-

321 726 438 751 mam.
461 714 500 751 Si
527 715 636 762 igitur
659 727 737 751 non
765 713 874 750 fuerit
891 712 1015 760 prima
1033 714 1235 760 generatio,
1256 727 1333 751 non
1355 717 1375 737 ’¹‘

322 767 388 802 erit
414 767 557 813 ultima,
577 778 676 814 quae
701 773 755 802 est
781 765 970 812 generatio
1000 765 1104 812 ignis.
1135 766 1212 802 Sed
1240 767 1269 802 si
1288 780 1373 815 pro-

321 818 474 855 cedatur
499 818 538 854 in
564 817 868 864 generationibus
896 816 934 852 in
962 817 1173 865 infinitum,
1212 831 1290 855 non
1319 828 1374 856 est

83 724 94 733 '¹
107 727 150 744 nec
164 728 200 744 m.

320 870 489 918 accipere
515 869 680 917 primam
709 869 957 905 mutationem
985 871 1045 906 vel
1073 871 1370 919 generationem,

319 921 408 969 quia
434 921 473 957 in
499 921 653 958 infinitis
680 933 758 958 non
787 928 842 958 est
868 921 1046 970 primum.
1077 923 1187 959 Unde
1207 924 1373 971 sequitur

318 972 574 1021 quodneque
607 973 654 1010 sit
679 975 866 1018 habitum,
902 973 998 1010 idest
1031 983 1305 1023 consequenter
1332 989 1371 1012 se

317 1025 474 1072 habens,
494 1025 534 1062 in
557 1026 858 1073 generationibus
879 1033 914 1062 et
941 1026 1221 1064 mutationibus
1244 1028 1283 1063 Si
1307 1040 1371 1064 au-

316 1084 394 1113 tem
420 1090 498 1114 non
517 1078 562 1114 sit
581 1078 704 1127 aliqua
731 1077 922 1138 generatio
943 1091 1013 1115 nec
1032 1079 1200 1125 mutatio,
1222 1079 1310 1116 nihil
1331 1081 1372 1116 fit

317 1141 440 1178 neque
468 1138 654 1167 movetur.
686 1131 726 1168 Si
753 1131 862 1179 igitur
889 1131 1136 1180 generationis
1155 1131 1202 1167 sit
1219 1144 1371 1179 genera-

55 1178 57 1191 ³
82 1190 143 1212 ‘dt
159 1197 206 1213 om
220 1190 289 1212 codd·
316 1182 380 1229 tio,
402 1189 438 1219 et
457 1183 672 1220 mutationis
692 1183 737 1220 sit
753 1185 772 1205 ²³⁸
787 1184 956 1231 mutatio,
977 1182 1066 1220 nihil
1085 1184 1127 1220 fit
1145 1196 1270 1232 neque
1289 1197 1371 1221 mo-

61 1218 64 1246 3
79 1222 131 1240 ‘¹⁰
139 1222 236 1245 nuper.
315 1242 437 1272 vetur.
458 1257 482 1263 -
502 1237 569 1272 Est
592 1244 720 1272 autem
739 1236 1020 1282 attendendum,
1043 1236 1146 1294 quod
1163 1237 1258 1273 haec
1276 1238 1370 1274 ratio

316 1299 396 1324 non
420 1288 580 1325 excludit
594 1289 684 1337 quin
699 1289 856 1325 mutatio
870 1289 989 1338 possit
1003 1288 1108 1337 sequi
1123 1289 1369 1326 mutationem

315 1352 385 1388 per
411 1340 586 1377 accidens
617 1341 656 1377 in
688 1341 897 1378 infinitum:
932 1341 1035 1389 quod
1067 1348 1215 1389 oportet
1246 1342 1370 1378 dicere

316 1393 527 1430 secundum
551 1393 771 1442 opinionem
791 1393 1013 1440 Aristotelis,
1043 1393 1108 1441 qui
1134 1393 1261 1441 posuit
1287 1407 1370 1431 mo-

315 1453 397 1481 tum
422 1453 629 1483 aeternum.
652 1446 729 1482 Sed
747 1446 905 1483 intendit
924 1446 1132 1491 ostendere,
1154 1446 1249 1483 sicut
1266 1447 1369 1495 prius

317 1497 459 1535 dictum
479 1506 534 1535 est
549 1500 580 1545 ³⁵,
601 1498 705 1547 quod
719 1499 876 1536 mutatio
896 1511 974 1535 non
992 1498 1038 1534 sit
1055 1498 1275 1535 mutationis
1302 1512 1370 1548 per

316 1563 358 1586 se
376 1549 414 1587 in
433 1551 633 1587 infinitum.
660 1550 723 1587 Sic
743 1551 844 1587 enim
862 1558 1054 1599 postrema
1075 1551 1306 1598 dependeret
1325 1565 1369 1588 ex

177 1605 193 1634 ζ
315 1602 468 1639 infinitis
486 1603 809 1651 praecedentibus,
832 1611 868 1640 et
885 1615 1082 1651 nunquam
1101 1603 1270 1639 finiretur
1289 1603 1313 1640 ζ.

374 1666 430 1702 14.
443 1655 611 1692 Tertiam
627 1655 810 1692 rationem
820 1656 927 1704 ponit
940 1655 1006 1691 ibi:
1022 1655 1192 1702 Amplius
1207 1656 1366 1692 eiusdem

40 1736 43 1738 .
68 1733 90 1743 „
314 1713 435 1744 motus
462 1715 544 1745 etc.:
574 1720 671 1756 quae
699 1708 779 1744 talis
808 1715 873 1744 est.
904 1707 1042 1745 Eidem
1075 1707 1195 1743 motui
1223 1715 1367 1744 contra-

40 1774 48 1803 ς’
75 1769 192 1792 ·--cf¹ect
201 1776 285 1798 vmsq
313 1759 429 1797 natur
457 1767 492 1796 et
519 1768 646 1797 motus
674 1768 710 1797 et
734 1760 839 1808 quies
858 1762 897 1807 ²¹⁶,
928 1760 1022 1796 sicut
1049 1760 1259 1796 ascensioni
1279 1773 1367 1796 con-

311 1813 485 1849 trariatur
513 1813 717 1849 descensus
746 1821 782 1849 et
809 1813 915 1860 quies
943 1812 982 1849 in
1009 1813 1093 1848 loco
1122 1812 1301 1858 inferiori3
1332 1820 1368 1849 et

312 1864 478 1902 similiter
496 1865 686 1912 generatio
707 1872 743 1901 et
762 1865 949 1913 corruptio
971 1864 1256 1901 contrariantur:
1279 1877 1366 1901 con—

310 1917 421 1954 traria
456 1925 582 1954 autem
617 1925 703 1954 nata
740 1925 826 1954 sunt
860 1917 943 1954 fieri
977 1917 1074 1953 circa
1110 1917 1225 1954 idem.
1263 1918 1365 1964 Ergo

311 1969 493 2018 quidquid
521 1977 728 2018 generatur,
755 1977 878 2019 potest
907 1969 1109 2018 corrumpi.
1141 1970 1218 2006 Sed
1245 1970 1275 2006 si
1303 1982 1364 2017 ge-

310 2022 512 2060 nerationis
540 2030 594 2059 est
621 2023 829 2071 generatio,
866 2030 1014 2071 oportet
1040 2022 1146 2069 quod
1172 2022 1363 2069 generatio

308 2082 522 2122 generetur:
552 2087 640 2122 ergo
661 2076 850 2122 generatio
871 2074 1134 2123 corrumpitur.
1165 2075 1241 2111 Sed
1260 2075 1363 2123 quod

310 2128 562 2175 corrumpitur
590 2135 738 2176 oportet
770 2140 873 2164 esse:
907 2127 1001 2163 sicut
1033 2126 1134 2163 enim
1166 2135 1364 2174 generatur

309 2179 414 2228 quod
441 2192 520 2216 non
547 2187 621 2226 est,
661 2180 710 2216 ita
747 2179 1002 2228 corrumpitur
1029 2178 1133 2227 quod
1162 2187 1226 2215 est.
1261 2180 1361 2226 Ergo

309 2239 458 2280 oportet
484 2232 588 2281 quod
607 2244 692 2269 cum
709 2234 787 2280 fiat
813 2233 912 2280 quod
927 2233 988 2279 fit,
1014 2231 1108 2268 idest
1136 2243 1222 2267 cum
1251 2243 1361 2278 gene-

307 2292 409 2321 ratur
421 2286 441 2306 *
456 2284 607 2332 aliquid,
628 2285 868 2332 generatione
889 2284 1077 2330 existente,
1093 2291 1182 2320 tunc
1200 2283 1281 2332 ipsa
1300 2296 1360 2331 ge-

274 2332 450 2374 neratio
486 2345 766 2385 corrumpatur:
805 2349 883 2374 non
920 2336 1075 2385 quidem
1112 2336 1235 2372 statim
1274 2348 1360 2372 cum

306 2390 497 2437 generatio
518 2390 677 2436 desierit,
695 2402 819 2437 neque
839 2390 974 2426 iterum
995 2388 1032 2424 in
1050 2388 1247 2436 posteriori
1267 2396 1360 2425 tem-

305 2454 411 2493 pore,
431 2443 499 2479 sed
518 2442 644 2488 simul;
666 2443 770 2491 quod
788 2442 938 2479 videtur
956 2441 1238 2478 inconveniens.
1254 2462 1277 2468 -
1295 2442 1361 2477 Est

307 2502 433 2531 autem
458 2495 776 2532 considerandum
804 2495 908 2543 quod
936 2493 1125 2542 generatio
1155 2501 1210 2530 est
1232 2501 1272 2529 ut
1290 2500 1360 2530 ter-

306 2547 431 2584 minus
451 2548 531 2584 eius
550 2547 655 2596 quod
674 2555 873 2594 generatur
891 2547 985 2583 sicut
1003 2546 1208 2582 substantia
1221 2547 1252 2593 ²²⁴,
1273 2546 1360 2594 quia

306 2600 496 2647 generatio
526 2608 581 2636 est
603 2600 863 2636 transmutatio
893 2600 941 2636 ad
969 2598 1234 2635 substantiam:
1256 2599 1360 2646 quod

67 2675 72 2688 1
307 2659 434 2688 autem
451 2660 506 2689 est
521 2652 770 2700 generationis
789 2652 1011 2697 subiectum,
1028 2663 1106 2687 non
1126 2658 1180 2687 est
1199 2651 1236 2688 id
1257 2651 1360 2699 quod

20 2710 26 2745 ζ
61 2710 165 2754 ,ρῶν
179 2713 231 2761 “¹2
240 2719 280 2735 eo·
306 2712 516 2752 generatur,
528 2705 595 2741 sed
614 2704 771 2741 materia
787 2704 877 2741 eius.
893 2704 1003 2741 Unde
1015 2704 1035 2724 ‘¹‘
1049 2703 1266 2739 Aristoteles
1282 2716 1359 2740 non

69 2762 72 2766 ’
124 2754 126 2756 ’
145 2745 186 2761 ⁰¹⁶
225 2746 264 2767 ¹²²
306 2756 446 2794 recedit
465 2769 487 2793 a
506 2769 574 2793 suo
594 2756 801 2805 proposito,
821 2769 898 2804 quo
922 2755 1140 2792 intendebat
1162 2755 1360 2792 ostendere

306 2809 411 2858 quod
439 2809 596 2846 mutatio
626 2821 704 2845 non
732 2816 787 2845 est
814 2807 1030 2845 mutationis
1060 2813 1100 2844 ut
1125 2808 1281 2844 termini.

365 2862 421 2898 15.
445 2862 628 2908 Quartam
650 2861 838 2898 rationem
850 2861 957 2909 ponit
975 2860 1042 2897 ibi:
1061 2860 1232 2907 Amplius
1251 2871 1359 2907 opor-

306 2919 356 2951 tet
376 2915 574 2951 materiam
604 2922 693 2950 etc.:
724 2925 821 2961 quae
848 2913 929 2950 talis
957 2920 1022 2949 est.
1054 2914 1096 2948 In
1115 2912 1221 2949 omni
1249 2924 1358 2959 gene-

56 1508 65 1527 j
77 1505 90 1517 ⁸
102 1504 173 1527 Num.
184 1511 261 1533 praec.

47 1537 54 1547 3

70 2289 223 2320 ‘generetur
240 2295 282 2311 co-

53 2339 56 2340 .
68 2314 134 2338 dices
147 2322 197 2338 exc.
210 2322 271 2338 noun

16 2555 17 2558 ’
66 2549 278 2578 s'noeutmbnantia

16 2588 18 2596 ¹
60 2586 119 2611 sm.
129 2581 197 2604 codd.
208 2585 229 2604 et
237 2582 278 2604 ab.

357 3078 383 3110 ζ)
397 3081 534 3110 postrema
553 3078 736 3111 dependeret...
755 3081 782 3102 et
801 3085 933 3110 nunquam
945 3077 1083 3110 finiretur.
1095 3090 1113 3098 —·
1127 3077 1176 3102 Pro
1192 3077 1357 3109 dependeret,

306 3113 452 3145 dependent
474 3113 575 3144 CLOS,
595 3113 772 3145 dependerent
796 3113 1019 3144 PBDFMNRpEH
1040 3118 1065 3137 et
1082 3112 1139 3140 ab;
1157 3120 1204 3144 pro
1219 3112 1356 3145 finiretur,

298 3149 412 3181 finietur
430 3148 470 3172 ed.
484 3155 515 3178 a,
527 3149 640 3181 finirent
659 3148 696 3178 Ο,
709 3148 856 3180 finirentur
874 3148 1037 3176 PBFLNRb,·
1061 3147 1170 3180 legimus
1189 3154 1249 3171 cum
1268 3147 1357 3171 ceteris

306 3183 444 3213 codicibus,
463 3183 523 3215 quia
541 3190 570 3208 ex
589 3183 798 3216 praecedentibus
817 3188 886 3215 patet
900 3182 970 3215 quod
984 3182 1015 3207 ad
1025 3185 1162 3214 postrema
1177 3182 1252 3206 debet
1270 3182 1357 3206 subin-

305 3218 385 3250 telligi
403 3217 524 3243 mutatio.

1168 274 1278 310 CAP.
1310 275 1357 321 11,
1388 274 1536 310 LECT.
1568 277 1615 311 111

2408 282 2482 328 239

1434 351 1575 387 ratione
1607 361 1754 400 oportet
1782 366 1862 391 esse
1895 355 2058 403 aliquam
2087 357 2300 404 materiam,
2335 370 2380 394 ex
2409 370 2483 406 qua

1432 403 1498 438 fiat
1517 403 1603 440 illud
1632 406 1735 452 quod
1763 414 1971 454 generatur,
2002 408 2095 444 sicut
2114 417 2150 445 et
2170 410 2188 430 ²³*
2208 409 2246 446 in
2266 410 2370 446 omni
2398 422 2481 447 mu-

1433 454 1570 491 tatione
1603 465 1751 504 oportet
1780 471 1858 494 esse
1887 459 2051 507 aliquam
2079 461 2274 498 materiam
2302 463 2363 499 vel
2392 463 2478 499 sub-

1431 506 1593 552 iectum3
1622 516 1663 544 ut
1690 509 1727 545 in
1756 511 1970 547 alteratione
2007 512 2218 550 subiectum
2257 521 2311 550 est
2343 527 2480 563 corpus

1431 566 1613 606 quantum
1651 561 1698 597 ad
1737 564 1948 610 corporales
1986 565 2240 623 alterationes,
2280 573 2315 602 et
2351 567 2479 604 anima

1431 618 1611 658 quantum
1644 613 1693 648 ad
1721 614 1909 652 animales.
1941 616 1979 651 Si
2007 616 2114 663 igitur
2145 618 2333 676 generatio
2367 631 2479 666 gene-

1430 669 1541 709 retur,
1571 671 1718 711 oportet
1745 667 1849 713 quod
1876 667 1921 703 sit
1948 668 2071 716 aliqua
2099 670 2254 706 materia
2282 670 2397 718 ipsius
2417 683 2478 730 ge-

1429 715 1650 764 nerationis,
1681 729 1776 765 quae
1805 718 1942 755 scilicet
1969 720 2200 778 inspeciem
2229 723 2476 781 generationis

1428 773 1608 814 transeat,
1647 769 1741 805 sicut
1777 771 1932 807 materia
1964 772 2057 818 ignis
2085 774 2248 819 generati
2285 775 2412 810 transit
2439 775 2477 811 in

1428 819 1592 866 speciem
1620 820 1733 867 ignis:
1768 830 1803 858 et
1830 824 1942 859 talem
1971 825 2167 860 materiam
2200 838 2277 861 non
2306 834 2360 862 est
2388 827 2476 863 assi-

1427 882 1592 917 gnare.-
1569 873 1719 909 P-onit
1738 874 1847 911 etiam
1869 876 1938 911 sub
1960 875 2093 912 eadem
2114 877 2255 913 ratione
2280 877 2379 914 aliud
2398 890 2477 915 me-

1427 922 1553 960 dium:
1591 925 1678 972 quia
1706 925 1843 962 scilicet
1874 927 1912 963 in
1944 928 2109 975 qualibet
2145 929 2382 987 generatione
2415 931 2476 967 vel

1427 975 1632 1012 mutatione
1671 985 1818 1024 oportet
1855 991 1935 1015 esse
1973 979 2136 1028 aliquem
2173 981 2396 1028 terminum,
2438 983 2476 1019 in

1427 1038 1540 1074 quem
1573 1028 1712 1076 aliquid
1740 1038 1924 1067 movetur.
1955 1033 2002 1068 Et
2029 1032 2246 1070 huiusmodi
2274 1034 2475 1070 terminum

1427 1086 1575 1126 oportet
1594 1091 1674 1116 esse
1693 1082 1766 1117 hoc
1781 1082 1919 1129 aliquid
1934 1083 2230 1121 demonstratum
2245 1086 2307 1122 vel
2323 1086 2341 1106 ²³
2358 1086 2475 1122 deter-

1426 1130 1628 1168 minatum:
1648 1133 1865 1170 huiusmodi
1885 1142 2010 1172 autem
2030 1148 2107 1172 non
2132 1145 2186 1173 est
2209 1149 2331 1185 neque
2351 1146 2475 1175 motus

1426 1194 1548 1231 neque
1584 1185 1785 1231 generatio.
1824 1187 1915 1222 Non
1953 1195 2006 1223 est
2044 1200 2129 1235 ergo
2162 1189 2338 1248 possibile
2371 1192 2474 1238 quod

1425 1236 1674 1282 generationis
1703 1245 1767 1274 aut
1793 1245 1919 1274 motus
1947 1239 1991 1274 sit
2018 1240 2141 1297 aliqua
2168 1241 2368 1287 generatio.

1484 1289 1541 1324 16.
1563 1289 1744 1335 Quintam
1773 1290 1956 1326 rationem
1975 1292 2081 1338 ponit
2109 1292 2179 1328 ibi:
2209 1293 2382 1329 Similiter
2408 1306 2474 1330 au-

1425 1345 1496 1376 tem
1518 1348 1602 1377 etc.:
1632 1354 1728 1388 quae
1757 1342 1838 1378 talis
1867 1350 1931 1379 est.
1962 1343 2066 1379 Sicut
2093 1356 2132 1379 se
2160 1345 2273 1381 habet
2291 1357 2406 1392 genus
2427 1346 2475 1382 ad

1424 1403 1553 1439 genus,
1570 1393 1622 1430 sic
1642 1394 1660 1414 ’¹‘
1682 1401 1717 1430 et
1731 1394 1874 1442 species
1895 1396 1943 1432 ad
1962 1395 2148 1443 speciem:
2178 1396 2207 1432 si
2227 1396 2335 1443 igitur
2354 1399 2394 1419 ²⁸*
2413 1410 2474 1444 ge-

1425 1445 1627 1482 nerationis
1653 1446 1699 1483 sit
1725 1447 1926 1494 generatio,
1948 1448 2134 1496 oportebit
2154 1449 2257 1496 quod
2276 1449 2388 1486 etiam
2409 1450 2475 1486 do—

1425 1497 1562 1534 ctrinae
1590 1499 1780 1545 generatio
1817 1499 1862 1535 sit
1899 1500 2077 1536 doctrina.
2109 1501 2185 1537 Sed
2212 1502 2286 1537 hoc
2323 1509 2476 1551 apparet

1424 1549 1619 1587 manifeste
1655 1551 1810 1587 falsum:
1846 1552 2013 1588 doctrina
2051 1552 2152 1589 enim
2196 1561 2250 1589 est
2283 1554 2473 1600 generatio

1424 1601 1609 1650 scientiae,
1631 1611 1666 1639 et
1693 1615 1770 1639 non
1790 1604 1979 1650 generatio
2005 1604 2208 1649 doctrinae.
2229 1606 2330 1653 Ergo
2349 1618 2473 1654 neque

1423 1655 1671 1700 generationis
1693 1662 1816 1703 potest
1844 1668 1924 1692 esse
1952 1657 2153 1704 generatio.

1482 1718 1537 1754 17.
1578 1708 1730 1744 Sextam
1763 1707 1946 1744 rationem
1977 1709 2084 1756 ponit
2119 1709 2191 1745 ibi:
2223 1710 2413 1758 Amplius,
2441 1711 2475 1746 si

1421 1763 1494 1793 tres
1519 1759 1655 1806 species
1680 1767 1760 1796 etc.:
1790 1772 1886 1808 quae
1914 1761 1994 1796 talis
2024 1769 2088 1798 est.
2120 1761 2159 1797 Si
2187 1762 2402 1799 mutationis
2427 1763 2473 1798 sit

1422 1811 1578 1847 mutatio
1596 1812 1657 1848 vel
1678 1812 1771 1848 sicut
1789 1812 1943 1848 subiecti
1961 1814 1980 1834 ³²·
1998 1814 2058 1850 vel
2087 1813 2181 1850 sicut
2203 1814 2362 1860 termini,
2384 1826 2470 1850 cum

1419 1871 1494 1899 tres
1522 1863 1594 1899 sint
1621 1864 1930 1912 species‚motuS‚
1951 1872 1992 1901 ut
2015 1865 2156 1902 dictum
2185 1873 2240 1902 est
2267 1866 2307 1913 ²¹²,
2334 1866 2472 1903 scilicet

1420 1923 1546 1952 motus
1565 1916 1602 1952 in
1621 1917 1698 1963 ubi,
1719 1917 1756 1953 in
1772 1916 1974 1964 quantitate
1992 1922 2006 1939 η
2027 1924 2061 1953 et
2080 1917 2273 1965 qualitate3
2294 1926 2470 1966 sequetur

1420 1969 1524 2016 quod
1542 1981 1618 2005 una
1637 1969 1771 2005 harum
1792 1969 2000 2016 specierum
2019 1970 2137 2018 possit
2160 1982 2239 2006 esse
2260 1970 2469 2007 subiectum

1419 2021 1568 2058 alterius
1584 2029 1619 2058 et
1634 2022 1829 2068 terminus,
1839 2028 1875 2057 et
1889 2022 2001 2058 etiam
2017 2022 2073 2058 sui
2088 2022 2203 2070 ipsius
2217 2020 2240 2059 θ.
2255 2023 2439 2071 Sequetur
2450 2025 2469 2044 ²¹²

1419 2085 1506 2121 ergo
1527 2074 1630 2121 quod
1649 2074 1720 2110 loci
1740 2074 1895 2110 mutatio
1916 2075 2091 2110 alteretur
2116 2075 2177 2111 vel
2198 2075 2311 2111 etiam
2330 2075 2467 2111 feratur

1417 2127 1626 2162 secundum
1641 2127 1768 2162 locum
1780 2126 1811 2162 ²³.
1829 2126 1938 2172 Quae
1957 2126 2111 2174 quidem
2127 2127 2335 2163 evidentius
2355 2139 2468 2176 appa-

1417 2186 1498 2214 rent
1512 2178 1815 2215 inconvenientia
1830 2180 1848 2197 *
1859 2179 1898 2214 in
1912 2179 2063 2227 speciali
2078 2191 2193 2227 quam
2208 2179 2245 2215 in
2261 2180 2466 2216 communi.

1417 2231 1507 2266 Non
1532 2241 1620 2277 ergo
1641 2231 1843 2267 dicendum
1872 2238 1926 2267 est
1953 2231 2057 2280 quod
2084 2231 2301 2268 mutationis
2321 2231 2366 2268 sit
2384 2243 2466 2268 mu-

1415 2282 1516 2328 tatio,
1546 2290 1610 2318 aut
1637 2282 1884 2330 generationis
1911 2283 2113 2330 generatio.

1475 2336 1530 2371 18.
1569 2335 1716 2372 Deinde
1754 2348 1841 2372 cum
1876 2335 1978 2372 dicit:
2021 2336 2179 2372 Omnino
2213 2341 2336 2372 autem
2374 2343 2464 2383 etc.,

1416 2387 1577 2423 ostendit
1595 2388 1792 2435 quomodo
1806 2388 1924 2436 possit
1952 2400 2033 2423 esse
2062 2387 2277 2424 mutationis
2297 2388 2463 2424 mutatio.

1415 2441 1463 2476 Et
1482 2439 1569 2476 dicit
1587 2440 1691 2488 quod
1711 2453 1798 2476 cum
1822 2439 2009 2487 tripliciter
2028 2439 2165 2487 aliquid
2193 2447 2404 2486 moveatur,
2424 2447 2465 2476 ut

1415 2504 1528 2540 supra
1544 2493 1563 2513 ’¹‘
1579 2499 1634 2528 est
1659 2492 1811 2538 dictum,
1827 2493 1888 2528 vel
1908 2492 2116 2528 secundum
2142 2491 2313 2538 accidens
2328 2493 2388 2527 vel
2408 2500 2464 2528 se-

1416 2545 1583 2581 cundum
1602 2552 1748 2592 partem
1767 2545 1827 2581 vel
1846 2556 1914 2592 per
1932 2556 1989 2590 se,
2011 2543 2255 2580 solummodo
2282 2555 2351 2591 per
2369 2543 2463 2579 acci-

1416 2597 1508 2633 dens
1529 2596 1705 2643 contingit
1723 2597 1858 2632 mutari
1874 2596 2136 2642 mutationem3
2156 2595 2378 2644 inquantum
2394 2596 2462 2631 sci-

1413 2649 1497 2685 licet
1515 2649 1725 2685 subiectum
1746 2648 1960 2685 mutationis
1979 2655 2159 2684 mutatur:
2179 2655 2269 2696 puta
2283 2647 2313 2683 si
2332 2647 2462 2695 aliquis

1415 2702 1507 2739 dum
1526 2702 1569 2738 fit
1587 2713 1711 2748 sanus,
1729 2708 1849 2738 currat
1869 2708 1931 2737 aut
1942 2700 2071 2746 discat3
2092 2707 2180 2736 tunc
2200 2699 2300 2735 enim
2320 2700 2461 2736 sanatio

1415 2761 1537 2790 curret
1555 2761 1618 2790 aut
1634 2753 1748 2790 discet
1769 2766 1838 2802 per
1856 2753 2040 2800 accidens,
2065 2752 2158 2789 sicut
2175 2751 2340 2788 musicus
2363 2751 2463 2789 aedi-

1413 2807 1511 2843 ficat.
1543 2807 1619 2843 Sed
1639 2806 1686 2842 de
1714 2818 1759 2842 eo
1780 2807 1883 2854 quod
1902 2813 2077 2842 movetur
2094 2817 2162 2853 per
2181 2803 2364 2857 accidens,
2385 2816 2462 2840 non

1413 2858 1641 2895 intendimus
1661 2870 1761 2895 nunc
1780 2865 1936 2895 tractare
1948 2859 1979 2894 *ε
1993 2859 2066 2894 hoc
2086 2857 2185 2893 enim
2206 2857 2281 2892 iam
2297 2868 2407 2904 supra
2418 2858 2460 2878 ”²¹⁶

1412 2910 1746 2960 praetermisimus.

1465 3075 1492 3110 η)
1508 3076 1604 3108 species
1617 3079 1709 3104 motus,
1722 3078 1751 3100 ut
1765 3075 1863 3100 dictum
1877 3077 1923 3103 est,
1936 3074 2032 3099 scilicet
2043 3077 2128 3098 motus
2142 3073 2167 3098 in
2183 3073 2232 3103 ubi,
2244 3073 2269 3097 in
2280 3073 2434 3105 quantitate.
2443 3086 2463 3090 -

1412 3112 1509 3143 species
1528 3114 1620 3140 motus,
1635 3111 1733 3135 scilicet
1751 3113 1835 3134 motus
1854 3110 1879 3134 in
1900 3109 1943 3133 ubi
1961 3112 1987 3133 et
2005 3111 2090 3133 motus
2109 3109 2134 3132 ίη
2154 3108 2301 3140 quantitate
2318 3107 2379 3131 Pab.

1466 3144 1490 3180 0)
1509 3146 1650 3170 subiectum
1669 3145 1778 3170 alterius
1796 3147 1822 3169 et
1840 3144 1973 3173 terminus,
1989 3146 2014 3168 et
2032 3144 2110 3167 etiam
2129 3143 2171 3167 sui
2189 3142 2309 3173 ipsius.-
2291 3141 2460 3166 -subiectum

1411 3181 1527 3210 alterius,
1543 3184 1569 3205 et
1588 3180 1714 3204 terminus
1733 3179 1811 3204 etiam
1830 3179 1871 3203 sui
1890 3178 1970 3210 ipsius
1989 3178 2087 3210 PGpE;
2107 3177 2153 3201 sed
2180 3177 2253 3200 lectio
2271 3176 2388 3208 adoptata
2406 3175 2461 3206 ple—

1411 3215 1469 3240 nius
1489 3215 1606 3248 exprimit
1624 3215 1783 3245 sententiam,
1798 3221 1876 3246 quam
1895 3221 1924 3237 ex
1943 3213 2078 3238 Aristotele
2096 3212 2197 3243 exponit
2215 3218 2237 3235 s.
2250 3210 2373 3234 Thomas.

911 3387 1489 3440 -ψ--ἣθξιέξῖκφ

2508 421 2554 442 “et
2567 427 2613 443 om.
2628 429 2695 444 pm.

2502 1098 2511 1106 “
2526 1100 2549 1118 et
2562 1098 2629 1119 codd.

2499 1405 2510 1415 ⁸
2522 1404 2555 1451 itta
2563 1411 2650 1432 ιετιεσ,
2662 1412 2710 1427 om.

2502 1436 2527 1451 ce
2540 1446 2545 1451 .

2500 1457 2523 1467 ⁸³
2541 1457 2574 1478 sic
2595 1457 2667 1484 igitur
2687 1458 2710 1479 si

2501 1488 2536 1503 zo.

2498 1827 2506 1834 '
2520 1826 2643 1847 subiectum
2657 1833 2678 1848 P.

2497 1878 2505 1887 ’
2520 1877 2591 1899 Num.
2601 1883 2620 1899 2.

2593 1935 2608 1958 η

2593 2020 2605 2044 0

2493 2054 2505 2064 ¹*
2519 2054 2659 2081 Sequeretur
2675 2061 2697 2076 P.

2493 2131 2505 2142 ⁸
2525 2133 2599 2152 actum
2617 2137 2702 2153 anunm

2494 2163 2602 2179 orvxvse.

2493 2189 2503 2200 *
2513 2189 2559 2208 tam
2569 2187 2619 2209 add.
2629 2194 2701 2209 tonsu

2494 2217 2515 2235 et
2529 2219 2553 2234 α.

2490 2501 2500 2512 “
2515 2501 2576 2523 Lect.
2593 2508 2607 2528 1,
2623 2508 2646 2523 n.
2661 2507 2682 2523 2.

2488 2858 2499 2868 ⁸
2513 2857 2669 2879 determinare
2683 2865 2696 2879 u

2489 2890 2539 2904 run.

2488 2910 2510 2921 ⁴*
2524 2910 2586 2932 Lect.
2602 2916 2617 2936 ι,
2628 2916 2650 2931 n.
2661 2916 2695 2932 10.
