2898 3996
218 3150 226 3157 ·
241 3147 297 3175 quid
310 3154 342 3170 ni.

219 3201 227 3209 ·
242 3199 303 3221 Lect.
318 3206 366 3221 xxi.

219 3353 227 3361 '
243 3351 312 3373 Num.
328 3358 375 3379 seq.

218 3410 226 3418 ”
242 3408 322 3436 aliquo
335 3409 402 3431 ruah.

455 251 532 297 416

524 324 583 361 διαὶ
607 329 726 367 τοῦτο,
748 326 800 359 ὅτι
824 325 978 372 γενέσθαι
998 319 1050 355 δεῖ
1071 324 1111 356 τὸ
1130 325 1271 370 πρᾶγμα
1296 325 1440 368 πρῶτον.
1468 325 1513 356 Το

524 368 553 403 δ’
582 373 628 417 ἐφ’
658 372 727 409 ἐνὸς
753 371 811 415 μέν
838 371 977 402 ὁτουοῦν
1004 370 1069 400 τῶν
1094 370 1273 414 γινομένων
1299 367 1405 406 οὕτως
1431 369 1513 413 ἔχει·

527 417 598 447 ἀλλ’
628 415 741 459 ἕτερον
774 415 958 459 ἀναγκαῖον
993 412 1153 457 πρότερόν
1187 425 1221 446 τι
1256 411 1418 444 κινεῖσθαι
1448 413 1514 444 τῶν

524 459 703 504 γινομένων
740 457 774 490 ὃν
801 457 887 490 αὐτὸ
918 459 975 489 καὶ
1000 457 1046 511 μή
1078 456 1270 502 γινόμενον,
1302 458 1360 487 καὶ
1390 455 1516 488 τούτου

526 506 637 548 ἕτερον
670 502 843 546 πρότερον.
875 502 972 533 Ἐπεὶ
1001 502 1038 533 be*
1066 500 1193 546 γένεσιν
1227 497 1399 533 ἀδύνατον
1431 496 1517 531 εἶναι

525 547 660 592 πρώτην
685 546 827 588 (πάντα
847 545 911 590 γὰρ
939 544 976 576 ἂν
1003 547 1051 582 εἴη
1078 545 1125 576 τοὶ
1148 544 1327 588 κινούμενα
1345 542 1514 587 φθαρτοί),

524 588 626 628 δῆλον
652 592 694 627 ὡς
721 585 798 621 οὐδὲ
829 590 894 621 τῶν
925 588 1040 632 ἑφεξῆς
1073 587 1233 624 κινήσεων
1266 583 1407 631 οὐδεμία
1439 597 1517 630 προ·

525 635 621 679 τέρα·
646 634 735 679 λέγω
759 629 788 665 δ’
818 633 953 677 ἑφεξῆς,
982 632 1140 673 αὔξησιν,
1167 629 1227 664 εἶτ’
1260 633 1434 664 ἀλλοίωσιν
1458 631 1517 662 καὶ

524 679 630 723 φθίσιν
665 679 723 709 καὶ
779 676 897 720 θοροίν·
932 678 1041 709 πᾶσαι
1073 676 1136 722 γάρ
1173 675 1310 719 ὕστεραι
1341 674 1514 721 γενέσεως·

524 721 604 755 ὥστ’
634 722 663 753 εἱ
687 717 771 765 μηδε
796 721 921 767 γένεσις
948 720 1096 764 προτέρα
1121 720 1234 764 φορᾶς,
1264 714 1341 751 οὐδὲ
1366 719 1431 751 τῶν
1461 718 1517 749 ἄλ-

523 769 588 798 λων
615 761 755 810 οὐδεμία
779 765 990 809 μεταβολῶν.

451 855 555 891 ’Όλως
580 847 617 884 δὲ
641 854 799 895 φαίνεται
823 851 864 883 τᾶ
889 850 1059 896 γινόμενον
1095 849 1212 887 ἀτελὲς
1242 851 1300 881 καὶ
1326 849 1378 881 ἐπ’
1409 848 1515 894 ἀρχήν

524 897 587 928 ἱόν·
614 895 701 928 ὥστε
727 895 767 928 τὸ
792 895 837 937 τῇ
863 894 990 940 γενέσει
1016 893 1154 938 ὕστερον
1180 894 1225 936 τῇ
1242 893 1336 937 φύσει
1355 891 1516 937 πρότερον

525 938 626 972 εἶναι·
660 941 856 972 τελευταῖον
888 933 925 971 δὲ
956 939 1042 982 φοροί
1073 939 1174 970 πᾶσιν
1206 937 1350 982 ὑπάρχει
1383 940 1453 974 τοῖς
1484 937 1516 969 ἐν

523 984 661 1030 γενέσει.
700 984 756 1015 Διό
781 983 828 1015 τοὶ
851 982 909 1026 μὲν
936 981 1017 1019 ὅλως
1046 981 1192 1018 ἀκίνητα
1218 982 1283 1014 τῶν
1315 980 1450 1024 ζώντων
1475 977 1511 1013 δι’

526 1025 653 1062 ἔνδειαν
680 1028 742 1060 τοῦ
768 1025 923 1072 ὀργάνου,
944 1027 1010 1058 οἷον
1037 1025 1084 1058 τοὶ
1108 1025 1198 1070 φυτοὶ
1220 1026 1278 1057 καὶ
1304 1025 1417 1058 πολλοὶ
1435 1024 1515 1071 γένη

525 1073 590 1106 τῶν
615 1071 720 1114 ζῴων·
747 1075 817 1108 τοῖς
841 1066 878 1102 δὲ
903 1069 1146 1114 τελειουμένοις
1179 1069 1335 1115 ύπαίρχει.
1364 1068 1460 1102 ‘'Qu-‘r’
1489 1070 1517 1100 εἰ

525 1117 652 1161 μᾶλλον
682 1116 827 1160 ύποίρχει
857 1114 942 1159 φοραὶ
966 1117 1036 1151 τοῖς
1066 1115 1194 1158 μᾶλλον
1227 1112 1427 1158 ἀπειληφόσι
1453 1113 1515 1149 τήν

525 1159 633 1205 φύσιν,
658 1161 715 1191 καὶ
741 1161 761 1196 ἡ
786 1162 910 1196 κίνησις
938 1157 1027 1195 αὕτη
1054 1157 1171 1201 πρώτη
1194 1159 1260 1190 τῶν
1281 1157 1390 1190 ἄλλων
1411 1156 1449 1189 ἂν
1467 1159 1515 1195 εἴη

523 1205 601 1236 κατ’
631 1204 760 1236 οὐσίαν·
787 1199 846 1235 ὃιοί
870 1212 908 1234 τε
934 1203 1053 1235 ταῦτα

457 1251 514 1281 καὶ
539 1244 629 1281 διότι
654 1246 781 1284 ἥκιστα
804 1247 868 1284 τῆς
901 1246 1015 1284 οὐσίας
1049 1245 1229 1287 ἐξίσταται
1254 1245 1295 1277 τὸ
1323 1244 1516 1288 κινούμενον

524 1293 590 1325 τῶν
614 1291 774 1328 κινήσεων
801 1291 833 1323 ἐν
859 1291 906 1331 τῷ
931 1290 1098 1335 ‘piperi-flm-
1124 1289 1219 1322 κατα
1242 1289 1346 1332 μόνην
1370 1289 1435 1335 γσὶρ
1464 1289 1520 1320 οὐ-

524 1332 579 1368 δέν
604 1335 814 1380 μεταβάλλει
839 1335 901 1367 τοῦ
926 1331 1032 1375 εἶναι,
1057 1333 1165 1378 ὥσπερ
1193 1332 1432 1377 ἀλλοιουμένου
1457 1333 1516 1377 μὲν

525 1380 566 1413 τὸ
592 1380 707 1419 ποιόν,
735 1373 1025 1423 αὐξανομένουδὲ
1048 1380 1106 1410 καὶ
1131 1377 1302 1422 φθίνοντος
1329 1377 1371 1409 τὸ
1397 1376 1515 1410 ποσόν.

458 1468 619 1502 Μάλιστα
643 1462 681 1499 δὲ
704 1462 827 1507 δῆλον,
855 1465 909 1498 ὅτι
934 1465 975 1498 τό
998 1466 1109 1496 κινοῦν
1137 1465 1224 1497 αὐτὸ
1250 1464 1338 1498 αὐτὸ
1362 1463 1516 1508 μάλιστα

525 1511 657 1548 ταύτην
681 1514 765 1542 κινεῖ
786 1512 901 1554 κυρίως
919 1509 983 1546 τήν
1007 1509 1103 1542 κατά.
1120 1508 1241 1542 τόπον.
1267 1511 1390 1541 Καίτοι
1408 1509 1514 1553 φαμὲν

525 1556 620 1589 τοῦτ’
641 1552 725 1587 εἶναι
746 1555 812 1586 τῶν
836 1553 1035 1596 κινουμένων
1051 1555 1109 1586 καὶ
1128 1552 1310 1586 κινούντων
1331 1550 1437 1598 ἀρχὴν
1457 1555 1515 1585 καὶ

526 1601 656 1643 πρῶτον
683 1603 752 1636 τοῖς
775 1597 992 1642 κινουμένοις,
1012 1598 1052 1630 τὸ
1079 1597 1165 1630 αὐτὸ
1184 1597 1272 1630 αὐτο
1295 1599 1418 1630 κινοῦν.
1438 1596 1515 1630 “Ort

524 1645 582 1689 μὲν
609 1646 718 1676 τοίνυν
745 1643 810 1676 τῶν
834 1641 995 1679 κινήσεων
1021 1643 1041 1678 ἡ
1067 1641 1152 1686 φοραὶ
1171 1641 1302 1686 πρώτη,
1322 1640 1461 1686 φανερὸν
1480 1639 1515 1673 ἐκ

526 1687 670 1721 τούτων.

519 1801 667 1829 SYNOPS1s.
685 1817 719 1821 —
740 1809 763 1828 1.
785 1802 996 1837 Argumentum
1015 1805 1043 1828 et
1060 1799 1161 1827 divisio
1182 1805 1283 1827 textus.
1296 1815 1313 1820 -
1327 1798 1357 1827 Si
1378 1797 1517 1836 contingit

459 1840 585 1877 aliquem
606 1847 719 1868 motum
740 1837 802 1868 esse
822 1839 853 1867 in
874 1839 1080 1876 sempiternum
1102 1838 1286 1873 continuum,
1313 1838 1359 1866 hic
1379 1844 1422 1866 est
1441 1847 1517 1866 unus

459 1887 487 1908 et
507 1880 584 1908 idem
599 1886 695 1908 motus
710 1889 776 1908 cum
794 1879 889 1916 primo
910 1884 1001 1907 motu.
1012 1894 1031 1900 -
1045 1886 1073 1906 2.
1095 1879 1203 1906 Textus
1217 1877 1518 1906 subdivisio.-Motus

459 1920 560 1948 localis
581 1925 623 1948 est
646 1919 762 1957 primus
787 1919 863 1947 inter
884 1927 983 1946 omnes
1003 1923 1134 1946 motus.-
1150 1918 1175 1945 3.
1198 1918 1340 1945 Probatur
1362 1917 1462 1955 primo
1483 1926 1517 1945 ex

459 1958 681 1996 proprietatibus
695 1964 836 1986 motuum.
858 1959 886 1994 a)
907 1958 980 1986 Tres
1001 1963 1067 1985 sunt
1087 1957 1195 1994 species
1210 1963 1314 1992 motus,
1330 1963 1517 1994 augmentum

459 2005 487 2026 et
508 1997 677 2033 diminutio,
705 1997 834 2026 alteratio
856 2003 884 2025 et
903 1996 959 2025 loci
980 1996 1120 2032 mutati03
1148 1996 1227 2033 atqui
1248 2003 1434 2033 augmentum
1456 2005 1517 2024 esse

459 2047 520 2066 non
540 2043 635 2074 potest
662 2036 717 2065 nisi
737 2036 867 2065 alteratio
889 2036 1073 2073 praeexistat,
1094 2035 1292 2064 alterationem
1315 2041 1411 2064 autem
1432 2036 1517 2064 debet

458 2078 628 2114 praecedere
656 2075 758 2113 aliquis
786 2082 882 2104 motus
903 2075 1019 2111 localis,
1047 2084 1098 2112 per
1125 2084 1212 2112 quem
1233 2075 1354 2103 alterans
1384 2074 1466 2104 aliter
1486 2084 1516 2103 se

458 2117 562 2145 habeat
575 2125 652 2144 nunc
666 2122 693 2144 et
707 2115 785 2152 prius
799 2116 836 2144 ad
850 2115 879 2143 id
899 2116 978 2152 quod
999 2115 1149 2150 alteratur;
1172 2123 1239 2151 ergo
1261 2114 1316 2142 Ioci
1338 2114 1459 2142 mutatio
1474 2121 1516 2142 est

458 2155 551 2193 prima
565 2161 712 2190 motuum3
727 2161 754 2183 et
763 2155 787 2183 si
801 2161 914 2191 oportet
929 2161 1041 2183 motum
1055 2163 1169 2190 semper
1182 2163 1252 2189 esse,
1261 2160 1376 2190 oportet
1389 2153 1515 2190 primum

459 2202 571 2224 motum
593 2195 714 2223 localem
735 2204 797 2223 esse
818 2194 1032 2231 sempiternum.
1044 2210 1063 2215 —
1076 2203 1105 2229 4.
1128 2194 1155 2228 b)
1177 2193 1347 2221 Passienum
1365 2193 1409 2221 vel
1419 2194 1514 2231 passi-

459 2235 558 2263 bilium
574 2235 751 2271 qualitatum,
773 2234 932 2262 secundum
953 2243 1024 2270 quas
1045 2233 1076 2261 fit
1093 2233 1232 2268 alteratio,
1251 2232 1424 2269 principium
1437 2232 1515 2261 iuxta

459 2274 627 2311 opinionem
655 2274 839 2310 antiquorum
869 2273 980 2301 videtur
1008 2282 1070 2301 esse
1099 2272 1199 2301 raritas
1229 2278 1257 2300 et
1284 2272 1428 2308 densitas;
1460 2273 1514 2300 hae

458 2320 554 2342 autem
575 2313 707 2342 videntur
735 2322 796 2341 esse
817 2313 960 2350 quaedam
985 2311 1169 2349 congregatio
1198 2318 1226 2340 et
1245 2311 1427 2349 disgregatio.
1456 2312 1513 2340 Sed

459 2363 533 2391 quae
553 2359 762 2390 congregantur
782 2353 826 2381 vel
847 2352 1052 2389 disgregantur,
1068 2361 1101 2380 ex
1121 2352 1177 2380 hoc
1198 2351 1262 2388 ipso
1290 2352 1448 2380 secundum
1469 2351 1513 2379 lo-

458 2402 524 2421 cum
546 2399 700 2421 mutantur.
729 2391 799 2420 Loci
820 2401 888 2428 ergo
910 2391 1031 2420 mutatio
1059 2398 1102 2419 est
1129 2390 1300 2428 principium
1326 2390 1512 2419 alterationis.

458 2431 592 2460 Similiter
606 2432 691 2460 etiam
706 2437 801 2460 motus
822 2430 920 2459 localis
934 2431 1088 2468 requiritur
1101 2431 1139 2459 ad
1152 2437 1352 2468 augmentum;
1369 2439 1438 2458 nam
1452 2430 1513 2459 eius

457 2472 536 2508 quod
557 2478 676 2508 augetur
695 2472 740 2500 vel
761 2470 898 2499 minuitur
913 2471 1090 2508 magnitudo,
1105 2476 1220 2507 oportet
1235 2470 1314 2507 quod
1328 2476 1454 2498 mutetur
1468 2479 1512 2498 se—

457 2512 583 2540 cundum
598 2512 703 2539 locum.
715 2511 810 2539 Motus
825 2519 893 2547 ergo
908 2510 1006 2539 localis
1021 2517 1063 2538 est
1077 2509 1243 2538 naturaliter
1251 2509 1331 2546 prior
1344 2509 1512 2538 alteratione

457 2557 484 2579 et
505 2557 669 2587 augmento.
682 2567 700 2572 -
716 2551 741 2578 5.
757 2551 898 2578 Probatur
918 2550 1043 2578 secundo
1064 2549 1266 2586 distinguendo
1283 2550 1388 2578 modos
1398 2549 1513 2587 prioris

456 2596 483 2618 et
499 2590 681 2628 posterioris.
703 2591 734 2618 ln
755 2596 846 2625 motu,
862 2589 934 2618 sicut
954 2589 984 2617 in
1005 2589 1067 2618 aliis
1087 2590 1181 2624 rebus,
1197 2588 1390 2625 multipliciter
1410 2588 1513 2617 dicitur

456 2629 564 2666 aliquid
585 2630 663 2666 prius
684 2629 786 2658 altero:
808 2638 869 2657 uno
891 2629 980 2657 modo
996 2629 1098 2657 dicitur
1117 2629 1196 2666 prius
1217 2629 1376 2657 secundum
1391 2628 1511 2656 existen-

454 2669 532 2704 tiam,
555 2679 614 2706 quo
629 2669 735 2697 scilicet
755 2678 816 2697 non
837 2668 981 2704 existente,
1002 2678 1064 2697 non
1085 2675 1168 2696 erunt
1181 2668 1245 2703 alia,
1267 2669 1318 2696 sed
1336 2677 1397 2696 non
1411 2677 1427 2696 e
1440 2677 1511 2696 con-

454 2718 550 2744 verso;
565 2709 622 2737 alio
632 2709 723 2737 modo
734 2708 836 2737 dicitur
845 2708 953 2746 aliquid
962 2708 1041 2745 prius
1055 2714 1199 2745 tempore;
1214 2707 1297 2736 tertio
1307 2708 1398 2736 modo
1409 2717 1511 2736 secun-

656 2843 689 2870 ’,ι
716 2834 891 2875 ostquam
923 2826 1177 2875 Philosophus
1210 2825 1372 2863 ostendit
1404 2826 1509 2875 quod

671 2878 701 2923 {²⁴
715 2879 881 2928 primum
909 2891 1072 2916 movens
1093 2886 1147 2916 est
1165 2879 1361 2931 immobile
1382 2886 1418 2916 et
1434 2878 1508 2928 pri-

661 2932 670 2946 ³
688 2944 799 2978 mus
827 2939 952 2968 motus
978 2939 1032 2969 est
1048 2939 1265 2981 perpetuus,
1293 2931 1356 2969 hic
1381 2931 1510 2980 incipit

531 3006 543 3011 ν
608 3018 610 3023 ,
660 2973 698 3010 1¹¹³
716 2985 912 3021 ostendere
932 2984 1014 3034 quis
1042 2985 1088 3022 sit
1105 2985 1250 3034 primus
1278 2992 1405 3022 motus
1423 2990 1452 3031 ⁸⁸,
1475 2991 1510 3021 et

456 3037 566 3084 quale
594 3036 639 3073 sit
656 3037 819 3085 primum
849 3049 1022 3074 movens.
1043 3038 1092 3074 Et
1115 3037 1292 3075 dividitur
1319 3037 1358 3074 in
1384 3044 1509 3087 partes

456 3089 570 3126 duas:
600 3089 637 3126 in
665 3090 789 3138 prima
817 3090 978 3127 ostendit
1006 3090 1089 3138 quis
1117 3091 1162 3127 sit
1189 3090 1334 3139 primus
1360 3097 1507 3136 motus;

455 3141 493 3178 in
512 3142 677 3179 secunda
701 3143 810 3190 quale
831 3143 850 3163 *¹
871 3142 917 3179 sit
934 3142 1097 3191 primum
1116 3155 1290 3190 movens,
1311 3142 1377 3180 ibi:
1402 3143 1512 3185 Quod

455 3200 578 3231 autem
597 3195 667 3231 hoc
686 3207 831 3232 necesse
849 3201 902 3232 est
919 3197 938 3215 ⁴⁹
960 3202 1027 3232 etc.
1050 3195 1159 3232 Circa
1173 3195 1339 3244 primum
1359 3195 1435 3233 duo
1455 3196 1507 3232 fa-

456 3246 523 3283 cit:
556 3247 680 3295 primo
718 3247 805 3284 dicit
841 3249 888 3285 de
926 3260 1002 3297 quo
1040 3256 1094 3285 est
1130 3248 1306 3294 intenti03
1341 3249 1508 3286 secundo

457 3299 650 3347 exequitur
667 3300 916 3349 propositum,
933 3300 1001 3338 ibi:
1030 3301 1164 3338 Tribus
1178 3306 1302 3338 autem
1326 3300 1509 3337 existenti-

457 3351 522 3387 bus
549 3351 569 3372 ”¹
597 3359 664 3389 etc.
686 3352 784 3389 Dicit
812 3365 899 3401 ergo
927 3353 1065 3402 primo,
1095 3353 1200 3402 quod
1227 3352 1276 3390 ad
1303 3353 1378 3389 hoc
1406 3353 1510 3401 quod

456 3403 662 3451 praemissa
681 3404 815 3441 certius
844 3405 1137 3452 considerentur,
1154 3411 1302 3454 oportet
1321 3404 1369 3442 ab
1389 3405 1461 3442 alio
1491 3407 1510 3425 ’¹‘

1076 248 1419 285 PHYSICORUM
1446 248 1794 285 ARISTOTELIS
1824 232 1923 286 LIBJ
1946 251 2032 287 VIII

1636 335 1761 368 oportet
1776 338 1842 359 rem
1852 329 2007 369 primum:
2024 328 2086 360 hoc
2102 336 2208 361 autem
2221 330 2254 361 in
2270 341 2336 362 uno
2346 332 2475 374 quidem
2491 334 2633 374 quolibet

1637 382 1749 402 eorum
1772 382 1853 413 quae
1873 372 1955 403 fiunt
1970 373 2013 403 sic
2029 383 2062 403 se
2080 373 2190 412 habet3
2215 375 2269 405 sed
2291 375 2424 406 alterum
2443 386 2568 409 necesse
2587 385 2634 410 est

1637 416 1723 455 prius
1747 416 1866 457 aliquid
1890 416 2010 447 moveri
2026 417 2074 447 his
2091 427 2172 457 quae
2195 417 2285 457 fiunt,
2306 429 2380 450 cum
2394 427 2424 451 et
2439 421 2545 460 ipsum
2564 432 2632 453 non

1637 459 1773 498 factum;
1798 467 1828 490 et
1850 459 1911 490 isto
1935 460 2070 492 alterum
2092 460 2189 501 prius.
2208 462 2371 499 Quoniam
2393 463 2487 504 igitur
2505 475 2631 505 genera-

1637 502 1758 534 tionem
1773 503 1967 544 impossibile
1983 510 2029 535 est
2044 514 2111 535 esse
2134 505 2269 544 primam
2288 504 2411 548 (omnia
2427 508 2512 538 enim
2531 515 2634 540 essent

1637 557 1718 588 quae
1742 554 1910 578 moventur
1929 546 2167 590 corruptibilia),
2184 549 2387 580 manifestum
2406 557 2452 581 est
2473 552 2561 592 quod
2579 562 2633 583 ne-

1638 601 1700 631 que
1734 591 1997 632 consequentium
2026 598 2176 622 motuum
2211 602 2315 634 neque
2342 603 2425 624 unus
2456 595 2542 635 prior
2572 602 2629 627 est.

1637 634 1717 666 Dico
1745 641 1852 666 autem
1885 642 2123 676 consequentes,
2147 643 2366 677 augmentum,
2389 644 2500 678 postea
2526 639 2635 670 altera-

1637 677 1760 709 tionem
1778 685 1807 709 et
1826 679 2062 710 decrementum
2085 686 2116 710 et
2137 680 2385 720 corruptionem.
2409 681 2531 713 Omnes
2547 683 2633 714 enim

1638 722 1827 762 posteriores
1842 723 2041 763 generatione
2057 730 2147 754 sunt:
2166 734 2273 764 quare,
2291 725 2317 755 si
2333 722 2461 756 nonest
2473 727 2632 766 generatio

1637 766 1724 806 prior
1746 766 1809 796 loci
1831 766 2025 806 mutatione,
2058 777 2161 808 neque
2184 767 2318 799 aliarum
2348 778 2451 810 neque
2479 779 2543 801 una
2565 780 2633 812 per-

1638 809 1865 841 mutationum.

1571 852 1589 872 *
1599 852 1741 884 Omnino
1754 861 1860 884 autem
1871 853 1995 884 videtur
2007 855 2096 895 quod
2112 854 2158 893 fit,
2170 854 2391 896 imperfectum
2415 863 2445 888 et
2468 856 2508 887 ad
2519 857 2632 898 princi-

1638 896 1728 937 pium
1756 897 1838 927 iens:
1863 907 1959 938 quare
1978 898 2067 938 quod
2091 899 2290 938 generatione
2318 899 2494 940 posterius,
2522 908 2633 933 natura

1637 940 1724 980 prius
1743 947 1798 972 est.
1823 941 1981 972 Ultimum
2003 948 2111 973 autem
2131 942 2195 973 loci
2221 943 2355 974 mutatio
2381 944 2530 976 omnibus
2551 945 2633 977 inest

1637 994 1720 1025 quae
1734 984 1855 1015 suntin
1877 984 2087 1025 generatione.
2111 986 2203 1017 Unde
2222 986 2283 1016 alia
2303 987 2436 1018 omnino
2458 988 2633 1020 immobilia

1638 1035 1712 1059 sunt
1736 1028 1910 1059 viventium
1932 1035 2061 1069 propter
2083 1029 2289 1070 indigentiam
2312 1030 2431 1070 organi,
2450 1038 2486 1062 ut
2507 1032 2632 1072 plantae

1638 1079 1668 1103 et
1677 1072 1777 1103 multa
1792 1082 1905 1112 genera
1917 1071 2116 1111 animalium;
2133 1072 2276 1113 perfectis
2288 1080 2394 1104 autem
2412 1073 2502 1106 inest.
2513 1075 2630 1116 Quare,

1638 1115 1663 1146 si
1687 1115 1786 1156 magis
1809 1115 1889 1146 inest
1910 1115 1974 1146 loci
2001 1115 2136 1147 mutatio
2160 1116 2258 1156 magis
2295 1118 2633 1158 comprehendentibus

1637 1166 1801 1198 naturam,
1832 1166 1863 1190 et
1893 1166 2001 1190 motus
2032 1159 2083 1191 hic
2114 1159 2235 1200 primus
2267 1160 2403 1192 aliorum
2433 1162 2543 1204 utique
2575 1163 2633 1200 erit

1638 1203 1813 1234 secundum
1836 1203 2054 1242 substantiam,
2077 1210 2206 1244 propter
2228 1203 2299 1236 hoc.

1570 1247 1588 1267 *
1605 1247 1646 1278 Et
1679 1247 1754 1288 quia
1776 1257 1979 1288 nequaquam
2001 1247 2207 1279 substantiam
2236 1254 2338 1280 mutat
2366 1250 2454 1290 quod
2485 1256 2632 1282 movetur

1638 1298 1788 1322 motuum
1803 1291 1836 1321 in
1860 1301 1898 1321 eo
1922 1291 2012 1331 quod
2036 1291 2142 1323 fertur.
2162 1288 2345 1323 Secundum
2367 1292 2453 1324 enim
2470 1293 2556 1325 huuc
2578 1303 2630 1325 so-

1637 1335 1706 1366 lum
1736 1335 1815 1366 nihil
1845 1341 1985 1366 mutatur
2007 1334 2040 1366 in
2065 1345 2147 1374 esse,
2171 1335 2252 1366 sicut
2274 1335 2341 1367 eius
2371 1337 2460 1378 quod
2484 1336 2631 1369 alteratur

1637 1379 1750 1420 quale,
1774 1379 1841 1410 eius
1863 1385 1970 1410 autern
1993 1379 2082 1420 quod
2104 1386 2237 1420 augetur
2259 1386 2290 1411 et
2312 1380 2550 1412 decrementum
2574 1391 2630 1423 pa-

1637 1423 1740 1454 tientis
1763 1429 1930 1464 quantum.

1570 1467 1588 1487 *
1597 1467 1733 1498 Maxime
1743 1474 1850 1498 autern
1864 1466 2068 1498 manifestum
2079 1474 2126 1499 est
2135 1467 2210 1509 quia
2224 1477 2357 1499 movens
2372 1467 2480 1509 ipsum
2489 1467 2631 1510 seipsum

1636 1512 1772 1542 maxime
1791 1517 1898 1542 movet
1920 1510 2006 1542 hunc
2025 1511 2151 1552 proprie
2180 1511 2236 1553 qui
2254 1512 2430 1543 secundum
2446 1512 2574 1552 locum;
2601 1519 2632 1544 et

1637 1555 1731 1586 etiam
1753 1554 1886 1586 dicimus
1909 1554 1971 1586 hoc
1994 1565 2061 1586 esse
2076 1565 2189 1586 eorum
2211 1565 2292 1597 quae
2318 1562 2487 1587 moventur
2509 1562 2540 1587 et
2561 1565 2632 1587 mo—

1634 1599 1777 1630 ventium
1799 1598 2001 1639 principium,
2023 1605 2054 1630 et
2075 1599 2216 1640 primum
2234 1599 2267 1630 in
2285 1599 2333 1641 his
2356 1609 2438 1641 quae
2461 1607 2630 1632 moventur

1635 1642 1742 1683 ipsum
1765 1643 1905 1683 seipsum
1920 1653 2063 1674 movens.
2073 1642 2092 1661 ⁴¹*
2104 1643 2201 1681 Quod
2215 1643 2346 1685 quidem
2363 1643 2457 1684 igitur
2481 1650 2631 1675 motuum

1634 1686 1696 1718 loci
1719 1686 1853 1718 mutatio
1876 1686 1979 1727 prima
2001 1686 2051 1726 sit,
2074 1686 2278 1719 manifestum
2301 1693 2347 1718 est
2370 1697 2406 1718 ex
2424 1687 2483 1719 his.

1569 1799 1639 1827 dum
1654 1798 1852 1834 substantiam,
1867 1807 1918 1827 seu
1938 1799 2098 1827 secundum
2112 1799 2327 1836 perfectionem.
2339 1817 2359 1822 -
2373 1801 2400 1829 6.
2414 1801 2512 1829 Motus
2533 1807 2631 1831 autem

1569 1837 1667 1866 localis
1688 1844 1731 1866 est
1750 1838 1860 1875 primus
1873 1838 1963 1866 tribus
1982 1838 2078 1866 modis
2096 1839 2256 1875 praedictis.
2275 1841 2303 1875 a)
2319 1840 2356 1868 Ut
2376 1839 2450 1869 infr-a
2461 1839 2542 1876 (lect.
2555 1843 2630 1879 seq.)

1570 1877 1746 1914 probabitur,
1768 1878 1846 1906 solus
1867 1884 1963 1906 motus
1983 1877 2082 1906 localis
2103 1884 2197 1914 potest
2211 1887 2273 1906 esse
2286 1888 2362 1907 unus
2383 1885 2411 1907 et
2431 1879 2586 1908 continuus
2599 1880 2630 1909 in

1570 1916 1722 1953 infinitum,
1743 1917 1783 1946 ita
1797 1918 1878 1954 quod
1897 1917 1927 1945 in
1948 1917 1997 1946 illo
2018 1917 2082 1946 solo
2103 1923 2198 1954 potest
2218 1917 2320 1946 salvari
2339 1918 2514 1955 perpetuitas
2531 1925 2630 1948 motin

1570 1955 1773 1985 convenienter
1786 1957 1823 1985 ad
1836 1963 1969 1985 naturam
1982 1966 2095 1992 rerum;
2116 1956 2196 1993 atqui
2212 1956 2298 1985 ceteri
2312 1963 2409 1986 motus
2429 1967 2491 1986 non
2506 1965 2629 1994 possunt

1570 2005 1632 2024 esse
1652 1995 1707 2024 nisi
1721 1995 1756 2024 sit
1770 1996 1815 2024 ille
1829 2002 1926 2024 motus
1941 1995 2131 2032 sempiternus
2145 2005 2232 2033 quem
2247 2003 2344 2025 movet
2358 1997 2484 2033 primum
2498 2007 2628 2034 movens,

1569 2044 1630 2063 non
1644 2041 1740 2063 autem
1755 2045 1770 2063 e
1785 2045 1938 2071 converso;
1954 2045 2022 2072 ergo
2037 2041 2133 2063 motus
2144 2035 2243 2064 localis
2253 2042 2295 2064 est
2305 2036 2415 2072 primus
2427 2035 2523 2073 primo
2537 2037 2629 2066 modo

1569 2074 1733 2111 prioritatis.
1742 2092 1761 2096 -
1772 2084 1798 2111 7.
1810 2075 1837 2111 b)
1850 2074 1951 2103 Solum
1965 2081 2079 2103 motum
2089 2074 2210 2103 localem
2221 2074 2362 2112 contingit
2372 2083 2434 2104 esse
2443 2082 2628 2113 perpetuum;
2655 2076 2659 2080 ⁷

1569 2123 1637 2150 ergo
1658 2113 1824 2150 simpliciter
1850 2114 1998 2151 loquendo
2020 2120 2063 2142 est
2089 2114 2199 2150 primus
2225 2121 2365 2151 tempore.
2380 2131 2400 2136 -
2413 2115 2441 2142 8.
2462 2114 2631 2144 Excluditur

1568 2153 1702 2181 obiectio.
1715 2170 1734 2175 -
1747 2153 1827 2182 Licet
1846 2153 1876 2181 in
1890 2163 1926 2182 eo
1948 2154 2027 2190 quod
2047 2160 2207 2191 generatur,
2221 2153 2277 2182 loci
2291 2153 2413 2182 mutatio
2434 2154 2470 2183 sit
2482 2161 2630 2191 posu-ema

1568 2199 1711 2229 tempore;
1733 2199 1860 2221 attamen
1881 2192 2046 2229 simpliciter
2067 2200 2163 2221 motus
2184 2193 2283 2222 localis
2299 2200 2342 2222 est
2354 2193 2449 2230 prior:
2470 2203 2540 2223 nam
2559 2201 2627 2224 ante

1568 2241 1670 2260 omnes
1684 2238 1781 2260 motus
1802 2232 1852 2269 qui
1869 2239 1936 2261 sunt
1952 2232 1982 2260 in
1998 2232 2055 2261 isto
2069 2232 2175 2270 genito,
2197 2242 2314 2261 necesse
2328 2239 2371 2262 est
2384 2234 2555 2270 praecedere
2575 2233 2628 2263 ali-

1567 2281 1654 2308 quem
1676 2278 1788 2300 motum
1810 2272 1840 2300 in
1855 2272 1949 2308 primo
1964 2271 2077 2307 mobili,
2100 2273 2181 2309 quod
2201 2281 2262 2300 non
2278 2279 2430 2310 generatur
2443 2279 2472 2301 et
2485 2279 2528 2302 est
2540 2282 2629 2305 eausa

1566 2311 1759 2348 generationis
1779 2311 1811 2340 in
1831 2311 1902 2340 aliis.
1923 2311 1978 2340 Hic
1991 2318 2088 2340 autem
2102 2318 2200 2340 motus
2214 2321 2275 2340 non
2295 2318 2338 2341 est
2358 2321 2453 2350 neque
2468 2312 2627 2350 generatim

1566 2360 1660 2388 neque
1674 2351 1749 2379 ullus
1770 2351 1893 2380 aliorum
1913 2357 2048 2379 motuum
2068 2351 2284 2388 generationem
2298 2352 2554 2389 consequentium;
2575 2353 2627 2382 sed

1566 2396 1609 2418 est
1622 2391 1825 2419 tantummodo
1846 2390 1946 2419 localis
1960 2396 2066 2419 motus.
2085 2390 2156 2419 Loci
2170 2400 2239 2428 ergo
2258 2390 2380 2420 mutatio
2394 2397 2438 2419 est
2449 2391 2544 2428 prima
2556 2390 2627 2421 sim-

1565 2429 1683 2467 pliciter.
1698 2446 1717 2452 -
1731 2439 1759 2467 9.
1775 2431 1802 2466 c)
1823 2431 1920 2458 Motus
1940 2429 2039 2458 localis
2052 2429 2083 2458 in
2096 2429 2306 2467 generabilibus
2320 2436 2363 2459 est
2375 2430 2494 2459 ultimus
2507 2439 2626 2468 genera-

1565 2469 1654 2505 tione,
1669 2475 1697 2498 et
1711 2469 1784 2497 inest
1797 2469 1851 2498 illis
1865 2479 1940 2506 quae
1954 2469 2044 2507 magis
2058 2469 2201 2507 attingunt
2214 2470 2252 2498 ad
2265 2469 2471 2507 perfectionem
2487 2476 2624 2507 nanu-ae3

1565 2518 1634 2546 ergo
1648 2515 1691 2537 est
1704 2509 1814 2546 primus
1828 2509 1987 2537 secundum
2001 2515 2120 2538 naturae
2134 2508 2348 2546 perfectionem.
2362 2526 2382 2531 —
2400 2518 2443 2538 10.
2458 2510 2626 2539 Secundum

1565 2555 1679 2577 motum
1699 2549 1821 2577 localem
1847 2549 1942 2577 solum
1962 2549 2033 2576 nihil
2053 2555 2219 2577 removetur
2232 2549 2313 2586 quod
2333 2549 2400 2577 insit
2417 2549 2546 2578 subiecto
2558 2558 2625 2579 mo-

1564 2588 1627 2623 bili3
1649 2597 1718 2625 ergo
1732 2588 1793 2625 ipse
1807 2594 1850 2616 est
1863 2588 1987 2616 maxime
2001 2588 2141 2625 perfectus
2155 2587 2229 2617 inter
2242 2597 2356 2617 omnes.
2378 2605 2397 2610 —
2416 2598 2460 2617 11.
2482 2589 2628 2618 Probatur

1565 2628 1650 2656 tertio
1671 2634 1784 2656 motum
1805 2628 1926 2656 localem
1954 2637 2015 2656 esse
2043 2627 2172 2664 primum'
2192 2637 2226 2656 ex
2248 2635 2329 2665 parte
2350 2628 2475 2657 mobilis.
2503 2629 2625 2658 Movem

1565 2667 1690 2704 seipsum
1712 2674 1755 2696 est
1774 2667 1901 2704 primum
1915 2667 2002 2697 inter
2027 2667 2127 2696 omnia
2147 2677 2221 2704 quae
2242 2674 2409 2703 moventur3
2437 2677 2505 2706 ergo
2526 2673 2625 2698 motus

1564 2707 1678 2743 localis,
1701 2707 1751 2744 qui
1772 2713 1814 2736 est
1835 2707 1861 2736 ei
1881 2707 2029 2744 proprius,
2051 2713 2094 2736 est
2114 2707 2224 2744 primus
2245 2707 2319 2736 inter
2339 2716 2442 2736 omnes
2463 2713 2570 2737 motus.

1561 2825 1745 2875 principio
1765 2825 1942 2875 incipere,
1962 2833 2003 2863 ut
2021 2826 2160 2863 scilicet
2185 2826 2469 2864 consideremus
2495 2833 2623 2864 utrum

1563 2879 1608 2916 sit
1636 2878 1769 2927 aliquis
1797 2887 1935 2927 motus,
1955 2891 2072 2928 quem
2101 2879 2291 2927 contingat
2318 2891 2399 2916 esse
2431 2878 2471 2916 in
2498 2878 2622 2917 infini-

1562 2939 1643 2969 tum
1671 2931 1915 2969 continuum:
1940 2939 1977 2969 et
2004 2932 2035 2969 si
2064 2931 2254 2980 contingat
2280 2931 2445 2980 aliquem
2472 2937 2622 2970 motum

1562 2985 1675 3022 talem
1704 2996 1796 3031 esse,
1818 2984 1901 3034 quis
1921 2992 1976 3021 est
2002 2984 2075 3032 hic,
2097 2992 2134 3022 et
2152 2984 2236 3033 quis
2260 2991 2315 3022 est
2333 2983 2447 3021 etiam
2473 2984 2622 3034 primus

1562 3044 1735 3074 motuum
1756 3038 1786 3074 *.
1804 3037 1853 3074 Et
1871 3049 1918 3074 ne
1939 3037 2071 3085 aliquis
2089 3044 2238 3086 putaret
2255 3035 2371 3074 alium
2392 3049 2474 3074 esse
2503 3049 2619 3086 quem
2647 3046 2657 3056 ·

1564 3089 1743 3137 contingit
1770 3102 1852 3127 esse
1881 3089 2115 3137 continuum,
2141 3097 2176 3126 et
2203 3089 2268 3138 qui
2296 3097 2351 3126 est
2377 3089 2541 3138 primus,
2571 3091 2621 3128 ad

1562 3143 1637 3180 hoc
1652 3142 1931 3180 excludendum
1946 3142 2136 3190 subiungit
2150 3141 2391 3179 manifestum
2406 3155 2488 3180 esse
2503 3144 2619 3192 quod,

1564 3207 1652 3232 curn
1672 3195 1927 3232 necessarium
1947 3195 1993 3232 sit
2011 3202 2161 3232 motum
2176 3206 2328 3244 semper
2348 3207 2442 3243 esse,
2459 3202 2496 3232 et
2514 3196 2620 3244 quod

1562 3247 1709 3297 primus
1724 3255 1779 3285 est
1792 3247 1830 3285 in
1845 3247 2117 3297 sempiternum
2137 3247 2352 3296 continuus,
2372 3255 2528 3297 propter
2545 3249 2621 3285 hoc

1563 3300 1668 3350 quod
1684 3307 1858 3338 causatur
1872 3313 1894 3338 a
1906 3301 2030 3350 primo
2046 3307 2226 3338 movente
2241 3300 2443 3348 immobili3
2464 3313 2620 3338 necesse

1566 3360 1620 3390 est
1648 3353 1752 3402 quod
1780 3353 1826 3390 sit
1852 3365 1951 3391 unus
1971 3360 2008 3390 et
2025 3353 2128 3390 idem
2151 3360 2278 3391 motus
2298 3365 2414 3402 quem
2442 3353 2621 3402 contingit

1566 3417 1647 3443 esse
1667 3405 1706 3443 in
1725 3405 1996 3455 sempiternum
2011 3405 2244 3454 continuum,
2261 3412 2298 3443 et
2311 3405 2376 3454 qui
2392 3413 2448 3443 est
2459 3406 2618 3455 primus.

511 3566 538 3600 α)
558 3567 615 3599 quis
629 3568 662 3593 sit
677 3568 781 3599 primus
801 3571 893 3594 motus.
908 3582 925 3588 -
939 3569 989 3593 Pro
1007 3569 1072 3601 quis,
1092 3569 1163 3602 quod
1181 3569 1204 3594 Τ
1222 3577 1274 3594 non
1293 3570 1366 3601 bene,
1381 3569 1446 3602 quid
1458 3575 1507 3596 cet.
1525 3577 1578 3595 exc.
1597 3570 1650 3596 ΗΖ.
1663 3583 1682 3589 -
1696 3570 1758 3596 Post
1776 3570 1820 3596 lin.
1839 3578 1886 3603 pro
1903 3570 1970 3603 quis,
1989 3570 2054 3604 quid
2072 3571 2146 3596 codd.
2165 3578 2218 3596 exc.
2239 3570 2353 3602 QZsCH.

2892 180 2898 226 l

2892 226 2898 291 ἐ

2891 295 2898 330 i

2659 862 2668 872 '
2682 861 2750 886 Text.
2764 863 2800 891 58.

2656 1254 2668 1266 ’
2681 1253 2749 1278 Text.
2762 1261 2801 1284 59.

2655 1473 2667 1483 ·
2679 1471 2748 1495 Tm.
2761 1472 2803 1496 6ο.
2887 1470 2898 1505 Ξ

2887 1510 2898 1534 Ξ

2886 1544 2898 1609 ἑ

2657 1647 2667 1658 ·
2681 1645 2749 1670 Ten.
2763 1647 2799 1671 δι.
2888 1624 2898 1685 ,ἶ

2886 1691 2898 1714 i

2884 1727 2895 1755 ξ’

2884 1772 2895 1810 ἒ,

2884 1821 2898 1861 {t}
