2982 4022
488 315 535 351 36

1123 309 1469 347 PHYSICORUM
1496 309 1846 347 ARISTOTELIS
1876 309 1970 345 LIB.
2002 310 2028 346 Ι.

1157 568 1460 626 LECTIO
1497 569 1929 625 UNDECIMA

774 744 879 776 TRIA
901 742 1054 775 RERUM
1076 739 1367 772 NATURALIUM
1390 738 1603 770 PRINCIPlA
1625 738 1746 778 ESSE,
1769 738 1862 770 NON
1884 737 2107 770 PAUCIORA
2129 738 2216 770 NEC
2239 739 2383 770 PLURA

481 904 663 952 Ἐχόμενον
680 897 708 933 δ’
732 900 770 933 ἂν
789 902 838 938 εἴη
855 898 965 946 λέγειν
991 897 1133 940 πότερον
1156 891 1216 928 δύο
1234 894 1255 932 ἦ
1272 899 1358 940 τρεῖς
1377 894 1398 933 ἦ
1417 897 1551 933 πλείους

571 949 578 960 .

486 951 659 1036 Μίαῗῗιξὲν
684 990 748 1038 γαρ
775 989 838 1035 οὐχ
864 987 987 1028 οἷόντε,
1015 986 1068 1019 ὅτι
1093 986 1158 1030 οὐχ
1181 985 1214 1017 ἓν
1240 984 1282 1016 τὸ
1307 984 1478 1024 ἐναντίον,

489 1083 644 1124 ἀπείρους
671 1074 721 1119 δέ,
749 1077 802 1110 ὅτι
828 1077 888 1109 οὐκ
913 1074 1099 1112 ἐπιστητὸν
1125 1073 1166 1107 τό
1192 1071 1226 1105 ὃν
1252 1072 1364 1105 ἔσται·

487 1129 549 1172 μία
574 1138 612 1158 τε
638 1125 831 1159 ἐναντίωσις
857 1122 889 1153 ὲν
915 1121 1021 1152 παντὶ
1045 1118 1134 1166 γένει
1159 1118 1219 1159 ἑνί,
1246 1118 1266 1154 ἡ
1292 1111 1319 1148 δ’
1349 1116 1448 1148 οὐσία
1467 1114 1499 1148 ἕν
1518 1127 1551 1148 τι

555 1168 664 1216 γένος·

487 1216 545 1247 καὶ
573 1213 624 1246 ὅτι
651 1206 828 1257 ἐνδέχεται
855 1206 891 1241 ἐκ
917 1205 1191 1252 πεπερασμένων.
1217 1205 1356 1238 Βέλτιον
1381 1199 1411 1235 δ’
1433 1205 1469 1237 ἐκ
1494 1216 1551 1236 πε-

555 1255 796 1311 περασμένων,
833 1252 942 1295 ὥσπερ
971 1246 1231 1295 Ἐμπεδοκλῆς,
1267 1248 1288 1287 ἦ
1322 1249 1357 1290 ἐξ
1391 1249 1550 1304 ἀπείρων·

556 1313 674 1335 παντα
690 1300 755 1347 γοὶρ
783 1293 987 1332 ἀποδιδόναι
1011 1298 1135 1337 οἴεται,
1155 1294 1218 1327 ὅσα
1236 1306 1296 1339 περ
1315 1293 1551 1339 Ἀναξαγορας

556 1347 592 1379 ἐκ
617 1346 682 1379 τῶν
710 1345 868 1387 ἀπείρων.

481 1392 557 1424 Ἔτι
582 1386 619 1422 δὲ
645 1390 737 1423 ἐστὶν
765 1388 855 1421 ἄλλα
874 1387 984 1419 ἄλλων
1002 1384 1152 1429 πρότερα
1171 1383 1325 1423 ἐναντία,
1343 1384 1401 1414 καὶ
1418 1384 1553 1427 γίνεται

556 1434 656 1479 ἕτερα
682 1433 715 1466 ἐζ
744 1434 865 1472 ἄλλων,
894 1431 962 1463 οἷον
986 1429 1091 1476 γλυκύ
1116 1429 1174 1460 καὶ
1200 1426 1329 1470 πικρόν,
1352 1428 1409 1458 καὶ
1434 1425 1551 1457 λευκὸν

554 1481 613 1512 καὶ
637 1462 768 1523 μέλῖιν,
795 1476 858 1514 τας
883 1471 913 1507 δ’
945 1474 1049 1520 ἀρχάς
1081 1473 1133 1505 ἀεὶ
1157 1467 1210 1503 δεῖ
1239 1471 1362 1515 μένειν.
1392 1468 1468 1503 ’Ότι
1492 1469 1551 1513 μὲν

557 1523 613 1557 οὖν
639 1523 718 1556 οὔτε
743 1524 804 1565 μία
830 1520 909 1552 οὔτε
937 1518 1081 1563 ἄπειροι,
1107 1512 1211 1553 δῆλον
1238 1516 1273 1548 ἐκ
1298 1515 1446 1547 τοῦτων·

490 1611 565 1643 ἐπεὶ
589 1604 626 1640 δὲ
652 1603 919 1648 πεπερασμέναι,
939 1601 980 1633 τὸ
998 1600 1044 1643 μή
1063 1603 1170 1632 ποιεῖν
1188 1595 1248 1630 δύο
1267 1598 1366 1641 μόνον
1385 1597 1456 1641 ἔχει
1474 1596 1554 1629 τινα

554 1653 669 1699 λόγον.
691 1637 890 1692 Ἀπορήσειε
915 1646 979 1692 γοίρ
1007 1645 1045 1677 ἄν
1065 1644 1200 1697 τιςὶπῶγς
1220 1641 1240 1679 ἦ
1259 1641 1467 1698 ἢῐπυκνότης
1488 1640 1551 1678 τήν

555 1697 740 1743 μανότητα
765 1697 870 1726 ποιεῖν
889 1702 923 1724 τι
941 1689 1083 1733 πέφυκεν
1102 1689 1123 1724 ἦ
1143 1688 1231 1724 αὐτη
1250 1699 1314 1724 την
1337 1697 1551 1741 πυκνότητα,

551 1744 690 1778 Ὀαοίως
716 1735 753 1771 δὲ
776 1739 834 1769 καὶ
855 1737 938 1772 ἄλλη
959 1734 1123 1766 ὁποιαοῦν
1149 1731 1362 1769 ἐναντιότης·
1390 1743 1428 1762 ου
1448 1731 1512 1776 γοὶρ
1531 1743 1552 1767 η

555 1771 649 1830 φιλία
675 1783 715 1817 τὸ
741 1787 846 1818 νεῖκος
871 1778 1008 1825 συνοίγει
1031 1779 1090 1810 καὶ
1115 1781 1206 1809 ποιεῖ
1227 1788 1260 1808 τι
1279 1776 1312 1817 ἐξ
1332 1775 1455 1816 αὐτοῦ,
1475 1770 1555 1807 οὐδὲ

557 1831 598 1864 τό
622 1834 728 1866 νεῖκος
753 1827 788 1867 ἐξ
813 1827 960 1864 ἐκείνης,
989 1821 1058 1856 ἀλλ’
1089 1821 1184 1866 ἄμφω
1218 1820 1330 1865 ἕτερόν
1357 1831 1391 1852 τι
1423 1822 1551 1862 τρίτον.

548 1877 653 1907 Ἔνιοι
677 1870 715 1905 δὲ
739 1874 796 1903 καὶ
822 1872 925 1902 πλείω
953 1866 1184 1911 λαμβάνουσιν
1211 1866 1245 1906 ἐξ
1270 1865 1312 1897 ὦν
1337 1862 1554 1896 κατασκευαί-

556 1921 650 1963 ζουσι
674 1917 738 1953 τῆν
764 1915 830 1947 τῶν
857 1914 962 1946 ὄντων
988 1910 1094 1956 φύσιν.

489 2002 570 2047 Πρὸς
594 1995 632 2031 δὲ
658 1997 793 2033 τούτοις
821 1994 872 2027 ἔτι
895 1992 959 2025 κᾶν
985 1987 1065 2024 τόδε
1083 2003 1134 2029 τις
1156 1989 1369 2034 ἀπορήσειεν,
1388 1990 1416 2021 εἰ
1433 1988 1481 2031 μή
1502 2000 1552 2026 τις

558 2043 677 2088 ἑτέραν
703 2039 883 2077 ὑποτίθησι
908 2042 979 2075 τοῖς
1005 2038 1168 2073 ἐναντίοις
1195 2034 1304 2078 φύσιν·
1333 2034 1464 2070 οὐθενὸς
1489 2034 1553 2079 γάρ

558 2090 681 2134 ὁρῶμεν
707 2087 774 2118 τῶν
801 2083 906 2116 ὅντων
932 2082 1048 2114 οὐσίαν
1074 2079 1258 2114 τάναντία.
1295 2079 1361 2115 Τήν
1387 2075 1415 2110 δ’
1446 2078 1553 2123 ἀρχὴν

558 2135 595 2166 οὐ
619 2131 691 2163 καθ’
721 2127 941 2170 ὑποκειμένου
966 2122 1018 2158 δεῖ
1039 2125 1198 2172 λέγεσθαί
1223 2135 1326 2161 τινος.
1345 2124 1470 2156 Ἔσται
1489 2123 1554 2169 γάρ

559 2176 646 2223 ἀρχὴ
671 2176 735 2212 τῆς
762 2173 878 2219 ἀρχῆς·
900 2171 941 2204 τό
959 2171 1022 2217 γοὶρ
1042 2172 1259 2213 ύποκείμενον
1280 2167 1381 2214 ἀρχῆ,
1400 2171 1458 2200 καὶ
1476 2167 1554 2213 πρό-

560 2233 654 2266 τερον
681 2217 773 2252 δοκεῖ
796 2218 858 2250 τοῦ
883 2214 1179 2261 κατηγορουμένου
1206 2211 1302 2266 εἶναι’.
1436 2258 1453 2265 ..
1523 2254 1536 2268 τ

483 2270 581 2307 Ἔτι,
609 2266 668 2297 οὐκ
694 2261 777 2296 εἷναί
803 2273 910 2305 φαμεν
938 2259 1052 2292 οὐσίαν
1079 2260 1237 2292 ἐναντίαν
1264 2259 1376 2297 ουσία·
1404 2269 1472 2294 πως
1497 2267 1554 2310 ουν

560 2312 595 2344 ὲκ
619 2309 666 2354 μή
692 2308 809 2340 οὐσιῶν
836 2307 935 2338 οὐσία
962 2305 1000 2337 ἂν
1027 2307 1096 2344 εἴης
1124 2302 1145 2340 ’ἦ
1171 2304 1239 2340 πῶς
1265 2301 1303 2334 ἂν
1323 2301 1491 2345 πρότερον
1507 2313 1554 2344 μη

560 2356 657 2388 οὐσία
684 2350 798 2389 οὐσίας
824 2353 895 2390 εἴης
1211 2353 1215 2356 ”
1486 2386 1500 2399 ἵ

493 2400 613 2443 Διόπερ
644 2400 673 2430 εἴ
697 2410 747 2435 τις
775 2395 834 2428 τόν
867 2407 904 2426 τε
938 2392 1100 2437 πρότερον
1135 2389 1244 2428 ἀληθῆ
1277 2392 1439 2434 νομίσειεν
1469 2401 1556 2443 εἰναι

557 2445 659 2489 λόγον
683 2443 741 2474 καὶ
773 2440 921 2480 τοῦτον,
950 2437 1159 2483 ἀναγκαῖον,
1186 2435 1213 2467 εἱ
1239 2433 1352 2478 μέλλει
1377 2430 1555 2465 διασωσειν

561 2485 767 2531 ἀμφοτέρους
800 2482 948 2525 αὐτούς,
983 2481 1181 2514 ὑποτιθέναι
1211 2491 1245 2511 τι
1278 2481 1413 2522 τρίτον,
1446 2477 1554 2523 ὥσπερ

560 2517 656 2578 φασὶν
684 2534 712 2562 οἱ
739 2533 817 2574 μίαν
851 2528 930 2560 τινα
960 2527 1054 2561 (ου’σιν
1087 2523 1172 2557 εἶναι
1201 2523 1359 2570 λέγοντες
1393 2522 1434 2555 τό
1465 2523 1553 2563 πᾶν,

561 2579 628 2609 οἷον
655 2572 739 2619 ὕδωρ
766 2573 785 2609 ἦ
813 2574 876 2616 πῦρ
903 2571 922 2607 ἦ
949 2565 989 2605 τὰ
1015 2570 1146 2615 μεταξύ
1166 2568 1310 2602 τούτων.
1339 2570 1436 2599 Δοκεῖ
1458 2563 1496 2599 δέ
1515 2567 1556 2599 τὸ

560 2621 691 2665 μεταξύ
725 2619 868 2662 μᾶλλον·
902 2618 966 2659 πῦρ
996 2618 1060 2662 γαρ
1090 2611 1133 2651 δή
1159 2615 1217 2645 καὶ
1241 2614 1286 2659 γῆ
1310 2611 1466 2664 καὶ’ἀηρ
1497 2613 1555 2642 καὶ

560 2661 645 2708 ὕδωρ
671 2664 740 2695 μετ’
775 2660 1027 2698 ἑναντιοτῆτων
1059 2657 1348 2703 συμπεπλεγμένα
1377 2658 1463 2688 εστί.
1500 2655 1557 2687 Διὸ

560 2711 620 2742 οὐκ
646 2695 775 2753 ἀλόγως
803 2707 954 2738 ποιοῦσιν
981 2701 1010 2737 οἷ
1036 2705 1077 2737 τὸ
1103 2705 1321 2745 1ὅποκείμενον
1347 2700 1460 2743 ἕτερον
1479 2699 1559 2752 τού-

561 2767 626 2787 των
659 2753 855 2792 ποιοῦντες,
883 2752 948 2784 τῶν
981 2745 1010 2781 δ’
1041 2750 1149 2781 ἄλλων
1176 2749 1204 2778 οἱ
1232 2744 1327 2789 ἀέρα·
1359 2746 1431 2797 καὶν
1450 2756 1514 2789 γαρ
1535 2745 1557 2798 '6

561 2798 624 2843 ἀήρ
650 2797 776 2834 ἥκιστα
798 2795 868 2838 ἔχει
886 2796 952 2827 τῶν
973 2795 1082 2826 ἄλλων
1100 2789 1263 2836 διαφοράς
1283 2788 1463 2826 αἰσθητας·
1483 2789 1558 2834 ἐχο-

561 2854 658 2887 μενον
683 2837 721 2873 δὲ
746 2840 787 2873 τὸ
814 2836 912 2883 ὕδωρ.

485 2887 597 2919 Ἀλλοὶ
621 2885 747 2922 πάντες
773 2897 811 2930 γε
837 2884 878 2916 τὸ
903 2884 935 2915 ἓν
961 2882 1068 2915 rotato
1095 2885 1165 2918 τοῖς
1198 2880 1361 2915 ἐναντίοις
1387 2878 1559 2922 σχηματί-

561 2933 685 2974 ζουσιν,
706 2931 773 2961 οἷον
799 2928 989 2964 πυκνότητι
1012 2927 1069 2957 καὶ
1095 2923 1267 2971 μανότητι
1288 2925 1344 2955 καὶ
1363 2925 1410 2963 τῷ·
1429 2923 1557 2966 μᾶλλον

561 2977 618 3008 καὶ
643 2974 764 3012 ἧττον.
798 2974 921 3005 Ταῦτα
946 2967 974 3003 δ’
996 2971 1087 3002 ἐστὶν
1115 2969 1195 3006 ὅλως
1223 2967 1372 3013 ὑπεροχή
1397 2964 1558 3004 δηλονότι

561 3022 620 3052 καὶ
645 3017 799 3061 ἔλλειψις,
818 3017 927 3060 ὥσπερ
953 3018 1084 3059 εἴρηται
1102 3014 1276 3059 πρότερον.
1303 3014 1369 3044 Καὶ
1388 3013 1474 3045 ἔοικε
1493 3023 1558 3044 πα-

560 3065 646 3096 λαιοὶ
669 3061 753 3094 εἶναι
778 3064 834 3094 καὶ
862 3061 950 3098 αὕτη
973 3062 993 3097 ἡ
1014 3056 1114 3100 δόξα,
1137 3058 1190 3092 ὅτι
1209 3058 1249 3090 τό
1268 3058 1299 3089 ἓν
1323 3058 1381 3088 καὶ
1407 3055 1558 3101 ὑπεροχή

562 3111 618 3140 καὶ
646 3105 785 3150 ἔλλειψις
814 3107 916 3150 ἀρχαὶ
935 3106 1000 3138 τῶν
1028 3105 1132 3137 ὄντων
1159 3103 1233 3143 εἰσί,
1254 3101 1342 3138 πλήν
1362 3101 1399 3133 οὑ
1423 3100 1482 3134 τὸν
1501 3101 1560 3133 αὖ·

565 3152 623 3184 τὸν
649 3150 789 3196 τρόπον,
811 3151 878 3183 ἀλλ’
907 3152 936 3182 οἱ
962 3149 1020 3192 μὲν
1048 3149 1184 3193 ἀρχαῖοι
1210 3147 1257 3179 τοὶ
1281 3142 1341 3178 δύο
1359 3146 1418 3190 μὲν
1438 3149 1557 3186 ποιεῖν,

565 3197 605 3229 τὸ
630 3191 667 3227 δὲ
692 3196 723 3227 ἓν
751 3194 907 3240 πάσχειν,
929 3195 993 3226 τῶν
1019 3189 1055 3225 δὲ
1082 3193 1219 3237 ὕστερον
1245 3191 1332 3228 τινὲς
1357 3191 1558 3223 τούναντίον

565 3241 606 3272 τὸ
632 3239 690 3283 μὲν
716 3240 748 3271 ἓν
775 3243 896 3280 ποιεῖν,
920 3238 967 3270 τοὶ
991 3233 1028 3270 δὲ
1053 3233 1113 3270 δύο
1140 3237 1283 3282 πάσχειν
1310 3237 1389 3280 φασὶ
1415 3236 1556 3279 μᾶλλον.

566 3285 610 3316 Τὸ
635 3284 693 3328 μὲν
720 3282 776 3316 οὖν
803 3286 880 3328 τρία
905 3282 1009 3326 φοίναι
1031 3283 1079 3315 τοὶ
1096 3286 1252 3327 στοιχεῖα
1271 3277 1355 3312 εἶναι
1374 3281 1409 3312 ἔκ
1427 3292 1464 3312 τε
1483 3278 1560 3310 τού-

567 3340 633 3359 των
657 3330 713 3359 καὶ
741 3327 776 3361 ἐκ
802 3327 966 3360 τοιούτων
995 3327 1104 3359 ἄλλων
1130 3325 1351 3359 ἐπισκοποῦσι
1375 3320 1500 3365 δόξειεν
1521 3321 1559 3356 ἂν

568 3373 654 3416 ἔχειν
681 3374 759 3405 τινα
780 3372 896 3417 λόγον,
923 3371 1031 3415 ὥσπερ
1057 3374 1211 3415 εἴπομεν,

569 3411 605 3447 δὲ
631 3418 732 3447 πλείω
765 3419 862 3459 τριῶν
897 3415 1022 3449 οὐκέτι·
1051 3415 1130 3458 πρὸς
1163 3415 1222 3460 μὲν
1247 3413 1311 3459 γαρ
1342 3412 1382 3444 τὸ
1415 3410 1560 3455 πάσχειν

571 3460 683 3491 ἱκανὸν
709 3462 749 3493 τὸ
776 3460 828 3498 ἐ’ν,
862 3462 889 3492 εὶ
914 3456 951 3492 δὲ
984 3459 1162 3502 τεττάρων
1194 3458 1298 3491 ὄντων
1331 3452 1391 3488 δύο
1423 3456 1561 3488 ἔσονται

572 3502 794 3543 ἐναντιώσεις,
813 3501 927 3541 δεήσει
951 3507 1048 3550 γωρὶς
1068 3503 1232 3547 ἑκατέρας
1253 3499 1415 3545 ὑπάρχειν
1442 3499 1560 3544 ἑτέραν

572 3546 650 3578 τινα
673 3548 802 3588 μεταξύ
828 3549 935 3592 φύσιν·
960 3543 987 3580 εἰ
1012 3544 1042 3580 δ’
1070 3548 1103 3588 ἐξ
1125 3547 1280 3584 ἀλλήλων
1306 3540 1473 3576 δύνανται
1490 3555 1562 3590 γεν-

572 3591 631 3621 νᾶν
656 3585 715 3622 δύο
741 3590 855 3633 οὖσαι,
883 3595 1049 3638 περίεργος
1078 3591 1116 3625 div
1143 3593 1163 3629 ’ἡ
1191 3591 1291 3636 ἑτέρα
1316 3590 1383 3622 τῶν
1410 3586 1564 3621 ἐναντιώ-

574 3645 653 3664 σεων
681 3636 744 3670 εἴη.

504 3414 544 3445 τὸ

1604 897 1622 917 *
1637 896 1846 938 Consequens
1869 904 1977 929 autem
1999 899 2110 940 utique
2125 898 2182 930 erit
2204 898 2306 930 dicere
2322 906 2431 930 utrum
2454 899 2520 931 duo
2541 906 2596 932 aut
2613 901 2672 933 tn'a

1671 947 1727 972 aut
1750 941 1842 982 plura
1865 942 1938 973 sint.
2123 973 2126 978 ,

1604 985 1716 1017 Unum
1746 986 1877 1026 quidem
1899 986 1986 1017 enim
2018 986 2215 1028 impossibile
2238 995 2285 1019 est
2307 999 2393 1028 esse,
2417 989 2572 1031 quoniam
2604 999 2671 1020 non

1667 1039 1771 1060 unum
1794 1037 1957 1061 contraria.

1605 1072 1728 1104 lnfinita
1751 1080 1859 1105 autem
1882 1084 1960 1112 non,
1976 1075 2130 1115 quoniam
2153 1085 2258 1116 neque
2287 1076 2394 1108 scibile
2417 1077 2506 1118 quod
2529 1083 2576 1108 est
2603 1077 2670 1108 erit.

1604 1118 1645 1148 Et
1667 1124 1715 1148 est
1737 1127 1801 1148 una
1833 1119 2033 1149 contrarietas
2056 1119 2089 1149 in
2117 1119 2207 1150 omni
2239 1129 2351 1160 genere
2383 1128 2468 1152 uno:
2499 1121 2673 1155 substantia

1671 1169 1780 1192 autem
1802 1172 1906 1193 unum
1929 1163 2095 1204 quoddam
2117 1173 2217 1204 genus
2241 1171 2298 1195 est.

2698 911 2707 921 '
2723 910 2781 938 Cap.
2795 916 2826 934 vr.
2841 910 2898 940 εις.

2695 939 2753 959 text.
2767 943 2804 965 ⁵⁰·

1605 1205 1646 1236 Et
1668 1206 1757 1247 quod
1781 1206 1935 1246 contingit
1958 1217 1995 1237 ex
2017 1206 2124 1246 finitis,
2142 1207 2256 1238 melius
2279 1217 2316 1238 ex
2333 1207 2440 1247 finitis,
2464 1207 2674 1250 qu'emadmo-
2702 1231 2706 1235 .

1672 1250 1751 1280 dum
1773 1250 1996 1290 Empedocles,
2013 1261 2112 1291 quam
2135 1261 2171 1282 ex
2189 1251 2328 1282 infinitis.
2346 1251 2465 1283 Omnia
2482 1262 2621 1294 namque
2637 1262 2675 1283 ex

1671 1293 1767 1325 finitis
1791 1294 1947 1335 assignare
1975 1295 2142 1335 opinatur,
2167 1296 2442 1336 quemadmodum
2472 1299 2674 1338 Anaxagoras

1674 1348 1710 1368 ex
1733 1337 1873 1369 infinitis.

1605 1382 1765 1422 Amplius,
1781 1389 1855 1413 sunt
1877 1382 1937 1412 alia
1960 1382 2028 1413 aliis
2051 1383 2156 1423 priora
2177 1383 2342 1415 contraria.
2359 1385 2401 1415 Et
2422 1384 2504 1416 fiunt
2525 1385 2622 1417 altera
2637 1395 2675 1416 ex

1673 1426 1838 1464 alterutris,
1851 1432 1887 1456 ut
1903 1426 1995 1457 dulce
2007 1433 2037 1457 et
2052 1437 2207 1466 amarum,
2220 1434 2251 1458 et
2266 1427 2375 1459 album
2387 1435 2418 1460 et
2431 1429 2573 1469 nigrum:
2589 1429 2674 1470 prin-

1674 1469 1754 1510 cipia
1770 1476 1877 1500 autem
1892 1480 2015 1511 semper
2034 1477 2160 1511 oportet
2174 1481 2311 1503 manere.
2322 1472 2339 1492 *
2356 1472 2454 1510 Quod
2473 1473 2604 1514 quidem
2617 1473 2674 1514 igi-
2699 1486 2708 1496 ·

1672 1521 1725 1544 tur
1747 1523 1851 1555 neque
1874 1524 1979 1545 unum
1999 1524 2104 1556 neque
2126 1515 2249 1547 infinita
2281 1523 2373 1556 sunt,
2398 1517 2606 1549 manifestum
2628 1524 2676 1549 est

1673 1568 1711 1588 ex
1733 1558 1792 1589 his.

1607 1602 1771 1640 Quoniam
1794 1609 1902 1633 autem
1924 1601 2030 1642 finita,
2056 1603 2157 1634 facere
2180 1604 2246 1635 duo
2269 1611 2395 1636 tantum
2411 1606 2463 1637 vel
2485 1616 2551 1637 non
2575 1606 2676 1638 facere

1673 1647 1740 1678 duo
1764 1653 1889 1677 tantum
1919 1646 2015 1678 habet
2046 1648 2208 1688 quandam
2235 1649 2401 1682 rationem.
2425 1650 2558 1682 Deficiet
2585 1650 2676 1682 enim

1673 1690 1787 1731 aliquis
1816 1690 1950 1731 qualiter
1980 1691 2116 1722 densitas
2139 1692 2297 1724 raritatem
2327 1693 2427 1725 facere
2455 1694 2575 1736 aliquid
2603 1702 2677 1736 apta

1674 1741 1747 1765 nata
1770 1735 1820 1773 sit,
1846 1741 1901 1766 aut
1922 1735 2000 1766 haec
2033 1735 2229 1768 densitatem.
2255 1737 2404 1769 Similiter
2426 1747 2534 1771 autem
2563 1746 2595 1772 et
2617 1739 2678 1771 alia

1674 1788 1895 1819 quaecumque
1919 1779 2139 1811 contrarietas:
2163 1790 2229 1812 non
2253 1782 2337 1812 enim
2361 1783 2530 1815 concordia
2559 1784 2676 1815 discor-

1674 1823 1759 1853 diam
1782 1823 1904 1854 inducit
1926 1830 1957 1854 et
1978 1823 2052 1854 facit
2075 1824 2196 1865 aliquid
2219 1836 2256 1856 ex
2278 1826 2362 1867 ipsa,
2385 1837 2490 1869 neque
2521 1827 2678 1860 discordia

1675 1877 1712 1898 ex
1734 1867 1804 1898 illa:
1821 1868 1876 1898 sed
1899 1874 2034 1908 utraque
2050 1868 2185 1900 alterurn
2207 1871 2360 1911 quiddam
2379 1872 2517 1903 tertium.
2535 1873 2678 1910 Quidam

1674 1918 1782 1942 autem
1798 1918 1828 1942 et
1847 1911 1939 1952 plura
1960 1912 2127 1953 recipiunt,
2155 1923 2193 1944 ex
2215 1915 2332 1955 quibus
2354 1923 2541 1957 praeparant
2564 1926 2676 1949 eorum

1674 1962 1832 1996 quaesunt
1854 1962 2009 1987 naturam.

1606 1999 1624 2019 *
1638 2000 1754 2030 Adhuc
1783 2006 1890 2030 autem
1919 2000 2054 2040 amplius
2078 2008 2108 2032 et
2132 2001 2170 2032 de
2193 2001 2255 2033 hoc
2284 2003 2396 2046 aliquis
2424 2005 2594 2044 dubitabit,
2617 2004 2678 2036 nisi
2701 2014 2711 2024 ·

1674 2043 1786 2084 aliquis
1811 2043 1941 2074 alteram
1964 2045 2168 2085 supposuerit
2191 2047 2353 2078 contrariis
2372 2054 2528 2080 naturam.
2547 2048 2676 2080 Nullius

1675 2087 1759 2118 enim
1782 2087 2062 2120 videmus-eorum
2085 2099 2166 2130 quae
2185 2098 2259 2122 sunt
2281 2092 2487 2123 substantiam
2511 2092 2676 2124 contraria.

1674 2132 1871 2172 Principium
1894 2139 2002 2164 autem
2025 2143 2092 2163 non
2108 2135 2146 2164 de
2165 2135 2309 2166 subiecto
2329 2143 2456 2176 oportet
2471 2137 2533 2167 dici
2551 2137 2676 2178 aliquo:

1676 2176 1732 2207 erit
1756 2176 1842 2206 enim
1865 2177 2058 2216 principium
2081 2178 2238 2219 principii.
2258 2179 2444 2211 Subiectum
2459 2181 2545 2212 enim
2562 2181 2677 2222 princi·

1675 2221 1779 2260 pium,
1800 2227 1830 2251 et
1853 2220 1940 2260 prius
1963 2220 2087 2252 videtur
2110 2232 2176 2252 esse
2200 2223 2390 2263 praedicato.

1609 2265 1770 2305 Amplius,
1787 2274 1854 2294 non
1869 2275 1936 2295 esse
1953 2264 2088 2296 dicimus
2107 2266 2316 2298 substantiam
2330 2268 2521 2300 contrariam
2535 2269 2679 2301 substan·

2723 1485 2792 1509 Text.
2806 1492 2842 1516 5¹.v

2726 2012 2797 2036 Text.
2809 2017 2844 2042 5²·

1675 2308 1747 2339 tiae.
1768 2308 1912 2345 Qualiter
1927 2308 2023 2349 igitur
2038 2319 2075 2340 ex
2093 2319 2160 2340 non
2179 2311 2360 2342 substantiis
2376 2313 2550 2344 substantia
2565 2313 2678 2355 utique
2703 2316 2707 2317 ⁷

1677 2350 1754 2383 erit?
1772 2355 1840 2383 Aut
1853 2353 2022 2393 quomodo
2038 2353 2126 2394 prius
2142 2364 2208 2385 non
2225 2355 2399 2387 substantia
2415 2357 2588 2388 substantia
2602 2355 2678 2389 erit?

1609 2397 1627 2416 *
1642 2397 1746 2435 Unde,
1762 2397 1787 2427 si
1803 2397 1916 2438 aliquis
1940 2397 2080 2437 priorem
2098 2408 2207 2429 veram
2229 2400 2354 2439 putabit
2375 2410 2443 2431 esse
2466 2401 2623 2432 rationem
2645 2407 2678 2433 et
2701 2413 2712 2423 ·

1676 2441 1769 2479 hanc,
1794 2441 2006 2471 necessarium
2029 2448 2086 2480 est,
2110 2442 2136 2472 si
2160 2442 2253 2473 debet
2275 2443 2394 2475 salvare
2416 2451 2567 2486 utrasque
2583 2445 2677 2477 ratio-

1677 2495 1745 2523 nes,
1769 2485 1898 2515 subesse
1921 2485 2086 2526 quoddam
2108 2486 2253 2525 tertium;
2272 2488 2549 2528 quemadmodum
2567 2489 2678 2521 dicunt

1677 2539 1775 2560 unam
1807 2529 1968 2570 quandam
2003 2536 2148 2560 naturam
2181 2530 2318 2562 dicentes
2348 2542 2462 2570 omne,
2490 2539 2527 2564 ut
2559 2542 2684 2574 aquam*

1677 2580 1732 2604 aut
1743 2573 1850 2613 ignem
1865 2580 1920 2604 aut
1933 2573 2076 2604 medium
2089 2574 2217 2605 horum.
2233 2574 2251 2594 *
2265 2575 2396 2606 Videtur
2410 2583 2518 2607 autem
2533 2577 2676 2608 medium

1679 2617 1788 2657 tnagis.
1824 2617 1906 2657 Ignis
1930 2617 2016 2648 enim
2039 2625 2070 2648 et
2092 2624 2172 2648 terra
2203 2625 2234 2650 et
2256 2629 2310 2649 aer
2331 2626 2362 2650 et
2384 2630 2466 2661 aqua
2497 2630 2571 2651 cum
2600 2631 2676 2652 con-

1678 2661 1885 2692 trarietatibus
1909 2662 2074 2701 complexa
2102 2659 2194 2693 suxit:
2219 2663 2304 2693 unde
2332 2674 2398 2694 non
2425 2664 2677 2696 irrationabiliter

1678 2705 1816 2743 faciunt,
1841 2705 2020 2736 subiectum
2043 2707 2178 2737 alterum
2202 2707 2240 2737 ab
2263 2707 2312 2738 his
2340 2708 2498 2739 facientes.
2527 2709 2676 2740 Aliorum

1678 2756 1786 2780 autem
1809 2749 1939 2790 quidam
1958 2758 2081 2781 aerem:
2106 2761 2157 2781 aer
2173 2750 2259 2781 enim
2277 2751 2410 2783 minime
2426 2752 2521 2783 habet
2539 2753 2676 2784 aliorum

1679 2793 1865 2824 differentias
1889 2794 2061 2825 sensibiles.
2085 2793 2326 2836 Consequenter
2347 2803 2455 2827 autem
2478 2806 2570 2838 aqua.

1611 2882 1629 2901 *
1645 2882 1706 2913 Sed
1726 2892 1838 2912 ornnes
1861 2892 1964 2913 unum
1987 2883 2049 2913 hoc
2065 2883 2227 2914 contrariis
2250 2883 2396 2924 figurant,
2411 2890 2448 2915 ut
2470 2884 2621 2916 densitate
2644 2885 2676 2916 et

1680 2927 1817 2965 raritate,
1835 2933 1864 2957 et
1879 2936 1917 2956 eo
1930 2927 2019 2967 quod
2031 2927 2134 2957 maius
2147 2934 2177 2958 et
2191 2928 2314 2958 minus:
2327 2928 2404 2959 haec
2416 2935 2524 2959 autern
2539 2929 2673 2960 omnino

1680 2978 1754 3001 sunt
1777 2971 1956 3001 excellentia
1978 2971 2122 3002 videlicet
2150 2977 2180 3002 et
2202 2971 2358 3010 defectus,
2381 2972 2463 3003 sicut
2485 2972 2606 3004 dictum
2629 2979 2675 3004 est

1679 3015 1777 3055 prius,
1802 3015 1843 3045 Et
1865 3015 1989 3045 videtur
2011 3015 2142 3055 antiqua
2172 3025 2238 3046 esse
2267 3015 2378 3056 opinio
2406 3016 2496 3056 quod
2519 3025 2622 3048 unum
2644 3023 2676 3048 et

1679 3059 1967 3099 superabundantia
1989 3065 2020 3090 et
2047 3059 2187 3090 defectus
2210 3059 2363 3100 principia
2389 3069 2496 3091 rerum
2518 3059 2596 3099 sint,
2619 3061 2676 3092 sed

1681 3113 1746 3133 non
1761 3103 1875 3133 eodem
1890 3102 2000 3133 modo:
2016 3103 2071 3133 sed
2089 3103 2210 3144 antiqui
2223 3104 2288 3134 duo
2303 3103 2434 3144 quidem
2448 3103 2560 3143 facere,
2572 3114 2676 3135 unum

1680 3153 1787 3178 autem
1810 3146 1894 3186 pati;
1925 3147 2138 3187 posteriorum
2168 3154 2275 3178 autem
2304 3147 2435 3188 quidam
2463 3149 2676 3188 contrarium,

1681 3201 1783 3222 unum
1819 3190 1949 3231 quidem
1977 3191 2099 3230 facere,
2125 3191 2189 3222 duo
2220 3202 2295 3222 vero
2327 3191 2392 3232 pati
2419 3192 2518 3232 magis
2555 3192 2675 3224 dicunt.

1680 3235 1697 3254 *
1709 3236 1783 3266 Tria
1800 3235 1929 3275 quidem
1945 3235 2039 3274 igitur
2054 3235 2154 3266 dicere
2171 3235 2324 3266 elementa
2339 3246 2416 3275 esse,
2430 3243 2460 3267 et
2474 3246 2511 3266 ex
2529 3236 2577 3267 his
2594 3243 2624 3267 et
2640 3246 2677 3267 ex

1681 3279 1866 3309 huiusmodi
1888 3278 1955 3309 aliis
1979 3279 2232 3317 intendentibus,
2252 3279 2407 3310 videbitur
2427 3280 2537 3321 utique
2562 3280 2676 3311 habere

1681 3324 1842 3363 quandam
1864 3323 2031 3362 rationem,
2056 3323 2137 3354 sicut
2159 3323 2304 3354 diximus.

1615 3411 1709 3441 Plura
1733 3418 1839 3442 autern
1862 3411 1961 3442 tribus
1985 3422 2051 3442 non
2080 3411 2235 3452 amplius:
2265 3412 2305 3442 ad
2332 3412 2518 3452 patiendum
2547 3411 2676 3453 quidem

1683 3457 1767 3486 enim
1792 3456 1948 3486 sufficiens
1972 3463 2018 3487 est
2041 3465 2154 3487 unum.
2172 3455 2204 3486 Si
2227 3462 2344 3495 autern,
2361 3463 2498 3497 quatuor
2522 3454 2675 3486 existenti-

1684 3501 1754 3539 bus,
1779 3501 1859 3531 duae
1876 3507 1966 3531 erunt
1985 3500 2227 3538 contrarietates,
2247 3500 2405 3540 oportebit
2421 3508 2564 3530 seorsum
2585 3498 2676 3529 utris-

1684 3555 1746 3586 que
1770 3555 1836 3575 esse
1865 3545 1993 3575 alteram
2023 3544 2183 3585 quandam
2214 3551 2368 3574 naturam.
2399 3543 2431 3574 Si
2454 3549 2560 3574 autem
2584 3552 2621 3573 ex
2643 3552 2676 3572 se

1684 3589 1819 3621 invicem
1843 3588 1980 3629 poterint
2003 3597 2159 3628 generare,
2184 3587 2286 3618 otiosa
2310 3587 2418 3628 utique
2442 3587 2536 3618 altera
2555 3593 2675 3617 contra-

1686 3633 1832 3664 rietatum
1856 3632 1921 3663 erit.

2725 2409 2882 2444 Texta*

2701 2589 2712 2599 ¹¹
2724 2576 2794 2612 Text.
2808 2594 2844 2619 54.

2699 2895 2711 2907 ·
2725 2894 2794 2919 Text.
2807 2901 2840 2925 55.

2701 3248 2713 3260 ⁸¹
2726 3247 2796 3270 Text.
2811 3227 2846 3276 ἑὸ.
