2950 4004
11 3856 47 3953 ,Ξ
68 3887 75 3895 .

1166 285 1276 322 CAP.
1307 287 1337 332 Ι,
1368 286 1517 323 LECT.
1548 289 1578 324 11

2387 305 2457 341 149

1009 490 1308 546 LECTIO
1348 491 1730 550 SECUNDA

738 649 817 681 SEX
840 649 1055 680 RATIONES
1079 624 1136 680 AD
1163 650 1488 683 OSTENDENDUM
1512 653 1633 690 QUOD
1658 655 1798 686 LOCUS
1820 657 1911 688 NON
1937 658 2003 688 SIT

284 796 330 830 Οὐ
382 798 420 835 ἣν
449 796 524 830 ἀλλ’
548 797 616 852 ἔχει
640 795 670 842 γ’
694 797 851 839 ἀπορίαν,
878 796 904 826 εὶ
931 796 1016 837 ἔστι,
1036 799 1069 829 τί
1091 795 1177 838 ἑστι,
1200 796 1343 841 πότερον

352 853 450 888 ογκος
466 853 517 879 τις
539 852 710 885 σωματος,
730 840 751 877 ἥ
769 852 818 877 τις
838 839 941 884 ἑτέρα
962 840 1068 884 φύσις·
1093 841 1263 883 ζητητέον
1280 843 1344 886 γοὶρ

352 887 394 919 τό
417 886 511 932 γένος
531 885 639 918 αὐτοῦ
665 886 812 927 πρῶτον.
850 885 1084 927 Διαστήματα
1109 885 1168 930 μὲν
1193 885 1251 917 οὖν
1274 888 1344 931 ἔχει

351 932 448 974 τρία,
479 930 583 973 μῆκος
615 931 673 960 καὶ
706 928 838 966 πλοίτος
870 930 928 960 καὶ
959 929 1079 971 βάθος,
1116 930 1161 967 οἷς
1195 931 1343 974 ὁρίζεται

350 975 447 1018 σῶμα
472 974 553 1006 πᾶν.
581 968 769 1005 Ἀδύνατον
794 967 832 1004 δὲ
856 973 954 1016 σῶμα
979 970 1064 1006 εἶναι
1089 974 1149 1006 τὸν
1171 973 1291 1007 τόπον·
1311 973 1342 1007 ἐν

351 1016 471 1059 ταύτῷ
496 1017 560 1064 γάρ
587 1016 625 1049 ὂὶν
651 1019 701 1054 εἴη
727 1011 788 1048 δύο
812 1016 972 1060 σώματα.

276 1104 354 1137 Ἔτι
379 1107 469 1150 εἴπερ
494 1103 569 1137 ἐστὶ
586 1103 744 1148 σώματος
765 1103 871 1141 τόπος
888 1106 946 1147 καὶ
964 1104 1071 1149 χώρα,
1090 1100 1193 1142 δῆλον
1217 1105 1270 1138 ὅτι
1287 1110 1343 1139 καὶ

350 1147 547 1193 ἐπιφανείας
571 1150 629 1180 καὶ
654 1149 723 1180 τῶν
749 1149 874 1180 λοιπῶν
908 1148 1079 1192 περάτων·
1106 1151 1122 1182 ό
1147 1150 1211 1196 γάρ
1238 1148 1343 1189 αὐτὸς

352 1194 488 1238 ἁρμόσει
503 1194 617 1239 λόγος·
642 1191 726 1224 ὅπου
742 1193 807 1238 γάρ
825 1191 864 1230 ἦν
883 1192 1043 1237 πρότερον
1066 1194 1115 1227 ταὶ
1134 1196 1197 1227 τοῦ
1216 1189 1342 1234 ὕδατος

351 1236 512 1278 ἐπίπεδα,
531 1238 628 1270 ἔσται
650 1236 752 1269 πάλιν
770 1237 818 1270 τοὶ
835 1237 896 1269 τοῦ
915 1235 1021 1282 ἀέρος.
1044 1237 1151 1271 Ἀλλοὶ
1167 1238 1231 1282 μὴν
1252 1235 1343 1272 οὐδε-

349 1284 429 1325 μίαν
456 1277 618 1326 διαφοροὶν
642 1280 761 1326 ἔχομεν
788 1282 947 1327 στιγμῆς,
965 1283 1023 1314 καὶ
1049 1283 1157 1315 τόπου
1182 1295 1238 1315 στι
1265 1285 1342 1328 μῆς·

349 1324 429 1359 ὥστ’
450 1327 477 1358 εἰ
494 1321 579 1370 μηδὲ
598 1327 729 1363 ταύτης
755 1324 869 1369 ἕτερόν
896 1324 986 1358 ἐστιν
1005 1328 1021 1358 ό
1039 1327 1160 1369 τόπος,
1180 1323 1257 1361 οὐδε
1278 1330 1343 1362 τῶν

351 1369 460 1402 ἄλλων
487 1369 639 1411 οὐθενός,
675 1364 744 1402 οὐδ’
775 1370 847 1403 ἔστι
871 1383 906 1403 τι
932 1371 1011 1415 παρ’
1039 1370 1184 1404 ἕκαστον
1210 1373 1343 1407 τούτων

352 1416 368 1446 ὀ
393 1414 513 1452 τόπος.
556 1449 558 1452 ,

283 1463 320 1492 Τί
344 1458 408 1505 γὰρ
436 1458 474 1491 ἄν
500 1470 585 1491 ποτε
609 1459 668 1489 καὶΙ
691 1456 822 1501 θείημεν
845 1455 930 1490 εἶναι
947 1459 1008 1491 τόν
1026 1458 1154 1500 τόπον;
1183 1461 1261 1494 οὔτε
1279 1462 1343 1507 γοὶρ

351 1507 520 1548 στοιχεῖον
556 1500 626 1534 οὔτ’
656 1500 691 1533 ἐκ
715 1505 891 1547 στοιχείων
927 1501 1030 1535 οἷόντ’
1058 1501 1143 1536 εἶναι
1175 1505 1342 1543 τοιαύτην

351 1547 478 1592 ἔχοντα
502 1545 596 1590 φύσιν
625 1546 703 1578 οὔτε
729 1547 793 1578 τῶν
827 1548 1028 1592 σωματικῶν
1056 1548 1134 1580 οὔτε
1159 1551 1226 1582 τῶν
1258 1548 1343 1582 ἀσω-

378 1592 482 1624 οίτων·
502 1589 642 1636 μέγεθος
666 1590 724 1633 μὲν
750 1590 815 1636 γάρ
841 1591 923 1636 ἔχει,
943 1592 1040 1635 σῶμα
1064 1588 1094 1623 δ’
1117 1590 1224 1626 οὐδέν.
1245 1595 1343 1626 Ἔστι

349 1603 387 1668 §e
403 1635 453 1668 τοὶ
468 1635 527 1679 μὲν
545 1635 611 1667 τῶν
634 1633 802 1670 αἰσθητῶν
821 1635 989 1678 σωμάτων
1007 1647 1082 1668 στοι
1111 1641 1164 1670 εἴα
1180 1637 1342 1682 σώματα,

351 1682 386 1713 ἐκ
411 1675 450 1711 δὲ
473 1679 538 1711 τῶν
564 1679 693 1715 νοητῶν
718 1673 815 1710 οὐδὲν
839 1682 971 1726 γίνεται
997 1649 1148 1726 μέγεέος.

276 1771 354 1803 Ἔτι
377 1763 496 1800 δὲκαὶ
520 1769 610 1804 τίνος
638 1765 676 1797 ἄν
702 1777 753 1804 τις
785 1765 853 1803 θείη
885 1771 956 1805 τοῖς
990 1765 1079 1799 οὖσιν
1115 1771 1224 1802 αἴτιον
1257 1767 1343 1801 εἶναι

349 1812 409 1846 τὸν
434 1810 561 1851 τόπον;
593 1806 736 1853 οὐδεμία
759 1811 823 1856 γάρ
851 1808 945 1853 αὐτῷ
981 1812 1125 1857 ύποίρχει
1151 1813 1250 1845 αἰτία
1275 1815 1341 1846 τῶν

349 1854 541 1900 τεττάρων·
569 1854 647 1886 οὔτε
672 1854 736 1900 γαρ
761 1857 803 1893 ὠς
829 1854 889 1892 ὕλη
915 1857 981 1888 τῶν
1009 1856 1113 1889 ὄντων
1140 1852 1257 1901 (οὐδὲν
1278 1858 1342 1905 γάρ

350 1899 385 1941 ἐξ
411 1899 521 1932 αὐτοῦ
546 1898 771 1942 συνέστηκεν)
797 1899 875 1932 οὔτε
901 1901 942 1937 ὠς
968 1896 1053 1938 εἶδος
1077 1902 1135 1933 καὶ
1158 1900 1259 1947 λόγος
1275 1903 1341 1935 τῶν

350 1943 576 1991 πραγμάτων,
605 1940 672 1975 οὔθ’
700 1944 742 1982 ὥς
766 1943 876 1985 τέλος,
906 1944 984 1977 οὔτε
1008 1949 1093 1977 κινεῖ
1115 1946 1163 1978 τοὶ
1186 1945 1284 1979 ὄντα.

275 2034 353 2067 Ἔτι
377 2031 414 2064 δὲ
438 2033 497 2063 καὶ
523 2028 628 2068 αὐτὸς
654 2032 681 2062 εἰ
707 2032 780 2064 ἔστι
805 2044 839 2064 τι
863 2033 930 2065 τῶν
950 2033 1069 2074 ὄντων,
1089 2035 1154 2066 ποῦ
1176 2033 1295 2074 ἔσται;
1321 2035 1342 2071 η’

348 2077 412 2123 γοὶρ
437 2076 587 2113 Ζήνωνος
614 2076 681 2107 ἀπο
704 2079 740 2108 ία,
763 2077 862 2119 ζητεῖ
885 2077 964 2109 τινοὶ
985 2077 1103 2123 λόγον·
1131 2079 1158 2109 εἰ
1183 2078 1247 2123 γάρ
1273 2079 1341 2111 πᾶν

350 2121 392 2153 τό
418 2119 452 2152 ὃν
479 2118 510 2152 ἐν
538 2119 654 2160 τόπῳ,
709 2121 788 2157 ἧλον
824 2120 877 2152 ὅτι
907 2123 965 2153 καὶ
998 2122 1060 2154 τοῦ
1093 2122 1202 2154 τόπου
1235 2121 1341 2160 τόπος

349 2165 463 2206 ἔσται,
488 2166 547 2195 καὶ
571 2165 679 2196 τοῦτο
704 2165 749 2201 εἰς
775 2165 910 2209 ἄπειρον
937 2165 1097 2210 πρόεισιν.

275 2210 372 2250 Ἔτι,
398 2208 510 2253 ὥσπερ
537 2207 629 2240 ἅπαν
663 2210 761 2253 σῶμα
786 2210 818 2241 ἐν
844 2209 959 2251 τόπῳ,
987 2209 1076 2242 οὕτω
1099 2211 1157 2241 καὶ
1184 2207 1215 2241 ἐν
1248 2210 1343 2251 τόπῳ

351 2253 482 2286 ἅπαντι
505 2254 618 2296 σῶμα·
645 2254 713 2291 πῶς
740 2251 795 2285 οὖν
821 2253 957 2297 ἐροῦμεν
975 2256 1047 2297 περὶ
1068 2255 1136 2286 τῶν
1156 2253 1345 2298 αὐξανομέ-

349 2308 431 2338 νων;
461 2296 591 2343 ἀνάγκη
616 2296 681 2341 γάρ
707 2296 742 2329 ἐκ.
767 2298 899 2330 τούτων
917 2298 1141 2339 συναύξεσθαι
1158 2298 1217 2331 τόν
1236 2298 1342 2330 τόπον

351 2341 482 2382 αὐτοῖς,
502 2342 529 2372 εἱ
551 2340 630 2385 μήτ’
654 2341 810 2374 ἒλοίττων
835 2342 923 2386 μήτε
949 2343 1067 2386 μείζων
1087 2344 1103 2374 ὀ
1120 2342 1227 2380 τόπος
1247 2342 1344 2374 ἑκάσ-

349 2397 423 2419 του.
451 2386 514 2417 Δια
537 2386 596 2429 μὲν
623 2383 679 2418 οὖν
705 2386 837 2419 τούτων
866 2385 902 2418 οὐ
928 2387 1027 2430 μόνον
1055 2389 1087 2420 τί
1118 2387 1227 2428 ἐστιν,
1256 2387 1345 2419 ἀλλὰ

347 2433 404 2462 καὶ
430 2431 457 2462 εἰ
483 2430 594 2470 ἔστιν,
623 2431 759 2475 ἀπορεῖν
787 2429 986 2478 ἀναγκαῖον.

341 2536 489 2564 ΒΥΝοΡεῐε.
507 2551 541 2555 —-
567 2544 590 2562 1.
612 2533 788 2570 Principium
809 2534 846 2561 ad
867 2533 1097 2570 investigandum
1128 2534 1164 2561 de
1185 2533 1283 2569 aliquo
1305 2542 1342 2561 an

281 2575 326 2611 sit,
341 2581 455 2611 oportet
476 2574 604 2610 accipere
619 2573 689 2610 quid
710 2573 755 2608 sit,
770 2573 870 2601 saltem
885 2573 954 2610 quid
969 2573 1143 2610 significetur
1157 2581 1208 2609 per
1221 2581 1339 2600 nomen.

280 2616 357 2652 Ergo
378 2614 464 2643 etiam
486 2620 604 2642 ostenso
626 2613 705 2650 quod
726 2613 806 2640 locus
828 2613 876 2648 sit,
899 2619 995 2640 manet
1018 2619 1116 2640 tamen
1143 2613 1237 2640 adhuc
1258 2612 1342 2639 dubi-

280 2655 351 2682 tatio
373 2654 443 2691 quid
457 2660 508 2688 est,
522 2662 559 2681 an
574 2653 666 2680 moles
682 2661 825 2688 corporea
845 2658 894 2680 aut
908 2652 1004 2688 aliqua
1018 2652 1073 2680 alia
1086 2658 1198 2680 natura.
1214 2667 1234 2672 —-
1244 2659 1271 2679 2.
1287 2652 1341 2679 Sex

281 2693 406 2722 rationes
421 2692 609 2729 disputativae
631 2692 668 2719 ad
689 2692 901 2719 ostendendum
922 2692 1018 2720 locum
1039 2701 1100 2719 non
1121 2700 1191 2719 esse.
1207 2707 1226 2712 -
1240 2691 1342 2718 Prima

282 2733 365 2760 ratio.
387 2732 418 2760 Si
438 2732 519 2760 locus
540 2738 582 2759 est
602 2731 724 2767 aliquid,
746 2737 861 2767 oportet
882 2731 961 2767 quod
983 2731 1018 2758 sit
1036 2740 1150 2766 corpus,
1173 2730 1240 2766 quia
1261 2731 1340 2758 locus

281 2772 368 2800 habet
389 2778 445 2800 tres
467 2770 671 2799 dimensiones.
694 2771 751 2798 Sed
771 2770 948 2806 impossibile
964 2777 1005 2798 est
1024 2770 1121 2798 locum
1143 2779 1205 2797 esse
1226 2779 1339 2806 corpus,

282 2811 350 2847 quia
359 2820 426 2839 cum
440 2811 521 2839 locus
536 2816 563 2838 et
577 2810 702 2838 locatum
713 2809 769 2837 sint
783 2809 877 2844 simul,
891 2816 1057 2846 sequeretur
1071 2810 1130 2837 duo
1147 2818 1269 2845 corpora
1279 2818 1340 2837 esse

281 2850 375 2886 simul,
391 2851 470 2887 quod
485 2856 527 2878 est
541 2848 754 2877 inconveniens.
770 2865 789 2870 -
805 2849 830 2876 3.
846 2849 978 2876 Secunda
998 2849 1080 2876 ratio.
1097 2848 1126 2876 Si
1141 2849 1221 2876 locus
1236 2858 1340 2884 corpo-

280 2890 319 2918 ris
340 2896 383 2918 est
402 2890 551 2926 quoddam
572 2889 783 2924 receptaculum
805 2887 934 2925 corporis
956 2888 1032 2916 aliud
1047 2897 1064 2916 a
1079 2897 1209 2924 corpore,
1226 2895 1340 2924 oportet

281 2930 361 2966 quod
382 2929 468 2957 etiam
489 2928 647 2965 superficiei
669 2928 704 2955 sit
718 2927 836 2965 aliquod
854 2928 1064 2964 receptaculum
1084 2927 1161 2955 aliud
1175 2928 1211 2955 ab
1226 2927 1296 2963 ipsa,
1313 2934 1340 2955 et

280 2969 409 2997 similiter
420 2975 462 2997 est
473 2969 508 2996 de
519 2968 580 2996 aliis
590 2967 718 2995 terminis
729 2967 904 3004 quantitatis,
920 2967 1025 2995 scilicet
1039 2968 1074 2995 de
1088 2966 1163 2995 linea
1173 2973 1201 2995 et
1215 2967 1251 2994 de
1265 2976 1339 3003 pun-

281 3015 336 3036 cto.
358 3009 396 3036 At
410 3017 470 3036 non
488 3014 582 3044 potest
596 3016 657 3035 esse
672 3007 831 3035 differentia
845 3007 901 3035 loci
915 3006 1012 3043 puncti
1027 3016 1044 3034 a
1058 3013 1175 3042 puncto,
1191 3006 1258 3043 quia
1272 3015 1338 3034 cum

280 3047 362 3075 locus
381 3057 442 3075 non
463 3048 580 3076 excedat
600 3047 735 3081 locatum,
750 3047 830 3075 locus
846 3046 943 3082 puncti
960 3055 1020 3074 non
1034 3044 1129 3082 potest
1139 3055 1204 3074 esse
1219 3045 1274 3073 nisi
1287 3046 1338 3074 ali-

281 3087 361 3123 quod
381 3086 566 3121 indivisibile3
589 3087 647 3114 duo
670 3092 765 3114 autem
793 3085 974 3114 indivisibilia
995 3085 1161 3122 quantitatis
1186 3085 1340 3113 coniuncta

280 3135 341 3154 non
362 3132 428 3154 sunt
451 3125 506 3154 nisi
528 3135 628 3154 unum.
651 3127 728 3162 Ergo
749 3126 850 3153 eadem
872 3125 982 3153 ratione
1003 3134 1057 3153 nec
1077 3125 1158 3153 locus
1180 3125 1339 3165 superficiei

280 3171 376 3202 potest
390 3174 452 3193 esse
472 3165 550 3194 aliud
566 3175 584 3194 a
604 3165 761 3202 superficie,
777 3174 870 3202 neque
892 3165 971 3193 locus
994 3165 1123 3201 corporis
1138 3164 1216 3192 aliud
1237 3173 1254 3192 a
1275 3173 1339 3192 cor-

422 3296 433 3308 .
542 3282 717 3323 ostquam
747 3274 1000 3322 Philosophus
1027 3274 1155 3322 posuit
1173 3273 1336 3310 rationes

509 3329 519 3370 ζ’
543 3327 591 3363 ad
620 3326 896 3363 ostendendum
927 3326 1030 3374 quod
1058 3327 1164 3362 locus
1189 3326 1250 3373 sit,
1275 3326 1337 3362 hic

488 3379 496 3393 ““
515 3379 648 3427 ponit
682 3391 745 3415 sex
779 3378 939 3414 rationes
977 3378 1025 3414 ad
1059 3378 1336 3414 ostendendum

493 3426 524 3457 '¹
543 3431 647 3479 quod
667 3432 772 3467 locus
793 3432 812 3452 ‘¹‘
841 3443 919 3468 non
939 3430 994 3466 sit.
1016 3430 1247 3478 Principium
1272 3443 1335 3466 au-

1398 801 1415 819 *
1438 803 1480 831 At
1502 811 1575 831 vero
1605 802 1698 833 habet
1731 803 1888 835 defectum
1917 806 1942 836 si
1975 813 2037 845 est,
2062 808 2139 847 quid
2170 816 2231 839 est:
2268 816 2375 840 utrum
2408 818 2453 842 est

1465 846 1566 875 moles
1589 847 1745 886 quaedam
1773 849 1932 888 corporis,
1958 857 2012 880 aut
2035 852 2190 891 quaedam
2215 853 2308 883 altera
2331 861 2451 886 natura.

1466 889 1691 926 Quaerendum
1714 898 1760 922 est
1783 893 1867 922 enim
1894 903 1992 932 genus
2022 894 2121 934 ipsius
2146 896 2295 935 primum.
2325 898 2451 928 Distan-

1465 933 1522 963 tias
1546 934 1675 973 quidem
1697 935 1792 974 igitur
1813 936 1906 967 habet
1933 944 2011 976 tres,
2034 938 2257 978 longitudinis,
2282 941 2453 972 latitudinis

1465 983 1495 1006 et
1511 977 1749 1016 profunditatis;
1766 979 1880 1019 quibus
1900 981 2123 1013 determinatur
2141 993 2255 1024 corpus
2272 995 2376 1015 omne.
2393 986 2453 1015 Im-

1465 1021 1614 1060 possibile
1630 1028 1676 1052 est
1691 1029 1796 1053 autem
1816 1034 1929 1063 corpus
1953 1036 2019 1056 esse
2033 1026 2156 1057 locum:
2180 1027 2213 1057 in
2232 1028 2345 1058 eodem
2364 1039 2452 1059 nam-

1465 1074 1527 1104 que
1551 1072 1652 1096 essent
1676 1066 1740 1096 duo
1764 1077 1906 1107 corpora.

1397 1108 1414 1127 '¹‘
1430 1108 1594 1148 Amplius,
1619 1109 1644 1139 si
1666 1120 1738 1140 vere
1753 1112 1892 1151 corporis
1905 1112 1994 1143 locus
2018 1120 2064 1144 est
2085 1115 2335 1154 receptaculum,
2355 1116 2454 1146 mani·
2482 1124 2490 1132 ·

1465 1152 1581 1183 festum
1604 1154 1692 1194 quod
1712 1161 1741 1184 et
1760 1155 1933 1194 superficiei
1956 1157 2013 1187 erit
2035 1164 2065 1188 et
2087 1158 2282 1199 reliquorum
2305 1160 2453 1191 termino-

1464 1205 1553 1228 rum:
1575 1198 1685 1228 eadem
1709 1198 1793 1228 enim
1822 1207 1974 1230 consonat
1997 1201 2085 1232 ratio.
2114 1202 2176 1232 Ubi
2203 1213 2340 1244 namque
2367 1204 2453 1244 prius

1465 1248 1552 1272 erant
1574 1251 1673 1282 aquae
1697 1242 1815 1283 plana,
1842 1250 1932 1274 erunt
1954 1244 2067 1275 iterum
2091 1256 2171 1286 quae
2195 1253 2268 1277 sunt
2301 1247 2387 1278 aeris.
2411 1251 2454 1279 At

1464 1295 1539 1315 vero
1559 1285 1763 1316 differentiam
1778 1287 1899 1318 nullam
1914 1288 2066 1318 habemus
2082 1290 2190 1329 puncti
2206 1297 2236 1320 et
2250 1291 2312 1321 loci
2327 1292 2451 1331 puncti:

1465 1339 1561 1370 quare
1594 1329 1618 1359 si
1643 1340 1745 1370 neque
1774 1331 1811 1361 ab
1835 1331 1896 1362 hoc
1919 1338 1965 1362 est
1986 1332 2075 1362 locus
2108 1334 2260 1373 alterum,
2288 1345 2391 1375 neque
2414 1336 2452 1366 ab

1464 1373 1600 1404 aliorum
1623 1374 1746 1415 aliquo:
1771 1384 1874 1415 neque
1897 1382 1943 1406 est
1965 1376 2082 1417 aliquid
2107 1384 2227 1417 praeter
2249 1379 2453 1419 unumquod-

1465 1427 1527 1458 que
1549 1417 1684 1448 istorum
1707 1417 1806 1449 locus.

1397 1461 1414 1480 *
1431 1461 1517 1498 Quid
1540 1461 1627 1492 enim
1645 1461 1725 1493 forte
1747 1460 1905 1502 ponemus
1924 1473 1991 1493 esse
2005 1462 2131 1494 locum?
2154 1465 2266 1506 Neque
2285 1465 2370 1495 enim
2393 1466 2452 1496 ele·
2480 1472 2491 1483 ⁸

1464 1512 1628 1544 mentum,
1661 1516 1765 1546 neque
1789 1516 1825 1536 ex
1851 1506 2011 1537 elementis
2042 1515 2146 1548 potest
2177 1519 2242 1539 esse
2269 1509 2453 1540 huiusmodi

1464 1549 1581 1580 habens
1604 1557 1766 1588 naturam;
1791 1560 1894 1590 neque
1921 1561 2157 1590 corporeorum,
2181 1563 2285 1593 neque
2307 1553 2452 1594 incorpo-

1464 1603 1601 1624 reorum.
1625 1594 1876 1633 Magnitudinem
1892 1594 2022 1634 quidem
2045 1595 2130 1626 enim
2152 1596 2246 1627 habet
2267 1597 2368 1636 locus,
2388 1608 2454 1628 cor-

1463 1648 1524 1677 pus
1547 1645 1654 1668 autem
1676 1638 1802 1668 nullum
1818 1644 1872 1668 est.
1891 1638 1972 1668 Sunt
1987 1645 2092 1669 autem
2114 1640 2307 1671 sensibilium
2323 1641 2452 1682 quidem

1464 1691 1635 1721 corporum
1659 1682 1810 1713 elementa
1835 1690 2003 1722 corporea:
2024 1693 2060 1713 ex
2078 1684 2322 1724 intelligibilibus
2345 1692 2451 1716 autern

1464 1726 1625 1756 elementis
1649 1726 1833 1765 magnitudo
1857 1726 1944 1756 nulla
1965 1725 2010 1757 fit.

1396 1769 1414 1787 θ’
1430 1769 1577 1810 Amplius
1602 1776 1632 1800 et
1655 1769 1743 1800 cuius
1767 1770 1876 1810 utique
1892 1770 1961 1810 quis
1976 1777 2074 1810 ponet
2088 1771 2125 1800 iis
2141 1781 2221 1812 quae
2236 1779 2309 1803 sunt
2325 1783 2451 1803 causam
2479 1782 2490 1792 *

1465 1824 1530 1844 esse
1552 1811 1683 1844 locum?
1705 1813 1800 1843 Nulla
1823 1814 1907 1843 enim
1932 1823 2024 1844 causa
2046 1814 2126 1845 inest
2154 1815 2213 1855 ipsi
2237 1816 2276 1846 de
2304 1823 2450 1857 quatuor.

1462 1858 1574 1898 Neque
1607 1857 1692 1887 enim
1720 1857 1799 1887 sicut
1825 1857 1953 1887 materia
1980 1855 2091 1888 eorum
2114 1869 2194 1899 quae
2225 1866 2297 1890 sunt
2330 1858 2456 1902 (neque

1463 1901 1548 1932 enim
1566 1911 1603 1931 ex
1620 1901 1690 1941 ipso
1707 1901 1876 1931 constituta
1894 1907 1967 1931 sunt
1989 1900 2102 1944 entia),
2126 1913 2228 1943 neque
2251 1903 2331 1934 sicut
2352 1904 2453 1934 forma

1463 1952 1493 1976 et
1517 1945 1595 1975 ratio
1625 1955 1736 1976 eorum
1762 1955 1843 1985 quae
1873 1952 1962 1984 sunt,
1989 1955 2091 1985 neque
2122 1946 2201 1977 sicut
2230 1946 2319 1986 finis;
2349 1957 2451 1988 neque

1462 1996 1570 2020 movet
1593 1999 1628 2019 ea
1651 1999 1732 2029 quae
1755 1996 1838 2019 sunt.
2041 2023 2043 2025 ,

1396 2034 1413 2052 *
1428 2033 1575 2074 Amplius
1599 2039 1629 2064 et
1651 2033 1718 2073 ipse
1729 2056 1738 2071 ‚
1762 2032 1787 2063 si
1811 2039 1856 2063 est
1875 2032 1993 2073 aliquid
2007 2043 2119 2064 eorum
2135 2044 2215 2074 quae
2232 2041 2320 2074 sunt,
2337 2035 2450 2066 alicubi

1464 2078 1529 2108 erit.
1553 2077 1690 2107 Zenonis
1714 2077 1798 2107 enim
1822 2076 1930 2116 opinio
1947 2077 2068 2119 quaerit
2098 2079 2257 2118 quandam
2280 2079 2450 2110 rationem:

1464 2122 1489 2151 si
1513 2131 1650 2161 namque
1674 2131 1769 2151 omne
1797 2122 1884 2161 quod
1913 2128 1977 2159 est,
2001 2121 2033 2151 in
2056 2122 2128 2152 loco
2157 2129 2220 2161 est,
2250 2123 2451 2154 manifestum

1463 2165 1616 2206 quoniam
1631 2171 1661 2195 et
1676 2165 1738 2195 loci
1754 2165 1843 2195 locus
1863 2165 1933 2204 erit;
1953 2172 1984 2196 et
1998 2166 2059 2196 hoc
2075 2166 2108 2196 in
2118 2166 2276 2197 infinitum
2291 2167 2448 2207 procedet.

1395 2209 1414 2227 *³*
1430 2209 1589 2249 Amplius,
1613 2209 1693 2239 sicut
1716 2219 1811 2239 omne
1837 2219 1950 2249 corpus
1969 2210 2001 2240 in
2024 2210 2096 2240 loco
2112 2217 2176 2249 est,
2197 2211 2239 2241 sic
2259 2217 2289 2241 et
2311 2211 2344 2241 in
2363 2211 2452 2241 omni
2478 2220 2487 2231 ¹·

1462 2253 1535 2284 loco
1560 2260 1690 2293 corpus:
1707 2254 1873 2293 quomodo
1896 2253 1991 2293 igitur
2006 2253 2146 2284 dicemus
2162 2255 2200 2285 de
2216 2254 2254 2284 iis
2269 2265 2349 2295 quae
2373 2265 2447 2295 aug-

1462 2295 1661 2328 mentantur?
1684 2297 1816 2327 Necesse
1833 2305 1878 2328 est
1902 2298 1986 2328 enim
2010 2308 2046 2328 ex
2068 2298 2127 2336 his,
2147 2299 2242 2328 simul
2259 2299 2451 2339 augmentari

1462 2341 1571 2371 locum
1594 2351 1668 2372 cum
1690 2341 1783 2381 ipsis,
1808 2341 1833 2371 si
1856 2351 1958 2382 neque
1981 2342 2087 2372 minor
2114 2353 2216 2383 neque
2239 2343 2340 2374 maior
2361 2343 2450 2374 locus

1464 2392 1510 2415 est
1533 2384 1791 2426 uniuscuiusque.
1816 2386 1874 2415 Per
1891 2386 1967 2416 haec
1987 2386 2117 2426 quidem
2139 2386 2233 2426 igitur
2255 2397 2320 2417 non
2345 2388 2450 2418 solum

1463 2429 1540 2469 quid
1560 2435 1615 2468 est,
1640 2429 1694 2459 sed
1717 2429 1811 2460 etiam
1830 2429 1855 2459 si
1878 2436 1934 2468 est,
1959 2430 2099 2460 dubitare
2122 2440 2246 2461 necesse
2270 2437 2324 2462 est.

1394 2542 1473 2569 pore.
1490 2549 1509 2554 -
1522 2542 1550 2567 4.
1571 2533 1669 2560 Tertia
1691 2533 1773 2561 ratio.
1798 2533 1893 2561 Omne
1908 2534 1988 2570 quod
2002 2539 2044 2561 est
2056 2534 2102 2562 vel
2116 2540 2158 2562 est
2171 2534 2343 2563 elementum
2357 2535 2401 2563 vel
2416 2544 2449 2564 ex

1395 2572 1550 2600 elementis.
1573 2573 1629 2600 Sed
1646 2572 1726 2600 locus
1749 2578 1883 2600 neutrum
1904 2573 2008 2601 horum
2030 2579 2079 2601 est.
2102 2575 2176 2601 Nam
2197 2583 2284 2602 omne
2306 2575 2385 2611 quod
2406 2581 2448 2603 est

1395 2612 1567 2639 elementum
1589 2612 1632 2639 vel
1647 2621 1680 2639 ex
1695 2611 1851 2647 elementis,
1867 2618 1908 2640 est
1922 2618 1970 2640 aut
1984 2621 2155 2648 corporeum
2170 2619 2219 2641 aut
2235 2613 2447 2650 incorporeum.

1394 2652 1489 2679 Locus
1503 2658 1599 2679 autem
1614 2661 1674 2679 non
1688 2658 1730 2679 est
1744 2651 1939 2687 incorporeus,
1955 2651 2022 2688 quia
2037 2653 2121 2680 habet
2135 2652 2379 2689 magnitudinem3
2395 2663 2448 2681 nec

1394 2697 1436 2718 est
1451 2700 1565 2727 corpus,
1587 2697 1618 2718 ut
1639 2700 1667 2718 n.
1685 2698 1711 2718 2.
1733 2692 1886 2727 probatum
1909 2698 1958 2719 est.
1978 2707 1996 2712 -
2011 2691 2176 2719 Excluditur
2197 2693 2276 2728 quod
2296 2693 2341 2720 vel
2361 2693 2446 2721 etiam

1394 2731 1568 2758 elementum
1583 2739 1755 2766 corporeum
1769 2739 1830 2758 esse
1845 2730 1943 2767 possit.
1965 2731 2039 2758 Nam
2061 2731 2200 2759 elementa
2216 2741 2276 2759 non
2291 2738 2356 2759 sunt
2371 2739 2448 2760 extra

1393 2779 1483 2806 genus
1505 2771 1751 2798 elementatorum.
1774 2771 1850 2807 Ergo
1869 2770 1892 2797 si
1907 2771 1987 2798 locus
2001 2779 2061 2798 non
2083 2777 2124 2798 est
2145 2780 2257 2807 corpus,
2272 2781 2332 2799 non
2353 2778 2447 2807 potest

1393 2818 1454 2837 esse
1470 2810 1643 2837 elementum
1665 2819 1846 2846 corporeum.
1863 2826 1882 2830 —
1898 2810 1922 2837 5.
1940 2810 2051 2843 Quarta
2072 2810 2155 2838 ratio.
2179 2811 2273 2838 Omne
2295 2812 2373 2847 quod
2395 2818 2446 2847 est,

1393 2849 1490 2885 aliquo
1512 2849 1602 2877 modo
1617 2855 1659 2877 est
1673 2858 1758 2876 causa
1772 2855 1901 2885 respectu
1916 2849 2042 2877 alicuius.
2065 2850 2121 2877 Sed
2134 2850 2214 2877 locus
2229 2859 2288 2878 non
2306 2857 2348 2878 est
2362 2860 2447 2879 causa

1392 2897 1486 2924 neque
1508 2887 1580 2916 sicut
1600 2888 1733 2923 materia,
1756 2897 1849 2925 neque
1871 2888 1942 2916 sicut
1963 2898 2048 2916 causa
2066 2889 2208 2924 formalis,
2230 2898 2322 2926 neque
2344 2889 2446 2925 finalis,

1392 2937 1486 2964 neque
1497 2925 1634 2955 efficiens.
1645 2929 1722 2964 Ergo
1735 2928 1846 2955 videtur
1856 2929 1935 2964 quod
1948 2928 2027 2956 locus
2042 2928 2111 2956 nihil
2126 2928 2169 2956 sit.
2178 2944 2196 2950 —-
2207 2930 2233 2956 6.
2252 2929 2357 2963 Quinta
2372 2930 2446 2957 ratio

1393 2966 1555 3002 (Zenonis).
1572 2968 1666 2994 Omne
1682 2968 1761 3003 quod
1776 2974 1826 3002 est,
1842 2974 1884 2995 est
1897 2967 1926 2995 in
1947 2968 2022 2995 loco.
2038 2967 2067 2995 Si
2082 2967 2166 3004 igitur
2180 2968 2259 2996 locus
2274 2975 2315 2996 est
2329 2968 2444 3005 aliquid,

1391 3006 1472 3035 locus
1487 3013 1529 3034 est
1543 3006 1572 3034 in
1594 3006 1650 3035 alio
1671 3006 1746 3042 loco,
1761 3013 1789 3034 et
1803 3007 1842 3034 sic
1858 3006 1888 3034 in
1906 3007 2058 3042 infinitum3
2074 3008 2153 3043 quod
2173 3007 2347 3044 impossibile
2369 3015 2446 3036 est.—

1393 3055 1420 3082 7.
1434 3047 1525 3074 Sexta
1539 3046 1622 3074 racio.
1634 3046 1729 3074 Omne
1743 3055 1848 3082 corpus
1859 3053 1900 3074 est
1910 3046 1938 3074 in
1950 3047 2015 3074 loco
2031 3053 2058 3074 et
2069 3047 2098 3074 in
2109 3047 2188 3075 omni
2200 3047 2265 3075 loco
2276 3054 2317 3075 est
2332 3057 2444 3083 corpus.

1391 3087 1469 3122 Ergo
1488 3086 1568 3113 locus
1589 3095 1682 3122 neque
1704 3092 1746 3113 est
1767 3086 1862 3113 minor
1882 3095 1976 3122 neque
1993 3086 2086 3114 maior
2107 3096 2194 3123 quam
2214 3087 2348 3114 locatum.
2370 3088 2443 3115 Cum

1391 3134 1459 3162 ergo
1474 3125 1599 3153 locatum
1621 3125 1728 3160 crescit,
1744 3131 1858 3161 oportet
1872 3126 1950 3161 quod
1966 3132 2071 3153 crescat
2085 3132 2112 3153 et
2126 3126 2220 3161 locus;
2242 3127 2321 3162 quod
2335 3126 2445 3154 videtur

1391 3164 1578 3201 impossibile,
1599 3174 1663 3192 cum
1685 3165 1765 3192 locus
1787 3164 1822 3192 sit
1843 3165 1991 3200 quoddam
2011 3165 2167 3193 immobile.
2182 3181 2202 3186 -
2215 3165 2359 3201 Epilogus.

1389 3281 1467 3310 tem
1496 3273 1544 3310 ad
1572 3273 1874 3320 investigandum
1903 3273 1949 3309 de
1978 3273 2103 3321 aliquo
2131 3285 2180 3309 an
2207 3273 2265 3318 sit,
2296 3281 2443 3321 oportet

1390 3326 1560 3374 accipere
1589 3326 1678 3374 quid
1694 3326 1754 3370 sit,
1785 3326 1916 3361 saltem
1937 3325 2026 3372 quid
2046 3325 2271 3371 significetur
2287 3337 2356 3372 per
2374 3338 2441 3362 no-

1390 3390 1480 3415 men
1498 3385 1526 3415 α.
1548 3379 1595 3414 Et
1614 3378 1699 3415 ideo
1721 3377 1806 3413 dicit
1825 3377 1928 3425 quod
1948 3377 2120 3424 quamvis
2146 3384 2338 3413 ostensum
2359 3378 2403 3414 sit
2421 3379 2441 3399 ²⁸

1390 3431 1494 3479 quod
1521 3432 1626 3467 locus
1655 3430 1710 3476 sit,
1740 3437 1866 3466 tamen
1894 3430 2007 3465 habet
2034 3429 2226 3477 defectum,
2256 3429 2350 3466 idest
2374 3430 2441 3467 du-

333 3571 359 3603 α)
379 3570 542 3604 significetur
556 3577 608 3601 per
626 3576 728 3594 nomen.
746 3583 764 3588 ·-
782 3569 863 3593 PDsH
884 3573 909 3592 et
927 3569 957 3596 b,·
975 3568 1106 3600 significet
1121 3575 1173 3599 per
1192 3575 1283 3592 nomen
1298 3568 1447 3593 huiusmodi
1466 3570 1497 3593 ed
1515 3576 1546 3599 a‚·
1564 3569 1693 3601 significet
1711 3567 1860 3592 huiusmodi
1873 3567 2102 3598 AIKNSTVXYZ,
2121 3567 2252 3601 significet
2266 3575 2358 3594 nomen
2374 3569 2440 3594 EFG

280 3607 337 3636 MR.
355 3605 485 3639 significet
503 3612 594 3630 nomen
614 3604 764 3630 huiusmodi
782 3604 810 3633 C,
829 3603 959 3636 significet
977 3603 1025 3628 hoc
1044 3603 1073 3628 L.

2480 822 2622 870 sse-80⁸⁹·
2636 829 2651 844 ¹·

2504 1123 2572 1146 Text.
2586 1130 2608 1152 9.

2505 1472 2571 1495 Text.
2585 1479 2618 1495 10.

2503 1781 2572 1804 Text.
2586 1788 2612 1804 ιι.

2478 2041 2489 2051 “
2503 2040 2570 2062 Text.
2586 2047 2615 2063 12.

2502 2219 2567 2241 Text.
2584 2225 2612 2248 13.

2469 3406 2480 3417 ⁴
2495 3382 2659 3435 Lechapraec.
2668 3425 2674 3435 ‚

2469 3438 2491 3454 n.
2502 3439 2512 3461 5
2527 3439 2578 3461 sqq.
