2898 3996
53 3300 192 3327 *Leenxm
200 3310 223 3327 n.
230 3311 249 3332 2,
257 3311 278 3333 5.

59 3388 83 3422 j'
91 3390 277 3418 fitr,n'ntcodd.

67 3421 119 3439 «ιο.
133 3423 202 3444 mon.

1119 277 1229 313 CAP.
1259 278 1364 324 XIII,
1394 279 1542 315 LECT.
1573 281 1678 316 XXII

2403 296 2477 332 219

841 479 1138 536 LECTIO
1176 481 1958 543 VIGESIMASECUNDA

540 626 761 665 QUOMODO
785 626 1035 658 CORRUPTIO
1058 628 1370 660 ATTRIBUATUR
1392 631 1583 662 TEMPORI
1608 651 1626 656 -
1650 634 1780 665 OMNIS
1804 636 1952 667 MOTUS
1976 637 2033 667 ET
2056 637 2255 668 MUTATIO

1257 689 1338 720 EST
1362 689 1404 720 IN
1427 691 1632 723 TEMPORE

314 823 503 864 Μεταβολῆ
527 818 565 855 δὲ
590 824 687 855 πᾶσα
711 822 805 867 φύσει
829 823 1045 855 ἐκστατικόν.
1067 824 1123 855 Ἐν
1148 820 1186 856 δὲ
1203 826 1250 866 τῷ
1268 826 1372 870 χρόνῳ

382 867 497 900 τοίντα
520 870 653 924 τίνει-αι
681 868 741 898 καὶ
764 865 835 911 φθεί
856 878 947 898 εται·
973 867 1025 899 διό
1049 869 1110 899 καὶ
1132 871 1162 899 οἱ
1187 869 1244 912 μὲν
1270 870 1375 914 σοφώ-

381 922 490 944 τατον
522 914 658 957 ελεγον,
685 911 701 943 ὁ
725 906 764 942 δὲ
787 879 1008 956 Πυὸαγόρειος
1031 910 1147 955 Ποίρων
1180 913 1375 956 ἀμαθέστα-

381 966 459 996 τον,
487 954 540 989 ὅτι
563 957 621 987 καὶ
654 953 940 987 ἐπιλανθάνονται
966 955 999 986 ἐν
1025 955 1156 996 τούτῳ,
1186 956 1294 1002 λέγων
1325 958 1340 989 ὁ
1364 976 1375 981 -

380 997 532 1043 θάτερον.
569 1000 676 1036 Δῆλον
710 997 766 1032 οὖν
793 997 846 1031 ὅτι
870 997 991 1043 φθορᾶς
1015 1000 1144 1042 μᾶλλον
1171 999 1269 1032 ἔσται
1293 970 1368 1033 xoeg’

381 1043 488 1076 αὐτόν
514 1045 622 1081 αἴτιος
647 1041 668 1079 ἦ
692 1042 866 1088 γενέσεως,
887 1042 1040 1086 καθάπερ
1067 1041 1187 1088 ἐλέχθη
1213 1046 1269 1075 καὶ
1296 1044 1376 1088 πρό-

381 1098 477 1130 τερον
504 1088 724 1132 (ἑκο-τατικόν
756 1087 821 1132 γάρ
854 1087 874 1124 ἡ
907 1086 1084 1131 μεταβολή
1113 1085 1189 1119 καθ’
1219 1088 1371 1130 αὐτήν),

381 1130 539 1177 γενέσεως
564 1127 603 1164 δὲ
626 1134 683 1164 καὶ
708 1134 771 1165 τοῦ
795 1129 881 1163 εἶναι
904 1131 999 1164 κατὰ
1022 1129 1243 1174 συμβεβηκός.

315 1175 456 1218 Σημεῖον
481 1171 519 1208 δὲ
544 1176 658 1208 ἰκανὸν
690 1175 744 1209 ὅτι
767 1178 899 1222 γίνεται
923 1174 982 1219 μὲν
1008 1170 1103 1207 οὐδὲν
1131 1174 1207 1206 ἄνευ
1241 1176 1303 1206 τοῦ
1327 1186 1376 1206 κι-

380 1219 507 1251 νεῖσθαί
540 1232 609 1257 πως
635 1220 723 1253 αὐτὸ
752 1221 810 1252 καὶ
839 1218 1026 1262 πράττειν,
1052 1217 1224 1263 φθείρεται
1247 1214 1287 1250 δὲ
1316 1221 1373 1251 καὶ

404 1259 484 1300 ηδέν
507 1263 712 1308 κινούμενον.
743 1265 810 1295 Καὶ
835 1262 968 1300 ταύτην
993 1262 1146 1307 μάλιστα
1169 1262 1278 1308 λέγειν
1304 1262 1375 1294 εἱώ-

380 1274 484 1350 ΐαμεν
516 1308 582 1340 und
608 1309 669 1340 τοῦ
701 1307 820 1353 χρόνου
845 1307 982 1350 φθοράν.
1016 1307 1062 1338 Οὐ
1095 1307 1160 1351 μὴν
1193 1307 1265 1339 ἀλλ’
1295 1303 1374 1339 οὐδὲ

381 1350 515 1389 ταύτην
542 1353 558 1383 ὁ
582 1351 699 1397 χρόνος
724 1355 826 1392 ποιεῖ’,
847 1351 937 1384 ἀλλὰ
959 1352 1135 1395 συμβαίνει
1153 1351 1185 1382 ὲν
1203 1350 1308 1395 χρόνῳ
1325 1354 1373 1397 γί-

380 1394 493 1428 νεσθαι
516 1398 575 1428 καὶ
599 1395 732 1432 ταύτην
757 1396 822 1433 τήν
846 1394 1057 1440 μεταβολήν.

307 1437 384 1471 ’Ότι
407 1439 466 1484 μὲν
493 1438 549 1472 οὖν
580 1440 672 1472 ἔστιν
699 1441 714 1471 ό
738 1439 854 1485 χρόνος
883 1441 941 1471 καὶ
965 1441 1020 1479 τί,
1053 1440 1111 1470 καὶ
1136 1439 1295 1483 ποσαχῶς
1320 1437 1373 1470 λέ-

404 1495 481 1526 ομεν
511 1483 552 1517 τὰ
577 1485 651 1525 νῦν,
675 1485 735 1515 καὶ
759 1486 793 1515 τί
819 1483 860 1515 τὰ
885 1482 971 1516 ποτέ
995 1484 1053 1514 καὶ
1078 1482 1119 1515 τό
1146 1482 1221 1526 ἄρτι
1249 1485 1305 1514 καὶ
1331 1482 1372 1514 τὸ

379 1495 446 1565 ἶἕδη
469 1529 528 1560 καὶ
553 1528 594 1560 τό
619 1527 728 1560 ποίλαι
751 1530 810 1559 καὶ
835 1527 876 1560 τό
903 1527 1075 1570 ἐξαίφνης,
1102 1528 1246 1570 εἴρηται.

313 1571 448 1604 Τούτων
473 1567 502 1603 δ’
523 1572 601 1626 ἡμῖν
627 1571 716 1604 οὕτω
739 1567 1015 1615 διηριθμημένων,
1033 1571 1174 1615 φανερὸν
1200 1570 1253 1602 ὅτι
1276 1571 1372 1602 πᾶσα

403 1616 556 1656 εταβολη
579 1618 637 1648 καὶ
665 1615 756 1648 ἅπαν
782 1616 823 1648 τό
847 1615 1039 1659 κινούμενον
1057 1615 1090 1647 ἑν
1108 1614 1226 1659 χρόνῳ·
1249 1614 1289 1646 τό
1306 1614 1371 1659 γαρ

378 1627 508 1693 εᾶττον
539 1662 598 1692 καὶ
630 1659 836 1704 βραδύτερον
859 1661 957 1692 κατα
982 1658 1098 1691 πᾶσαν
1125 1659 1199 1691 ἐστι
1224 1659 1372 1701 μεταβο-

376 1703 453 1740 λήν·
479 1704 622 1736 ἐν’πᾶσι
646 1704 711 1750 γαρ
737 1702 826 1736 οὕτω
852 1706 1022 1748 φαίνεται.
1057 1701 1153 1749 Λέγω
1178 1698 1215 1734 δὲ
1240 1701 1369 1734 θᾶττον

377 1746 538 1780 κινεῖσθαι
563 1748 604 1780 τό
630 1747 791 1793 πρότερον
816 1747 1035 1790 μεταβάλλον
1060 1747 1105 1785 εἰς
1131 1746 1172 1778 τὸ
1195 1748 1372 1790 ὑποκείμε-

377 1803 432 1823 νον
455 1791 551 1824 κατσὲ
579 1791 620 1825 τό
646 1790 734 1824 αὑτό
765 1789 962 1835 διάστημα,
994 1793 1052 1823 καὶ
1083 1791 1215 1835 ὁμαλήν
1243 1793 1370 1827 κίνησιν

375 1835 581 1880 κινούμενον,
609 1836 676 1868 οἷον
701 1836 756 1868 ἐπὶ
782 1837 846 1874 τῆς
870 1837 985 1880 φορᾶς,
1009 1836 1037 1866 εἱ
1063 1835 1159 1877 ἄμφω
1184 1835 1281 1866 κατοὶ
1306 1834 1370 1870 τήν

377 1881 532 1925 περιφερῆ
552 1884 696 1913 κινεῖται
714 1879 736 1916 ἦ
756 1879 852 1922 ἄμφω
871 1880 969 1912 κατὰ
985 1879 1050 1916 τήν
1068 1877 1212 1911 εὐθεῖαν.
1232 1879 1370 1921 Ὁμοίως

376 1919 414 1956 δὲ
437 1926 495 1956 καὶ
521 1924 575 1956 ἐπὶ
602 1925 667 1956 τῶν
695 1924 817 1956 ἄλλων.

303 2011 412 2043 Ἀλλαῖ
434 2011 500 2055 μήν
527 2010 570 2043 τό
593 2024 631 2057 γε
657 2010 818 2056 πρότερον
845 2012 878 2043 ἑν
894 2010 1000 2056 χρόνῳ
1018 2010 1105 2042 ἐστί·
1125 2009 1287 2054 πρότερον
1304 2009 1369 2055 γάρ

374 2057 432 2087 καὶ
459 2055 596 2099 ὕστερον
620 2055 764 2102 λέγομεν
788 2055 884 2087 κατὰ
900 2055 963 2091 τήν
982 2054 1063 2098 πρός
1082 2053 1122 2085 τὸ
1139 2054 1195 2085 νῦν
1215 2053 1371 2090 ἀπόστα-

374 2111 437 2132 σιν·
464 2099 505 2132 τὸ
529 2096 566 2131 δὲ
590 2100 647 2130 νῦν
673 2098 744 2142 ὅρος
777 2101 839 2132 τοῦ
869 2098 1083 2143 παρήκοντος
1113 2100 1171 2129 καὶ
1197 2098 1259 2129 τοῦ
1291 2096 1368 2141 μέλ-

373 2145 506 2181 λοντος
533 2142 614 2175 ὥστ’
644 2141 715 2175 ἐπεὶ
740 2143 789 2175 τοὶ
811 2144 868 2174 νῦν
894 2141 926 2174 ἐν
950 2142 1070 2187 χρόνῳ,
1095 2144 1152 2173 καὶ
1179 2141 1220 2173 τὸ
1246 2141 1367 2183 πρότε-

374 2199 428 2232 ρον
452 2189 511 2219 καὶ
535 2187 673 2230 ὕστερον
699 2187 731 2219 ἑν
756 2186 860 2231 χρόνῳ
892 2187 1004 2218 ἔσται·
1031 2186 1063 2217 ἐν
1089 2185 1112 2226 ᾧ
1137 2185 1201 2231 γὰρ
1228 2184 1269 2216 τὸ
1296 2186 1366 2224 νῦν,

373 2233 431 2263 καὶ
456 2232 476 2268 γ’]
502 2232 565 2263 τοῦ
590 2232 645 2262 νῦν
673 2230 877 2272 ἀπόστασις.
897 2231 1081 2266 Ἐναντίως
1106 2224 1142 2260 δὲ
1163 2227 1305 2274 λέγεται
1327 2229 1368 2260 τό

375 2275 536 2319 πρότερον
560 2274 656 2307 κατα
680 2287 717 2307 τε
733 2275 794 2307 τὸν
811 2272 1073 2318 παρεληλυθότα
1090 2272 1209 2348 χρόνον
1231 2274 1290 2304 καὶ
1307 2273 1366 2305 τόν

375 2318 560 2362 μέλλοντα·
587 2320 620 2351 ἐν
652 2319 712 2362 μὲν
744 2319 808 2365 γάρ
842 2319 888 2359 τῷ
922 2319 1093 2360 παρεληλυ
1119 2317 1172 2349 ότι
1206 2315 1366 2361 πρότερον

372 2363 515 2409 λέγομεν
541 2362 581 2396 τό
607 2362 812 2407 πορρώτερον
839 2363 900 2394 τοῦ
925 2363 995 2402 νῦν,
1023 2361 1159 2406 ὕστερον
1184 2355 1222 2392 δὲ
1247 2361 1288 2393 τό
1314 2362 1368 2405 ἑγ-

373 2407 528 2454 γύτερον·
555 2407 587 2439 ἑν
612 2403 650 2438 δὲ
675 2408 722 2447 τῷ
748 2406 906 2450 μέλλοντι
932 2405 1093 2448 πρότερον
1119 2406 1177 2449 μὲν
1203 2405 1244 2437 τό
1269 2403 1369 2450 ἐγγύ-

374 2463 483 2494 τερον,
511 2450 647 2492 ὕστερον
672 2445 711 2482 δέ
737 2451 778 2483 τό
799 2450 1019 2494 πορρώτερον.
1040 2448 1136 2481 ‘'Qu-‘r’
1158 2450 1229 2481 ἐπεὶ
1249 2449 1289 2480 τὸ
1307 2449 1366 2492 μὲν

370 2495 537 2540 ,πρότερον
567 2496 600 2528 ἐν
633 2493 758 2540 χρόνῳ,
793 2495 887 2536 παίσῃ
912 2490 941 2526 δ’
967 2492 1143 2526 ἀκολουθεῖ
1171 2491 1299 2528 κινήσει
1325 2492 1365 2525 τό

373 2539 558 2584 πρότερον,
589 2539 729 2583 φανερόν
763 2537 817 2570 ὅτι
843 2539 939 2570 πᾶσα
971 2537 1148 2582 μεταβολή
1180 2539 1238 2568 καὶ
1269 2537 1364 2568 πᾶσα

371 2587 497 2622 κίνησις
523 2582 555 2615 ἑν
580 2582 685 2628 χρόνῳ
711 2583 815 2615 ἐστίν.

359 2689 509 2716 Smorsxs.
525 2704 560 2708 —
582 2697 605 2716 1.
626 2689 837 2724 Argumentum
858 2693 886 2714 et
906 2686 1008 2714 divisio
1028 2691 1129 2714 textus.
1145 2701 1164 2706 -
1179 2693 1206 2713 2.
1226 2684 1364 2720 Quamvis

306 2734 366 2756 tam
387 2726 585 2765 generationes
600 2736 688 2763 quam
702 2725 901 2762 corruptiones
922 2725 952 2753 in
972 2732 1102 2761 tempore
1123 2725 1200 2760 fiant,
1218 2724 1364 2761 corruptio

307 2767 397 2804 magis
417 2766 532 2795 attribui
553 2772 648 2803 potest
667 2766 790 2802 tempori
812 2774 899 2802 quam
913 2765 1066 2801 generatio.
1088 2765 1217 2800 Tempus
1231 2763 1308 2792 enim
1323 2770 1365 2791 est

306 2815 444 2835 numerus
465 2812 576 2840 motus;
592 2805 712 2834 mutatio
727 2811 823 2833 autem
845 2810 887 2832 est
900 2813 950 2840 per
969 2813 999 2832 se
1020 2803 1190 2840 corruptiva,
1212 2812 1364 2831 removens

306 2855 324 2875 a
344 2845 466 2874 naturali
481 2845 677 2882 dispositione,
693 2851 721 2872 et
735 2854 796 2872 non
810 2844 969 2880 perducens
984 2844 1020 2871 ad
1034 2843 1118 2871 aliam
1134 2852 1167 2870 ex
1181 2842 1224 2870 sui
1243 2842 1362 2877 ratione,

306 2886 357 2914 sed
377 2891 488 2913 tantum
510 2894 543 2912 ex
563 2884 722 2912 intentione
742 2883 859 2921 agentis.
875 2899 894 2904 -
910 2883 935 2911 3.
950 2883 1029 2910 Idem
1050 2882 1246 2910 manifestatur
1266 2882 1361 2918 signo:

306 2924 505 2961 corruptiones
526 2924 601 2952 enim
618 2933 692 2961 quae
706 2930 772 2951 sunt
786 2932 820 2951 ex
834 2931 920 2951 causa
940 2922 1092 2950 intrinseca
1114 2922 1219 2949 latente
1239 2921 1363 2957 tempori

305 2964 507 2999 attribuuntur,
530 2973 610 2992 secus
632 2963 655 2991 si
676 2972 762 2991 causa
775 2962 926 2990 manifesta
946 2962 995 2990 sit:
1018 2961 1047 2989 in
1061 2961 1245 2998 generatione
1266 2967 1362 2988 autem

306 3013 419 3040 semper
446 3009 564 3040 apparet
592 3012 696 3037 causa,
725 3002 849 3039 ideoque
876 3010 1026 3038 nunquam
1046 3000 1170 3037 tempori
1191 3000 1361 3028 attribuitur.

305 3044 433 3079 Tempus
455 3051 638 3079 corrumpere
660 3042 762 3070 dicitur
782 3041 850 3079 quia
864 3041 894 3069 in
908 3050 943 3069 eo
965 3040 1111 3077 corruptio
1132 3040 1163 3068 fit
1183 3046 1211 3068 et
1233 3049 1362 3068 corrum-

434 3170 455 3183 ..
504 3165 512 3172 ·
522 3170 536 3190 ,.
563 3151 737 3192 ostquam
748 3143 1002 3191 Philosophus
1014 3141 1249 3191 comparavit
1263 3149 1356 3178 tem—

390 3194 394 3206 '
507 3200 549 3259 ξι
560 3209 633 3245 pus
648 3204 684 3233 et
698 3208 799 3233 nunc
818 3196 867 3232 ad
887 3208 931 3242 ea
950 3201 967 3216 α
986 3207 1083 3244 quae
1103 3202 1190 3231 sunt
1209 3194 1246 3230 in
1265 3201 1358 3230 tem-

364 3276 395 3296 m
422 3265 454 3296 r*
466 3249 548 3298 >NJ
569 3261 675 3296 ore,
705 3248 765 3285 hic
799 3248 1012 3285 manifestat
1039 3247 1227 3296 quaedam
1262 3258 1358 3295 quae

366 3291 395 3339 ἓ
421 3293 546 3343 *iffissif
562 3301 735 3350 superius
751 3302 769 3320 ⁴⁶
785 3307 882 3337 tacta
910 3308 1005 3337 sunt.
1035 3301 1084 3336 Et
1110 3300 1235 3348 primo
1265 3311 1360 3347 quo-

305 3353 423 3390 modo
444 3353 633 3402 corruptio
653 3353 861 3390 attribuitur
882 3353 1059 3402 tempori3
1081 3352 1247 3389 secundo
1267 3363 1360 3400 quo-

305 3405 423 3443 modo
453 3406 576 3442 omnis
605 3413 730 3443 motus
760 3412 795 3442 et
822 3405 979 3443 mutatio
1004 3406 1050 3442 sit
1070 3406 1088 3426 ³⁸
1109 3405 1147 3442 in
1174 3412 1358 3453 tempore⁷

1428 831 1445 849 *
1460 832 1593 862 Mutatio
1618 840 1723 864 autem
1746 835 1850 865 omnis
1877 846 1895 866 a
1913 843 2022 867 natura
2038 837 2188 868 remotiva
2204 844 2263 868 est:
2283 839 2314 869 in
2337 846 2478 880 tempore
2505 844 2650 892 ἐξίει-ἑξμ-
2663 850 2716 866 ¹¹¹1·

1495 883 1600 906 autem
1623 877 1730 908 omnia
1745 877 1824 909 fiunt
1848 886 1877 909 et
1901 887 2155 920 corrumpuntur.
2179 882 2270 912 Unde
2287 889 2316 912 et
2339 883 2389 913 alii
2410 884 2478 924 qui-

1495 920 1568 949 dem
1591 921 1854 960 sapientissimum
1873 923 2024 954 dicebant.
2040 925 2252 965 Pythagoreus
2267 933 2373 956 autem
2387 927 2478 966 Paro,

1495 963 1619 1002 penitus
1638 964 1904 1004 indisciplinabile‚
1922 967 1996 1007 quia
2010 974 2040 998 et
2055 967 2290 1007 obliviscuntur,
2307 970 2339 999 in
2357 970 2417 1000 hoc
2432 980 2478 1000 re-

1496 1006 1574 1036 ctius
1597 1007 1711 1038 dicens.
1744 1009 1946 1040 Manifestum
1967 1010 2060 1050 igitur
2089 1012 2241 1052 quoniam
2271 1013 2478 1053 corruptionis

1496 1049 1594 1089 magis
1610 1051 1667 1081 erit
1681 1061 1736 1090 per
1752 1062 1784 1082 se
1808 1063 1900 1084 causa
1914 1064 2010 1094 quam
2025 1055 2231 1094 generationis
2241 1079 2250 1094 ,
2266 1056 2346 1087 sicut
2361 1057 2479 1088 dictum

1496 1093 1655 1142 est-prius.
1685 1095 1917 1126 Destructivum
1940 1098 2024 1128 enirn
2046 1099 2178 1129 mutatio
2194 1109 2249 1139 per
2264 1110 2296 1130 se
2312 1107 2370 1130 est:
2388 1110 2478 1140 gene-

1496 1137 1623 1167 rauonis
1647 1144 1753 1168 autem
1776 1146 1806 1168 et
1826 1139 1923 1179 ipsius
1947 1151 2012 1171 esse
2031 1149 2077 1172 est
2104 1143 2277 1173 secundum
2300 1144 2451 1174 accidens.

1430 1179 1562 1220 Signum
1580 1187 1687 1211 autem
1701 1181 1855 1212 sufficiens
1872 1190 1927 1221 est,
1943 1185 2016 1223 quia
2035 1185 2070 1215 fit
2089 1186 2216 1225 quidem
2231 1187 2318 1224 nihil,
2332 1187 2392 1217 nisi
2410 1198 2478 1218 mo-

1494 1230 1565 1254 veat
1585 1224 1690 1264 ipsum
1713 1226 1952 1265 quodammodo
1978 1235 2008 1258 et
2032 1236 2117 1267 agat;
2142 1231 2351 1270 corrumpitur
2373 1238 2478 1261 autem

1496 1274 1526 1297 et
1541 1278 1615 1298 cum
1634 1268 1710 1298 nihil
1726 1277 1903 1308 moveatur;
1928 1277 1957 1301 et
1972 1271 2051 1301 hanc
2075 1272 2208 1303 maxime
2225 1274 2362 1304 solemus
2378 1274 2480 1305 dicere

1495 1312 1553 1341 sub
1577 1318 1719 1352 tempore
1737 1313 1980 1353 corruptionem.
1996 1317 2039 1345 At
2053 1325 2126 1345 vero
2146 1326 2247 1356 neque
2261 1317 2340 1347 hanc
2354 1325 2478 1357 tempus

1495 1355 1584 1386 facit:
1609 1356 1663 1385 sed
1686 1356 1796 1386 accidit
1809 1357 1843 1386 in
1858 1364 1999 1397 tempore
2022 1357 2088 1395 fieri
2111 1366 2141 1389 et
2158 1359 2238 1390 hanc
2261 1361 2477 1392 mutationem.

1429 1399 1526 1436 Quod
1545 1399 1675 1439 quidem
1690 1399 1784 1439 igitur
1801 1407 1926 1440 tempus
1945 1408 2005 1439 est,
2030 1408 2060 1432 et
2082 1402 2159 1442 quid
2179 1410 2238 1442 est,
2261 1411 2290 1434 et
2310 1411 2389 1444 quot
2411 1415 2479 1434 mo-

1495 1443 1541 1472 dis
1561 1443 1693 1473 dicimus
1716 1443 1822 1483 ipsum
1844 1455 1940 1483 NUNC,
1965 1451 1995 1475 et
2017 1445 2094 1485 quid
2117 1446 2222 1485 ipsum
2237 1458 2334 1485 TUNC,
2358 1454 2388 1478 et
2402 1448 2480 1488 quid

1493 1496 1600 1524 mono,
1632 1493 1662 1517 et
1691 1487 1768 1527 quid
1795 1498 1869 1526 IAM,
1895 1495 1925 1519 et
1946 1488 2024 1528 quid
2054 1499 2148 1527 omn,
2178 1498 2207 1521 et
2231 1491 2307 1531 quid
2330 1501 2479 1529 REPENTE,

1494 1530 1614 1561 dictum
1637 1537 1692 1561 est.

1427 1574 1443 1593 *
1459 1574 1517 1604 His
1541 1581 1646 1604 autem
1669 1574 1760 1604 nobis
1783 1574 1826 1605 sic
1850 1575 2073 1614 determinatis,
2097 1576 2298 1608 manifestum
2321 1584 2366 1608 est
2393 1578 2480 1618 quod

1494 1628 1624 1648 ornnem
1653 1618 1860 1649 mutationem
1880 1627 1910 1650 et
1937 1629 2033 1650 omne
2055 1620 2143 1660 quod
2171 1628 2332 1659 movetur,
2356 1631 2479 1652 necesse

1494 1668 1539 1691 est
1562 1662 1681 1692 moveri
1703 1662 1736 1692 in
1764 1669 1920 1702 tempore:
1945 1663 2082 1694 velocius
2106 1663 2190 1694 enim
2213 1671 2244 1695 et
2269 1665 2385 1695 tardius
2405 1665 2479 1695 dici-

1493 1715 1565 1735 mus
1589 1706 1763 1736 secundum
1779 1716 1908 1736 omnem
1931 1707 2155 1745 mutationem;
2178 1708 2211 1738 in
2230 1709 2376 1739 omnibus
2396 1709 2479 1739 enim

1494 1749 1537 1778 sic
1560 1748 1691 1779 videtur.
1718 1749 1797 1780 Dico
1826 1757 1932 1780 autem
1954 1751 2091 1781 velocius
2119 1752 2256 1789 moveriss,
2281 1753 2368 1792 quod
2393 1752 2478 1792 prius

1493 1797 1717 1823 transmutatur
1745 1794 1783 1823 ad
1807 1794 1982 1824 subiectum
2010 1795 2183 1824 secundum
2211 1795 2295 1826 idem
2324 1796 2478 1835 spatium,

1493 1843 1523 1867 et
1547 1837 1635 1877 quod
1658 1837 1832 1867 secundum
1855 1837 2028 1876 regularem
2055 1844 2180 1868 motum
2207 1846 2365 1877 movetur;
2389 1846 2424 1870 ut
2446 1839 2479 1869 in

1494 1879 1556 1910 loci
1574 1880 1760 1918 mutatione,
1777 1880 1802 1910 si
1820 1887 1952 1921 utraque
1971 1883 2145 1912 secundum
2161 1883 2394 1913 circulationem
2408 1893 2477 1913 mo-

1492 1931 1614 1962 ventur,
1639 1931 1693 1954 aut
1714 1931 1848 1965 utraque
1862 1925 2037 1955 secundum
2056 1932 2192 1964 rectum;
2217 1926 2355 1957 similiter
2374 1934 2479 1957 autem

1493 1975 1523 1999 et
1543 1968 1575 1998 in
1599 1968 1675 1998 aliis.

1425 2015 1468 2044 At
1489 2022 1564 2042 vero
1587 2012 1673 2052 prius
1687 2012 1720 2042 in
1736 2019 1879 2052 tempore
1903 2019 1958 2043 est.
1974 2012 2063 2042 Prius
2083 2013 2167 2043 enim
2183 2020 2213 2043 et
2233 2013 2386 2053 posterius
2405 2014 2478 2044 dici-

1491 2066 1563 2086 mus
1580 2056 1754 2086 secundum
1766 2056 1806 2086 ad
1821 2055 1927 2095 ipsum
1943 2066 2026 2098 nunc
2047 2056 2237 2087 distantiam:
2254 2057 2358 2096 ipsum
2373 2064 2478 2087 autem

1490 2109 1575 2130 nunc
1598 2100 1748 2130 terminus
1772 2099 1926 2140 praeteriti
1948 2107 1978 2131 et
1994 2100 2090 2131 futuri
2108 2107 2163 2131 est.
2189 2101 2303 2139 Quare,
2327 2101 2477 2141 quoniam

1490 2143 1558 2183 ipsa
1573 2153 1658 2174 nunc
1671 2144 1705 2173 in
1723 2150 1866 2184 tempore
1882 2150 1964 2182 sunt,
1985 2151 2015 2175 et
2029 2144 2115 2184 prius
2132 2151 2162 2175 et
2177 2144 2330 2184 posterius
2351 2144 2383 2174 in
2398 2152 2478 2175 tem-

1489 2197 1566 2227 pore
1581 2194 1686 2218 erunt:
1701 2187 1733 2218 in
1747 2197 1813 2227 quo
1824 2187 1908 2218 enim
1918 2194 1964 2218 est
1979 2188 2095 2228 ipsum,
2109 2195 2138 2219 et
2151 2188 2248 2228 ipsius
2263 2198 2346 2218 nunc
2362 2188 2477 2218 distan-

1490 2230 1541 2262 tia.
1563 2231 1590 2260 E
1611 2231 1764 2261 contrario
1789 2238 1895 2261 autem
1913 2231 1999 2271 prius
2021 2232 2131 2262 dicitur
2153 2238 2182 2262 et
2201 2232 2374 2262 secundum
2391 2242 2476 2272 prae-

1489 2274 1616 2305 teritum
1634 2281 1759 2314 tempus
1784 2282 1814 2306 et
1836 2275 1989 2306 futurum.
2005 2276 2040 2305 In
2063 2276 2227 2315 praeterito
2247 2275 2374 2316 quidem
2393 2275 2477 2305 enim

1488 2318 1575 2358 prius
1590 2318 1733 2357 dicimus,
1753 2319 1842 2359 quod
1857 2319 1982 2359 longius
1999 2327 2045 2350 est
2059 2320 2097 2350 ab
2113 2320 2183 2359 ipso
2204 2329 2298 2357 nunc,
2323 2319 2475 2359 posterius

1488 2368 1594 2392 autem
1619 2362 1707 2402 quod
1731 2362 1879 2402 propius:
1907 2363 1940 2393 in
1967 2363 2075 2394 futuro
2102 2370 2223 2401 autem,
2240 2363 2326 2403 prius
2349 2363 2476 2403 quidem

1488 2407 1576 2446 quod
1599 2406 1808 2446 propinquius
1833 2413 1878 2437 est
1891 2407 1951 2446 ipsi
1971 2417 2071 2445 nunc,
2091 2407 2245 2447 posterius
2265 2414 2370 2437 autem
2388 2408 2476 2447 quod

1487 2450 1599 2490 procul
1613 2456 1668 2480 est.
1685 2450 1789 2487 Quare
1804 2451 1957 2491 quoniam
1969 2451 2056 2491 prius
2071 2451 2103 2481 in
2118 2458 2259 2491 tempore
2275 2458 2330 2489 est,
2347 2461 2476 2481 omnem

1487 2500 1593 2524 autem
1623 2500 1750 2524 motum
1777 2494 1918 2534 sequitur
1948 2495 2055 2534 prius;
2083 2495 2286 2525 manifestum
2316 2501 2360 2525 est
2387 2494 2475 2535 quod

1488 2537 1591 2567 omnis
1614 2537 1748 2568 mutatio
1772 2545 1803 2568 et
1825 2545 1932 2568 motus
1955 2538 1988 2568 in
2011 2546 2153 2579 tempore
2177 2546 2231 2569 est.
2253 2534 2254 2537 ¹

1418 2693 1489 2721 pens
1509 2684 1586 2713 latet.
1609 2701 1628 2705 -
1649 2684 1794 2721 Epilogus.
1816 2701 1835 2705 -
1851 2694 1879 2720 4.
1901 2685 2069 2713 Ostenditur
2090 2686 2169 2722 quod
2183 2685 2277 2713 omnis
2298 2685 2416 2713 mutatio
2437 2685 2473 2713 sit

1418 2723 1448 2751 in
1468 2730 1608 2760 tempore.
1631 2725 1659 2759 a)
1681 2724 1757 2758 Quia
1777 2724 1807 2752 in
1827 2724 1908 2752 omni
1937 2725 2096 2753 mutatione
2123 2725 2264 2753 invenitur
2290 2724 2414 2752 velocius
2442 2731 2470 2752 et

1417 2763 1540 2798 tardius;
1561 2764 1632 2791 haec
1653 2770 1748 2791 autem
1769 2770 1899 2800 tempore
1921 2764 2152 2792 determinantur.
2174 2764 2305 2792 Velocius
2330 2763 2405 2791 enim
2430 2770 2472 2791 est

1418 2803 1499 2839 quod
1518 2809 1725 2830 transmutatur
1746 2803 1823 2839 prius
1844 2804 1882 2831 ad
1902 2804 2121 2831 determinatum
2143 2803 2294 2831 terminum
2313 2803 2470 2831 secundum

1417 2842 1495 2870 idem
1516 2842 1648 2878 spatium,
1671 2842 1694 2870 si
1715 2842 1750 2870 sit
1771 2843 1871 2870 eadem
1892 2843 1989 2879 regula
2010 2843 2156 2879 utriusque
2178 2849 2281 2870 motus.
2298 2859 2316 2863 —
2333 2843 2357 2869 5.
2379 2843 2406 2877 b)
2425 2843 2470 2869 ln-

1417 2890 1511 2918 super,
1534 2881 1602 2918 quia
1622 2882 1659 2910 ad
1680 2891 1798 2909 omnem
1817 2888 1930 2910 motum
1951 2882 2078 2918 sequitur
2098 2882 2175 2918 prius
2190 2888 2217 2909 et
2230 2881 2378 2918 posterius,
2401 2882 2470 2909 haec

1417 2927 1514 2949 autem
1535 2927 1600 2948 sunt
1621 2920 1651 2948 in
1672 2927 1802 2958 tempore
1817 2921 1961 2957 (dicuntur
1981 2921 2057 2949 enim
2078 2921 2235 2949 secundum
2250 2921 2411 2948 distantiam
2432 2921 2469 2948 ad

1417 2960 1511 2996 ipsum
1534 2969 1617 2994 nunc,
1640 2961 1720 2997 quod
1735 2967 1776 2988 est
1790 2960 1820 2988 in
1840 2962 1989 2997 tempore),
2006 2961 2134 2997 sequitur
2155 2961 2233 2996 quod
2257 2960 2351 2988 omnis
2373 2966 2467 2987 motus

1416 2999 1446 3027 in
1467 3006 1597 3035 tempore
1618 3000 1662 3027 sit.
1685 2999 1851 3028 Differentia
1872 2999 1945 3028 inter
1964 3000 2042 3036 prius
2064 3006 2091 3028 et
2110 2999 2252 3036 posterius
2273 2999 2302 3027 in
2318 2999 2469 3035 praeterito

1416 3045 1444 3067 et
1464 3038 1494 3066 in
1515 3039 1619 3067 futuro.

1412 3140 1479 3177 ibi:
1498 3141 1574 3177 His
1588 3146 1711 3177 autem
1726 3140 1830 3177 nobis
1846 3141 1865 3161 ³⁸
1881 3147 1948 3176 etc.
1963 3139 2070 3176 Circa
2087 3139 2252 3187 primum
2273 3138 2347 3174 duo
2362 3138 2465 3174 facit:

1412 3193 1537 3241 primo
1553 3193 1765 3230 manifestat
1783 3192 2018 3241 propositum
2032 3204 2101 3239 per
2115 3191 2312 3234 rationem3
2334 3202 2464 3225 secun-

1415 3246 1465 3283 do
1479 3258 1548 3294 per
1567 3245 1727 3293 signum,
1749 3245 1823 3281 ibi:
1837 3245 1994 3293 Signum
2014 3249 2135 3279 autem
2154 3242 2340 3289 sufficiens
2361 3242 2380 3262 '¹‘
2395 3248 2461 3278 etc.

1471 3309 1506 3334 2.
1527 3298 1626 3334 Dicit
1646 3309 1732 3344 ergo
1756 3297 1878 3345 primo
1899 3295 2002 3342 quod
2022 3294 2145 3330 omnis
2164 3293 2318 3329 mutatio
2341 3293 2387 3329 de
2407 3293 2462 3329 sui

1417 3350 1559 3386 ratione
1579 3356 1750 3386 removet
1773 3360 1853 3384 rem
1873 3359 1968 3394 quae
1993 3353 2166 3391 mutatur,
2187 3357 2208 3381 a
2227 3345 2382 3381 naturali
2411 3345 2463 3382 di-

1416 3402 1620 3451 spositione
1649 3413 1716 3438 sua
1737 3399 1772 3436 βε
1799 3399 1864 3436 sed
1887 3406 1963 3435 tam
1987 3397 2174 3445 generatio
2199 3410 2313 3445 quam
2338 3410 2462 3434 corru-

358 3547 385 3580 α)
405 3549 506 3577 tempus
523 3548 550 3570 et
568 3552 636 3570 num:
653 3545 690 3570 ad
708 3552 748 3570 ea.
761 3559 781 3564 -
794 3548 895 3577 tempus
909 3545 946 3571 ad
964 3553 1033 3571 nunc
1051 3549 1077 3570 et
1094 3545 1131 3570 ad
1148 3552 1179 3569 ea
1197 3544 1256 3576 PpE
1276 3546 1300 3567 et
1313 3542 1359 3572 ab,

305 3585 405 3613 tempus
424 3588 493 3606 nunc
510 3580 548 3605 ad
565 3587 596 3605 ea
614 3580 869 3611 ACIKNQRTVXY.

1469 3539 1494 3572 β)
1513 3546 1530 3564 a
1549 3539 1666 3564 naturali
1688 3538 1858 3569 dispositione
1876 3544 1933 3562 sua.
1950 3551 1968 3556 -
1987 3538 2021 3562 Ita
2039 3537 2127 3568 legunt
2145 3535 2221 3560 PBsF
2240 3540 2264 3560 et
2283 3535 2311 3566 b;
2329 3543 2346 3560 a
2365 3539 2462 3560 natura

1415 3576 1455 3601 vel
1474 3575 1502 3609 (a
1520 3575 1616 3599 addunt
1635 3574 1708 3606 HpE)
1728 3572 1895 3604 dispositione
1913 3579 1961 3597 sua
1979 3571 2054 3596 ceteri
2073 3571 2172 3596 codices
2191 3576 2216 3595 et
2228 3578 2253 3595 a.
2268 3571 2380 3603 Pergunt
2398 3570 2461 3603 GpE

2506 1585 2516 1595 '⁵
2532 1585 2588 1612 Cap.
2603 1591 2650 1606 xrv.

2506 1610 2573 1632 Text.
2590 1617 2634 1638 129.

2494 3149 2505 3160 ⁴
2520 3148 2588 3170 Num.
2601 3155 2627 3174 4.

2490 3252 2501 3262 ⁸
2515 3251 2584 3273 Num.
2599 3258 2621 3279 3.
