2950 4004
25 1120 27 1122 ·
57 1115 70 1135 ,“
82 1120 128 1136 nou
142 1120 256 1136 arcuum.

59 1429 72 1440 ⁸
85 1428 148 1451 Lect-
162 1434 194 1450 tv.

61 1583 69 1592 ”
85 1582 148 1604 Lect.
163 1589 198 1604 111.

60 1741 70 1749 ·
84 1739 146 1761 Lect.
162 1745 211 1767 seq.

60 1901 72 1913 ⁸
84 1901 154 1923 Num.
169 1901 191 1923 8.

62 2217 72 2225 ·
86 2215 180 2263 guducit
198 2221 274 2237 uzei-m

62 2248 78 2264 a
101 2257 107 2263 .

54 2379 59 2384 “
64 2376 72 2384 ·
94 2373 184 2395 inducit
206 2374 211 2398 ί
217 2379 265 2394 om.

0 2424 1 2431 ἵ
62 2400 176 2426 honines)
191 2399 259 2421 codd.

27 2550 30 2551 .
63 2533 75 2543 ⁶
91 2531 199 2553 videlicet
212 2537 275 2552 mxu

64 2563 172 2606 glvxvpu
187 2557 277 2579 scilicet

30 2674 38 2710 ¹,
64 2689 75 2700 ⁸
82 2688 175 2717 aliqm'd
180 2688 275 2710 add-zo.

67 3267 79 3278 ⁶
91 3267 160 3291 Num.
176 3275 250 3297 praec.

1177 295 1288 332 CAP.
1319 295 1350 340 1,
1380 295 1530 331 LECT.
1561 297 1575 331 1

293 374 524 423 probabitur.
554 374 684 410 Motus
719 380 845 410 autern
874 373 1084 410 secundum
1117 373 1245 409 locum
1274 384 1352 408 non

292 433 416 474 potest
438 426 622 473 ‚cognosci
649 426 719 463 nisi
748 434 996 474 cognoscatur
1019 427 1136 462 locus.
1162 424 1352 460 Naturalis

293 478 404 526 igitur
431 479 544 516 debet
571 479 808 516 considerare
837 480 884 516 de
913 479 1010 520 loco.

346 542 383 577 4.
413 531 561 568 Deinde
591 544 678 568 cum
708 531 810 568 dicit:
840 531 970 567 Habet
994 535 1118 565 autem
1138 528 1273 565 multas
1287 529 1352 564 a'u-

293 583 487 620 bitationes
515 591 597 629 etc.,
626 583 767 621 inducit
794 583 842 619 ad
860 582 963 619 idem
979 581 1164 618 rationem
1185 593 1230 617 ex
1249 587 1352 629 parte

294 643 434 672 nostra.
468 637 526 672 De
558 636 628 672 illis
656 636 758 673 6111111
786 648 808 672 3
836 633 1065 682 sapientibus
1103 633 1353 670 determinan-

295 688 387 724 dum
418 696 483 736 est,
510 688 720 736 dequibus
749 686 929 724 dubitatio
961 693 1031 731 est;
1061 686 1201 722 multae
1227 693 1353 722 autem

296 740 546 778 dubitationes
568 748 659 777 >sunt
687 740 734 777 de
755 740 853 786 loco,
878 738 970 786 quid
994 738 1050 775 sit.
1077 739 1251 784 Quarum
1275 739 1355 786 qui-

295 793 384 830 dem
413 792 688 830 dubitationum
717 792 854 840 duplex
883 798 938 827 est
966 802 1089 828 631153.
1119 792 1204 828 Una
1232 799 1287 827 est
1311 804 1355 828 ex

293 842 399 894 parte
433 845 548 893 ipsius
580 844 672 881 loci:
706 844 794 892 quia
826 855 905 880 non
943 855 1078 879 omnes
1109 843 1355 891 proprietates

295 897 368 934 loci
396 897 538 933 ducunt
565 897 603 933 in
633 897 794 933 eandem
823 895 1046 932 sententiam
1075 895 1122 932 de
1151 896 1254 942 loco;
1288 897 1356 933 sed

297 962 341 986 ex
379 949 606 997 quibusdam
639 948 931 997 proprietatibus
965 948 1037 984 loci
1070 948 1219 985 videtur
1252 949 1355 997 quod

295 1003 401 1038 locus
429 1001 474 1037 sit
500 1002 586 1048 hoc,
608 1014 653 1038 ex
673 1001 901 1050 quibusdam
930 1008 1057 1037 autem
1085 1001 1233 1038 videtur
1253 1003 1355 1049 quod

295 1055 401 1090 locus
429 1054 474 1090 sit
502 1054 614 1090 aliud.
644 1054 727 1090 Alia
753 1066 847 1090 vero
877 1065 990 1090 631153
1019 1060 1073 1089 651
1096 1065 1140 1090 ex
1163 1061 1267 1102 parte
1287 1055 1355 1090 ho-

295 1106 461 1143 minum:
491 1107 580 1154 quia
603 1106 746 1154 antiqui
765 1118 889 1155 neque
910 1107 929 1127 *
949 1106 1046 1142 bene
1066 1114 1270 1143 moverunt
1289 1107 1356 1144 du-

296 1159 517 1196 bitationem
555 1159 653 1196 circa
681 1160 824 1206 locum,
855 1171 979 1207 neque
1019 1158 1131 1195 etiam
1164 1159 1261 1196 bene
1295 1172 1355 1196 ex-

298 1211 505 1260 quisierunt
531 1212 740 1248 veritatem.

355 1265 386 1301 5.
407 1264 556 1301 Deinde
586 1276 673 1300 cum
699 1263 799 1300 dicit:
825 1263 934 1305 Quod
955 1264 1101 1311 quidem
1121 1264 1237 1313 igitur
1254 1264 1357 1301 locus

297 1316 344 1352 sit
371 1323 452 1364 ete„
473 1316 600 1365 incipit
621 1316 869 1354 determinare
892 1315 938 1352 de
957 1317 1061 1352 loco:
1092 1324 1127 1352 et
1144 1317 1268 1364 primo
1288 1329 1357 1366 per

298 1368 460 1405 modum
479 1369 764 1418 disputativurn3
785 1368 953 1405 secundo
979 1368 1268 1406 determinando
1291 1382 1356 1406 ve-

298 1421 465 1468 ritatem,
495 1422 566 1458 ibi:
596 1423 684 1458 Post
699 1423 792 1458 haec
810 1426 934 1457 autem
963 1421 1219 1468 accipiendum
1240 1424 1259 1444 ’θ’
1285 1429 1352 1459 etc.

300 1473 409 1510 Circa
436 1473 604 1522 primum
633 1475 710 1511 duo
739 1474 843 1510 facit:
872 1473 996 1521 primo
1017 1473 1168 1522 inquirit
1193 1475 1357 1523 disputa-

299 1526 375 1563 tive
395 1538 444 1562 an
464 1526 509 1562 sit
527 1527 650 1571 locus3
680 1526 848 1562 secundo
878 1525 967 1573 quid
987 1526 1042 1572 sit,
1069 1526 1136 1562 ibi:
1171 1527 1356 1568 Quoniam

299 1584 423 1615 autem
443 1578 547 1615 aliud
562 1579 581 1599 '¹‘
600 1586 668 1615 etc.
693 1579 802 1614 Circa
821 1578 988 1626 primum
1009 1579 1084 1615 duo
1105 1579 1208 1615 facit:
1231 1581 1356 1628 primo

298 1630 405 1679 ponit
436 1631 598 1667 rationes
627 1630 675 1667 ad
703 1630 983 1667 ostendendum
1011 1632 1139 1667 locum
1157 1644 1266 1678 -esse;
1301 1645 1356 1669 56-

300 1682 425 1718 61111610
459 1683 507 1719 361
536 1683 814 1720 ostendendum
843 1683 946 1730 quod
975 1684 1080 1720 locus
1109 1696 1186 1720 non
1212 1685 1267 1731 sit,
1288 1685 1356 1721 ibi:

297 1735 351 1770 At
370 1746 460 1771 vero
478 1736 590 1772 habet
614 1736 796 1784 defectum
819 1737 838 1756 '¹‘
868 1742 936 1772 616.
968 1735 1075 1772 Circa
1093 1736 1260 1784 primum
1281 1738 1357 1774 duo

299 1786 401 1823 facit:
430 1787 554 1836 primo
584 1788 745 1825 ostendit
772 1789 900 1824 locum
930 1800 1031 1834 esse,
1062 1788 1267 1825 rationibus
1296 1803 1356 1826 ac-

300 1839 416 1888 ceptis
435 1852 458 1875 a
476 1840 530 1876 rei
548 1841 721 1886 veritate3
752 1840 919 1877 secundo
940 1840 987 1876 ab
1008 1840 1249 1888 opinionibus
1269 1843 1358 1879 alio-

300 1904 401 1939 rum,
431 1891 500 1928 ibi:
529 1893 700 1941 Amplius
726 1904 889 1930 vacuum
910 1893 930 1912 *
951 1900 1018 1929 616.

354 1946 389 1981 6.
420 1944 528 1981 Circa
555 1946 722 1993 primum
750 1946 859 1994 ponit
887 1945 980 1982 duas
1000 1945 1181 1982 rationes:
1211 1946 1250 1983 in
1269 1959 1360 1995 qua-

300 2009 385 2034 rum
413 1997 537 2046 prima
565 1997 617 2034 sic
641 1998 820 2047 procedit.
851 1997 950 2034 Dicit
969 1998 1071 2034 enim
1091 2000 1195 2046 quod
1216 2012 1260 2035 ex
1279 1999 1361 2048 ipsa

300 2050 610 2087 transmutatione
640 2063 844 2099 corporum
873 2062 970 2098 (11136
999 2059 1203 2088 moventur
1229 2064 1361 2089 seeun-

302 2102 395 2139 dum
423 2103 567 2149 locum,
598 2103 840 2140 manifestum
870 2110 924 2139 est
952 2103 1057 2151 quod
1087 2104 1193 2140 locus
1221 2105 1362 2152 aliquid

302 2155 358 2191 sit.
389 2155 493 2191 Sicut
521 2155 623 2192 enim
651 2155 909 2192 transmutatio
940 2168 1036 2204 quae
1066 2163 1122 2192 est
1148 2158 1360 2195 secundum

302 2207 456 2255 formas,
475 2208 650 2244 homines
679 2208 823 2245 induxit
843 2209 862 2229 ’²²
883 2209 931 2245 ad
960 2208 1214 2255 cognitionem
1242 2217 1361 2247 mate-

303 2259 400 2307 riae,
431 2260 518 2308 quia
546 2261 683 2297 scilicet
711 2268 859 2310 oportet
879 2273 959 2297 esse
979 2261 1133 2308 aliquod
1149 2261 1360 2299 subiectum

302 2313 341 2349 in
360 2325 436 2361 quo
457 2313 526 2349 sibi
546 2314 691 2350 formae
712 2313 933 2359 succedant;
954 2313 1003 2349 ita
1023 2315 1282 2350 transmutatio
1305 2327 1361 2352 56-

303 2366 471 2402 cundum
490 2366 618 2402 locum
637 2366 781 2403 induxit
801 2367 821 2387 ’³‘
840 2366 1017 2402 homines
1037 2366 1086 2402 ad
1107 2367 1361 2413 cognitionem

302 2418 391 2464 loci;
422 2426 570 2466 oportet
599 2419 700 2455 enim
729 2431 810 2455 esse
844 2418 982 2467 aliquid
1009 2418 1075 2454 ubi
1103 2419 1174 2454 sibi
1203 2432 1362 2468 corpora

303 2470 516 2507 succedant.
547 2472 595 2507 Et
622 2472 696 2508 hoc
726 2479 780 2508 est
798 2472 903 2520 quod
922 2471 1057 2518 subdit,
1079 2472 1183 2519 quod
1204 2481 1361 2509 exeunte

302 2535 402 2572 aqua
429 2522 517 2560 inde
538 2525 557 2545 *
576 2524 641 2560 ubi
660 2536 760 2561 nunc
790 2531 856 2570 est,
883 2523 977 2560 sicut
997 2536 1041 2560 ex
1060 2524 1228 2573 quodam
1257 2538 1359 2572 vase,

302 2576 438 2612 iterum
467 2577 649 2613 subintrat
676 2590 750 2613 aer.
783 2577 882 2613 Cum
910 2576 1019 2624 igitur
1048 2578 1212 2613 eundem
1236 2579 1362 2615 locum

303 2628 534 2677 quandoque
566 2629 667 2666 aliud
695 2641 831 2678 corpus
861 2629 1038 2676 detineat,
1070 2641 1114 2665 ex
1140 2630 1215 2666 1106
1243 2631 1362 2667 1113111-

302 2681 440 2717 festum
467 2680 617 2718 videtur
641 2694 722 2718 esse
756 2681 861 2730 quod
880 2682 986 2718 locus
1014 2681 1058 2718 sit
1078 2682 1098 2702 ‘¹‘
1118 2682 1218 2719 aliud
1242 2684 1290 2719 ab
1319 2684 1362 2720 iis

303 2745 400 2781 quae
438 2742 524 2770 sunt
556 2734 594 2770 in
630 2735 715 2770 loco
754 2741 791 2770 et
823 2741 1118 2771 transmutantur
1151 2736 1362 2772 secundum

303 2786 453 2822 locum:
487 2787 576 2835 quia
602 2786 668 2822 ubi
705 2799 806 2823 nunc
844 2794 898 2822 est
925 2799 1009 2832 aer,
1046 2786 1150 2835 prius
1184 2800 1282 2836 aqua
1310 2789 1362 2825 ibi

305 2845 399 2884 erat;
429 2839 533 2886 quod
562 2851 640 2875 non
669 2847 766 2875 esset
793 2838 823 2875 si
851 2840 955 2875 locus
979 2851 1059 2875 non
1088 2847 1184 2876 esset
1207 2841 1305 2877 aliud
1327 2849 1363 2877 et

304 2891 351 2927 ab
381 2902 466 2926 aere
487 2899 523 2928 et
542 2892 589 2928 ab
619 2903 728 2939 aqua.
751 2891 986 2939 Relinquitur
1005 2891 1114 2939 igitur
1132 2893 1237 2939 quod
1255 2894 1361 2930 locus

304 2950 360 2979 est
388 2942 544 2991 aliquid3
576 2951 612 2980 et
641 2951 696 2980 est
727 2943 923 2992 quoddam
952 2945 1243 2993 receptaculum,
1273 2947 1362 2982 alte-

304 3008 390 3032 rum
409 2996 456 3032 ab
476 3004 637 3044 utroque
656 2997 883 3043 locatorum;
905 3004 940 3033 et
959 3004 1014 3033 est
1033 2997 1214 3034 terminus
1234 3007 1361 3036 motus

304 3048 432 3085 localis
460 3062 482 3086 a
510 3062 586 3098 quo
616 3056 651 3085 et
678 3049 716 3085 in
744 3061 872 3098 quem.

358 3113 394 3148 7.
425 3101 641 3138 Secundam
670 3101 854 3138 rationem
882 3101 988 3150 ponit
1011 3101 1077 3138 ibi:
1106 3103 1277 3151 Amplius
1295 3116 1362 3140 au-

305 3158 376 3189 tem
404 3152 479 3190 loci
503 3154 723 3190 mutationes
751 3161 818 3191 etc.
849 3155 897 3191 Et
917 3154 1004 3191 dicit
1031 3155 1134 3203 quod
1154 3168 1242 3192 cum
1267 3169 1360 3205 quo-

305 3218 556 3254 rumcumque
573 3219 777 3255 corporum
793 3214 920 3243 motus
935 3208 1107 3244 ostendat
1122 3209 1249 3245 locum
1265 3221 1359 3256 esse,

304 3266 346 3295 ut
374 3258 514 3295 dictum
543 3267 599 3295 est
617 3261 649 3306 ⁴*,
670 3267 796 3296 motus
824 3259 951 3296 localis
981 3272 1184 3308 corporum
1213 3269 1361 3298 natura-

305 3310 397 3347 lium
431 3310 679 3359 simplicium,
712 3319 754 3347 ut
780 3311 873 3358 ignis
912 3319 947 3347 et
978 3318 1097 3348 terrae
1132 3320 1167 3349 et
1200 3313 1360 3350 aliorum

305 3363 523 3399 huiusmodi
537 3363 710 3411 gravium
730 3371 766 3399 et
784 3363 939 3410 levium,
959 3376 1037 3400 non
1057 3365 1181 3401 solum
1201 3366 1362 3402 ostendit

305 3417 411 3464 quod
437 3417 542 3452 locus
571 3415 616 3451 sit
643 3415 794 3463 aliquid,
816 3415 883 3451 sed
912 3415 1025 3452 etiam
1046 3417 1151 3463 quod
1171 3417 1276 3454 locus
1296 3419 1361 3454 ha-

357 3535 383 3567 γ)
403 3534 440 3558 ad
454 3534 499 3558 illa
517 3533 704 3558 convertimur.
718 3547 736 3552 -
750 3534 907 3558 ordinamur
921 3534 957 3558 ad
971 3534 1039 3558 idem
1059 3534 1089 3563 D.
1104 3534 1261 3558 ordinamur
1274 3535 1311 3558 ad
1329 3541 1360 3558 ea

307 3570 355 3600 RS,
369 3569 528 3594 ordinamur
546 3568 582 3592 ad
596 3568 661 3592 illud
681 3569 738 3593 edd.
756 3569 798 3593 ab
818 3574 843 3593 et
861 3574 908 3593 cet.
929 3569 1003 3593 codd.

358 3603 382 3636 δ)
401 3605 484 3629 solum
503 3603 644 3628 secundum
665 3604 836 3634 intellectum,
855 3604 996 3629 secundum
1016 3603 1094 3636 quod.
1108 3617 1125 3622 -
1139 3603 1192 3643 Pap
1212 3603 1298 3635 legunt
1316 3610 1357 3628 so-

2391 310 2459 345 147

1407 373 1494 408 beat
1527 373 1720 420 quandam
1753 374 1960 422 potentiam
1991 381 2026 410 et
2052 374 2239 410 virtutem.
2277 374 2462 411 Videmus

1408 425 1509 461 enim
1537 426 1641 472 quod
1668 428 1971 474 unumquodque
1991 427 2130 462 horum
2158 427 2273 463 fertur
2292 427 2330 463 in
2350 439 2462 463 suum

1407 477 1603 525 proprium
1623 479 1642 497 ³
1662 479 1790 515 locum
1818 479 1970 526 quando
2000 491 2078 515 non
2105 479 2324 526 impeditur,
2349 491 2463 526 grave

1395 529 1563 577 'quidem
1593 530 1792 576 deorsum,
1821 532 1905 567 leve
1935 539 2061 567 autem
2099 544 2261 568 sursum.
2300 533 2358 568 Ex
2386 544 2462 580 quo

1408 589 1510 629 patet
1529 583 1630 629 quod
1651 583 1755 619 locus
1774 584 1888 619 habet
1906 577 2098 631 quandam
2117 584 2294 620 virtutem
2315 596 2464 620 conser-

1408 634 1524 670 vandi
1547 635 1734 671 locatum:
1756 643 1792 671 et
1809 644 1963 683 propter
1990 637 2064 672 hoc
2088 637 2253 672 locatum
2282 636 2399 674 tendit
2426 636 2464 672 in

1410 698 1522 722 suum
1549 687 1677 723 locum
1706 687 1890 724 desiderio
1920 701 2010 724 suae
2039 689 2345 725 conservationis.
2374 689 2464 725 Non

1411 746 1536 774 autem
1567 751 1610 775 ex
1638 740 1712 775 hoc
1740 740 1947 776 ostenditur
1974 740 2079 788 quod
2106 742 2211 777 locus
2236 742 2374 777 habeat
2391 741 2464 778 vir-

1409 799 1527 827 tutem
1565 792 1817 839 attractivam,
1853 793 1923 828 nisi
1958 793 2051 829 sicut
2079 794 2099 813 ἴς
2132 794 2217 829 finis
2250 794 2382 830 dicitur
2414 800 2465 830 at·
2491 802 2501 812 ¹

1410 844 1567 879 trahere.

1466 897 1624 932 Sursum
1660 903 1786 932 autem
1825 904 1860 932 et
1897 897 2101 943 deorsum,
2141 904 2177 932 et
2211 897 2281 933 alia
2310 897 2356 933 de
2398 910 2465 933 nu-

1411 960 1517 984 mero
1555 960 1623 984 sex
1659 949 1938 994 distantiarum,
1977 949 2114 985 56111661
2151 957 2235 985 31116
2274 957 2308 985 61
2346 957 2465 997 16110,

2491 493 2502 502 ⁴
2512 493 2636 539 proprium
2653 500 2701 515 om.

2491 524 2505 538 a
2542 523 2563 540 et
2573 520 2641 541 codd.
2652 526 2701 542 exc.

2491 551 2517 566 zo

2522 802 2633 823 terminus
2654 803 2704 823 sive

2493 828 2544 850 add.
2559 834 2596 849 tc.

1411 1001 1647 1037 dextrorsum
1677 1008 1712 1036 et
1740 1001 2005 1048 sinistrorsum,
2023 1009 2107 1038 sunt
2125 1009 2250 1050 partes
2271 1009 2305 1037 61
2324 1002 2467 1050 species
2489 1023 2491 1025 ·

1411 1053 1494 1089 loci.
1526 1053 1755 1089 Huiusmodi
1784 1062 1910 1089 autem
1941 1054 2134 1090 distantiae
2173 1054 2468 1090 determinantur

1411 1106 1449 1142 in
1475 1105 1655 1142 universo
1693 1107 1902 1142 secundum
1941 1114 2133 1152 naturam,
2169 1114 2204 1142 et
2232 1118 2310 1142 non
2345 1108 2467 1143 solum

1411 1158 1540 1206 quoad
1568 1171 1650 1194 nos.
1680 1159 1728 1194 Et
1756 1159 1829 1194 1106
1856 1166 1974 1206 patet,
2005 1159 2093 1207 quia
2121 1159 2158 1194 in
2186 1159 2242 1195 his
2271 1159 2307 1194 in
2332 1159 2468 1207 quibus

1411 1211 1480 1247 ista
1510 1210 1683 1247 dicuntur
1720 1210 1847 1258 quoad
1880 1223 1970 1257 1105,
2001 1224 2078 1247 11011
2106 1224 2257 1259 semper
2284 1211 2386 1247 idem
2416 1218 2469 1247 est

1412 1275 1563 1300 sursum
1582 1263 1643 1299 vel
1673 1263 1853 1299 deorsum
1872 1264 1933 1299 vel
1953 1264 2188 1300 dextrorsum
2208 1264 2268 1299 vel
2288 1263 2470 1300 sinistror-

1413 1329 1519 1362 sum;
1549 1316 1615 1352 sed
1642 1315 1809 1352 variatur
1836 1316 2046 1352 secundum
2075 1317 2179 1364 quod
2215 1316 2469 1352 diversimode

1412 1381 1482 1405 nos
1512 1368 1768 1405 convertimur
1805 1368 1852 1404 ad
1881 1368 2027 1416 ipsum;
2061 1369 2162 1405 unde
2191 1369 2379 1404 multoties
2409 1368 2470 1404 ali-

1412 1421 1504 1470 quid
1521 1421 1747 1457 *immobile
1763 1433 1934 1467 manens,
1951 1420 2056 1469 quod
2069 1421 2172 1469 prius
2189 1428 2265 1457 erat
2285 1421 2469 1467 dextrum,

1412 1475 1455 1510 fit
1482 1474 1692 1520 sinistrum,
1723 1481 1759 1510 et
1787 1473 1954 1509 similiter
1982 1473 2028 1509 de
2058 1473 2148 1518 aliis,
2178 1480 2290 1521 prout
2318 1486 2388 1509 nos
2418 1473 2470 1509 di-

1411 1526 1628 1563 versimode
1662 1526 1710 1562 ad
1738 1526 1798 1562 illa
1828 1526 2084 1562 convertimur
2112 1531 2137 1561 7.
2169 1526 2246 1562 Sed
2274 1525 2312 1562 in
2340 1533 2472 1562 natura

1413 1579 1553 1626 aliquid
1581 1578 1872 1615 determinatum
1902 1586 1956 1614 est
1983 1591 2132 1615 sursum
2162 1586 2198 1614 et
2218 1578 2396 1614 deorsum
2416 1590 2471 1614 se-

1415 1632 1582 1668 cundum
1625 1639 1773 1667 motum
1811 1631 1982 1678 gravium
2021 1638 2056 1667 et
2092 1630 2260 1667 levium:
2305 1638 2340 1667 et
2377 1631 2471 1666 aliae

1412 1684 1618 1732 positiones
1648 1683 1857 1719 secundum
1885 1691 2034 1720 motum
2065 1683 2167 1729 caeli,
2197 1690 2238 1719 ut
2262 1683 2300 1719 in
2327 1683 2434 1719 tertio
2452 1684 2471 1704 *

1414 1737 1556 1773 dictum
1585 1743 1650 1772 est.
1681 1737 1772 1772 Non
1800 1736 1900 1772 enim
1929 1736 2183 1772 indifferenter
2207 1748 2470 1784 quaecumque

1412 1801 1499 1837 pars
1528 1788 1661 1824 mundi
1682 1795 1736 1824 est
1755 1801 1904 1824 sursum
1923 1790 1984 1824 vel
2009 1788 2204 1825 deorsum:
2235 1788 2301 1824 sed
2321 1800 2472 1836 semper

1415 1854 1563 1878 sursum
1589 1848 1644 1877 651
1671 1853 1747 1888 (1110
1769 1841 1788 1861 *
1810 1841 1978 1876 feruntur
2005 1841 2114 1886 levia,
2137 1841 2315 1877 deorsum
2345 1849 2470 1877 autem

1414 1906 1490 1942 quo
1510 1895 1530 1915 ᾗ
1548 1894 1717 1930 feruntur
1735 1893 1873 1940 gravia.
1895 1893 2171 1940 Quaecumque
2192 1901 2319 1929 autem
2340 1900 2471 1929 secun-

1415 1946 1507 1983 dum
1537 1959 1575 1982 56
1605 1946 1744 1982 habent
1773 1946 2037 1982 determinatas
2064 1946 2288 1993 positiones,
2319 1957 2471 1982 11666556

1415 2007 1470 2035 651
1484 1999 1589 2047 (111061
1604 1999 1767 2035 habeant
1781 1998 1967 2046 potentias
1983 1999 2118 2047 quibus
2134 1998 2427 2035 determinentur
2440 2000 2470 2035 *ε

1415 2052 1486 2088 3113
1514 2052 1616 2088 6111111
1645 2058 1700 2087 651
1727 2051 1765 2087 111
1793 2051 1944 2087 3111111311
1978 2051 2145 2099 potentia
2173 2051 2309 2099 dextri,
2341 2058 2376 2087 61
2404 2051 2474 2087 3113

1415 2104 1560 2141 sinistri.
1582 2104 1692 2142 Unde
1713 2103 1931 2152 relinquitur
1956 2104 2061 2152 quod
2081 2105 2185 2140 locus
2205 2104 2260 2149 sit,
2279 2112 2315 2140 et
2336 2104 2474 2140 habeat

1415 2157 1582 2206 aliquam
1600 2156 1818 2206 potentiam.
1836 2177 1859 2183 —
1877 2156 1994 2202 Quod
2009 2164 2135 2193 autem
2151 2156 2190 2192 in
2213 2156 2398 2205 aliquibus
2419 2156 2471 2193 di-

1416 2217 1519 2246 catur
1545 2209 1682 2258 positio
1711 2210 1835 2245 solum
1865 2209 1992 2257 quoad
2020 2221 2102 2255 nos,
2124 2209 2286 2245 ostendit
2310 2221 2377 2257 per
2396 2221 2474 2245 ma-

1415 2262 1633 2307 thematica;
1664 2274 1761 2310 quae
1790 2261 1962 2310 quidem,
1992 2261 2076 2297 licet
2103 2274 2180 2298 non
2209 2261 2281 2297 sint
2308 2261 2345 2297 in
2374 2262 2470 2307 1060,

1416 2322 1544 2351 13111611
1572 2314 1782 2350 attribuitur
1802 2314 1854 2350 eis
1873 2314 2010 2362 positio
2031 2315 2155 2350 solum
2174 2326 2242 2361 per
2261 2321 2474 2362 respectum

1416 2367 1463 2403 acl
1492 2379 1573 2403 nos.
1612 2367 1721 2403 Unde
1750 2366 1788 2402 in
1819 2367 1870 2403 615
1898 2379 1976 2402 11011
2005 2374 2060 2403 651
2090 2366 2226 2415 positio
2262 2366 2474 2402 secundum

1416 2427 1608 2465 naturam,
1638 2419 1704 2456 sed
1738 2420 1861 2455 solum
1896 2419 2107 2455 secundum
2136 2419 2383 2465 intellectum,
2418 2431 2474 2454 se-

1418 2472 1584 2509 cundum
1605 2472 1708 2520 quod
1728 2469 1741 2492 δ
1768 2471 2019 2518 intelliguntur
2047 2471 2083 2507 in
2112 2472 2237 2518 aliquo
2268 2472 2397 2508 ordine
2427 2471 2474 2507 ad

1417 2538 1497 2571 nos,
1517 2525 1579 2561 vel
1595 2522 1714 2573 'supra
1741 2525 1802 2560 vel
1831 2525 1961 2560 subtus
1990 2524 2050 2560 vel
2075 2525 2309 2560 dextrorsum
2337 2524 2399 2559 vel
2427 2523 2472 2559 si-

1417 2578 1650 2614 nistrorsum.
1877 2612 1884 2619 ,

1471 2631 1505 2666 8.
1536 2630 1682 2666 Deinde
1713 2641 1799 2664 cum
1829 2628 1934 2665 dicit:
1964 2628 2134 2676 Amplius
2168 2640 2329 2664 vacuum
2367 2629 2473 2675 affir-

1415 2689 1558 2719 mantes
1591 2690 1672 2728 etc.,
1703 2681 1864 2717 ostendit
1891 2682 2017 2717 locum
2045 2693 2137 2727 esse,
2163 2693 2207 2716 ex
2233 2680 2473 2729 opinionibus

1416 2735 1586 2772 aliorum.
1626 2736 1675 2771 Et
1701 2734 1824 2782 primo
1860 2746 1904 2770 ex
1942 2733 2118 2782 opinione
2157 2733 2379 2781 ponentium
2407 2745 2472 2769 va-

1417 2800 1542 2824 cuum.
1574 2787 1673 2834 Quia
1701 2787 1930 2835 quicumque
1959 2787 2148 2822 affirmant
2174 2798 2340 2822 vacuum
2369 2797 2470 2831 6556,

1415 2853 1569 2877 11666556
1598 2847 1652 2876 651
1672 2840 1775 2888 quod
1795 2839 1920 2876 dicant
1940 2851 2019 2875 esse
2040 2840 2178 2886 locum,
2200 2851 2287 2874 curn
2306 2850 2472 2875 vacuum

1415 2893 1505 2930 nihil
1532 2893 1633 2929 aliud
1653 2892 1698 2929 sit
1716 2904 1832 2940 quam
1852 2893 1956 2928 locus
1975 2891 2142 2940 privatus
2164 2903 2332 2939 corpore.
2354 2891 2402 2926 Et
2421 2890 2474 2926 sic

1416 2958 1460 2982 ex
1488 2946 1562 2982 hoc
1591 2953 1626 2982 et
1654 2957 1699 2981 ex
1725 2945 1940 2993 praemissis
1966 2944 2171 2981 rationibus
2194 2951 2320 2992 potest
2339 2943 2471 2991 aliquis

1416 2999 1614 3047 concipere
1629 2998 1649 3019 *
1665 2998 1768 3046 quod
1788 2999 1892 3034 locus
1912 2997 1958 3033 sit
1977 2997 2115 3046 aliquid
2134 3004 2282 3045 praeter
2301 3008 2471 3044 corpora,

1417 3059 1452 3088 et
1470 3052 1574 3099 quod
1590 3050 1718 3087 omnia
1734 3062 1892 3098 corpora
1908 3050 2094 3086 sensibilia
2109 3050 2181 3086 sint
2199 3049 2237 3085 in
2251 3050 2347 3085 loco.

1470 3116 1505 3151 9.
1538 3103 1714 3140 Secundo
1744 3103 1814 3139 ibi:
1851 3103 2039 3139 Videbitur
2077 3108 2199 3138 autem
2232 3102 2355 3149 utique
2383 3108 2470 3147 etc.,

1415 3156 1557 3193 inducit
1571 3156 1618 3192 361
1634 3155 1738 3192 idem
1755 3157 1773 3177 ’¹‘
1786 3155 2004 3203 opinionem
2022 3154 2188 3200 Hesiodi,
2206 3154 2269 3201 qui
2289 3153 2355 3189 fuit
2373 3165 2470 3188 unus

1418 3209 1464 3246 de
1494 3208 1652 3256 antiquis
1680 3208 1801 3256 poetis
1829 3207 2031 3254 theologis3
2058 3206 2121 3254 qui
2148 3206 2275 3253 posuit
2302 3206 2321 3225 '¹‘
2347 3204 2470 3253 primo

1416 3262 1557 3298 factum
1582 3273 1663 3297 esse
1684 3261 1809 3297 chaos.
1831 3260 1931 3296 Dixit
1950 3260 1969 3279 ‘¹‘
1990 3258 2092 3295 enim
2112 3258 2214 3305 quod
2233 3257 2357 3305 primo
2377 3256 2472 3293 inter

1417 3314 1546 3350 omnia
1574 3314 1713 3350 factum
1744 3320 1798 3348 est
1818 3313 1943 3357 chaos,
1965 3310 2070 3358 quasi
2090 3310 2278 3358 quaedam
2299 3309 2469 3345 confusio

1417 3373 1453 3402 et
1481 3366 1759 3414 receptaculum
1798 3375 2021 3411 corporum;
2058 3370 2093 3398 et
2119 3369 2251 3409 postea
2287 3362 2383 3398 faeta
2416 3369 2471 3398 est

1415 3425 1512 3455 terra
1541 3419 1614 3454 lata
1633 3418 1681 3454 ad
1710 3415 1967 3464 recipiendum
1996 3414 2145 3451 diversa
2174 3426 2349 3463 corpora:
2371 3426 2415 3450 ac
2439 3415 2469 3450 si

1415 3536 1468 3559 lum
1487 3536 1631 3560 secundum
1651 3535 1727 3567 quod,
1742 3535 1862 3558 omittunt
1877 3541 1970 3566 nempe
1984 3535 2124 3559 secundum
2145 3534 2311 3559 intellectum.
2326 3535 2375 3559 Sed
2395 3535 2469 3559 codd.

1413 3570 1487 3594 lectio
1506 3571 1606 3602 planior
1630 3570 1729 3594 videtur
1744 3574 1768 3594 et
1782 3569 1941 3601 praecedenti
1961 3570 2078 3594 membro
2098 3570 2190 3594 melius
2209 3570 2372 3602 respondere,
2397 3570 2470 3594 Unde

1413 3605 1438 3628 in
1458 3605 1495 3629 eis
1514 3610 1561 3629 etc.

2498 1433 2508 1442 ¹*
2517 1438 2584 1453 unum
2592 1432 2679 1453 elidem
2688 1439 2707 1453 5.

2595 1538 2611 1562 γ

2500 1690 2508 1698 ·
2523 1689 2587 1710 Lect.
2603 1695 2634 1716 tx,
2650 1695 2672 1710 n.
2684 1695 2710 1711 11.

2498 1847 2508 1856 ’¹
2523 1846 2562 1867 ubi
2575 1846 2627 1868 edd.
2638 1853 2652 1868 a
2662 1847 2674 1867 b
2688 1850 2709 1868 et

2500 1873 2567 1893 codd.

2502 1905 2509 1911 '
2523 1903 2562 1924 ubi
2575 1909 2642 1925 rann.

2502 2006 2511 2014 ·
2527 2004 2680 2051 germinentur
2698 2010 2712 2025 1·

2501 2037 2516 2052 α
2541 2046 2547 2051 .

2502 3009 2511 3019 ”
2526 3009 2649 3039 μενεῲεζε
2667 3015 2712 3030 naa

2502 3041 2567 3061 mnus,
2577 3040 2682 3062 accipere
2689 3041 2713 3056 6.

2500 3166 2508 3173 ·
2523 3164 2566 3185 hoc
2580 3170 2616 3186 m.

2498 3217 2509 3227 ⁴
2521 3219 2611 3244 ponunt
2624 3223 2660 3238 sc.

2500 3268 2507 3277 ¹
2523 3268 2580 3289 dicit
2593 3268 2662 3290 codd.
