2950 4004
1159 198 1269 234 CAP.
1298 197 1348 243 v,
1379 196 1529 233 LECT.
1560 197 1611 232 lx

2427 199 2470 233 81

1107 409 1406 466 LECTIO
1443 410 1665 464 NONA

586 563 720 594 RATIO
743 562 896 593 EORUM
920 562 1037 598 QUAE
1060 562 1156 592 TUM
1179 564 1208 591 A
1231 560 1512 591 PHILOSOPHIS
1535 561 1740 598 ANTIQUIS
1763 563 1858 592 TUM
1883 562 1938 592 AB
1961 562 2198 594 HOMINIBUS

962 614 1244 645 VULGARITER
1266 613 1323 643 DE
1347 613 1557 643 FORTUNA
1581 613 1807 644 DICUNTUR

296 748 456 789 Ἀόριστα
481 744 539 788 μὲν
565 743 621 776 οὖν
647 743 694 776 τοὶ
719 746 816 776 αἴτια
844 742 974 789 ἀνάγκη
993 741 1091 783 εἶναι,
1113 741 1166 787 ἀφ’
1188 742 1230 774 ὦν
1251 742 1288 774 ἂν
1306 742 1363 788 γε’-

368 799 460 821 νοιτο
478 788 519 821 τό
546 788 614 821 ἀπὸ
639 787 758 832 τύχης.
779 786 875 818 ’Ὀθεν
892 789 950 819 καὶ
967 788 987 823 ἡ
1007 787 1096 831 τύχη
1122 787 1184 819 τοῦ
1204 787 1361 831 ἀορίστου

368 830 452 864 εἶναι
477 828 571 864 δοκεῖ
592 834 649 864 καὶ
677 832 800 869 ἄδηλος
827 830 998 876 ἀνθρώπῳ.

299 879 364 911 Καὶ
391 876 483 908 ἔστιν
508 877 549 913 ὠς
581 871 675 908 οὐδέν
704 876 772 910 ἀπὸ
804 875 910 920 τύχης
939 870 1065 916 δόξειεν
1101 873 1139 906 ἂν
1173 874 1359 920 γίγνεσθαι.

366 919 485 952 Πάντα
501 920 568 966 γοίρ
586 922 705 954 ταῦτα
723 919 822 963 ὀρθῶς
837 921 993 966 λέγεται,
1013 918 1067 950 ὅτι
1084 917 1243 964 εὐλόγως.
1264 919 1362 951 Ἔστι

368 964 427 1008 μὲν
451 965 516 1010 γάρ
541 966 583 1002 ὠς
607 968 764 1011 γίγνεται
790 962 859 996 ἀπὸ
885 962 1006 1007 τύχης·
1032 963 1127 994 καταῖ
1151 963 1361 1006 συμβεβηκός

368 1008 433 1054 γάρ
464 1011 632 1055 γίγνεται·
662 1012 720 1042 καὶ
753 1008 844 1041 ἔστιν
880 1010 989 1043 αἴτιον
1023 1008 1064 1044 ὠς
1097 1007 1305 1050 συμβεβηκὸς
1341 1007 1361 1043 ἡ

370 1052 480 1096 τύχη,
506 1054 547 1090 ὠς
572 1048 601 1084 δ’
633 1054 745 1091 ἁπλῶς
773 1047 927 1092 οὐδενός,
954 1052 1022 1083 οἷον
1048 1051 1154 1088 οἰκίας
1187 1046 1362 1095 οἰκοδόμος

369 1097 428 1140 μὲν
455 1098 583 1138 αἴτιος,
608 1098 704 1130 κατοὶ
734 1096 941 1141 συμβεβηκὸς
966 1091 1004 1128 δὲ
1029 1094 1196 1132 αὐλητής·
1221 1098 1280 1127 καὶ
1302 1096 1363 1128 τοῦ

370 1139 515 1174 ἐλθόντα
539 1140 744 1185 κομίσασθαι
769 1141 810 1173 *ro*
838 1140 1011 1187 ἀργύριον,
1038 1140 1084 1184 μή
1111 1140 1237 1172 τούτου
1266 1138 1363 1171 ἕνεκα

371 1183 529 1226 ἐλθόντα,
558 1185 682 1230 ἄπειρα
707 1185 748 1217 τὰ
774 1183 914 1222 πλῆθος·
939 1187 996 1216 καὶ
1013 1185 1078 1230 γαρ
1095 1180 1175 1215 ἰδεῖν
1195 1184 1273 1215 τινοὶ
1289 1183 1365 1224 βου-

368 1228 508 1272 λόμενος
531 1232 588 1261 καὶ
613 1225 754 1270 διώκων,
780 1231 838 1261 καὶ
863 1228 1004 1274 φεύγων.

302 1276 367 1307 Καὶ
393 1272 435 1306 τὸ
460 1272 563 1317 φάναι
587 1271 672 1306 εἷναί
698 1286 732 1306 τι
757 1272 953 1318 παράλογον
979 1272 1043 1309 την
1070 1270 1191 1316 τύχην,
1215 1270 1328 1315 ὀρθῶς·
1349 1272 1364 1303 ὁ

368 1318 415 1363 γά
456 1316 557 1363 λόγος
584 1317 604 1355 ἦ
631 1319 697 1350 τῶν
725 1318 776 1351 ἀεὶ
796 1318 900 1349 ὄντων
919 1316 939 1354 ἦ
958 1318 1024 1348 τῶν
1049 1317 1091 1354 ὡς
1116 1317 1172 1348 ἐπὶ
1197 1317 1238 1347 τὸ
1262 1315 1363 1356 πολύ,

371 1363 392 1398 ἡ
417 1329 455 1395 §e
479 1361 567 1416 τύχη
595 1363 627 1394 ἐν
653 1366 723 1399 τοῖς
748 1361 957 1418 γιγνομένοις
982 1361 1077 1404 παρα
1101 1361 1232 1393 ταῦτα.
1262 1359 1359 1391 “Ὠστ“

371 1401 488 1442 ἐπειδὴ
506 1418 650 1451 αοριστα
665 1418 711 1438 τα
726 1417 832 1443 ουτως
851 1407 1028 1446 αἴτια,καὶ
1046 1406 1066 1440 ἦ
1081 1404 1170 1449 τύχη
1191 1403 1362 1446 ἀόριοτον.

297 1485 406 1529 ’Ὅμως
430 1481 459 1516 δ’
488 1485 540 1517 ἐπ’
570 1485 662 1515 ἐνίων
689 1483 888 1527 ἀπορήσειεν
916 1483 954 1515 ἀν
980 1494 1048 1524 τις,
1077 1481 1124 1525 ἀρ’
1154 1482 1210 1515 οὖν
1236 1483 1284 1514 τοὶ
1308 1494 1365 1514 τυ-

369 1529 480 1573 χόντα
512 1529 589 1560 αἴτι’
619 1526 657 1559 ἂν
682 1527 818 1573 γένοιτο
848 1527 910 1564 τῆς
936 1527 1065 1571 τύχης,
1093 1527 1160 1558 οἷον
1192 1527 1318 1570 ὑγιείας
1344 1526 1364 1562 ἦ

370 1573 502 1616 πνεῦμα
528 1570 548 1607 ἦ
573 1571 709 1611 ε’ίλησις,
731 1571 803 1604 ἀλλ’
825 1571 862 1602 οὐ
882 1570 922 1603 τὸ
946 1570 1190 1612 ἀποκεκάρθαι·
1210 1572 1282 1602 ἔστι
1300 1570 1364 1615 γαρ

372 1617 461 1649 ἄλλα
487 1615 596 1647 ἄλλων
622 1615 791 1661 ἐγγύτερα
809 1616 875 1646 τῶν
893 1615 989 1646 κατοὶ
1005 1614 1213 1658 συμβεβηκὸς
1232 1615 1362 1646 αἰτίων.

304 1703 397 1749 Τύχη
423 1697 461 1734 δὲ
487 1702 600 1747 ἀγαθή
626 1702 684 1746 μὲν
713 1701 876 1747 λέγεται,
903 1702 987 1735 ὅταν
1023 1700 1148 1748 ἀγαθόν
1175 1713 1208 1734 τι
1236 1701 1363 1743 ἀποβῇ·

370 1746 480 1791 φαύλη
505 1744 557 1787 δέ,
585 1746 668 1779 ὅταν
693 1746 822 1789 φαῦλόν
848 1757 894 1778 τι·

304 1793 446 1837 εὐτυχία
471 1786 509 1824 δὲ
532 1793 589 1822 καὶ
614 1786 794 1835 δυστυχία,
815 1789 899 1823 ὅταν
920 1788 1057 1836 μέγεθος
1084 1789 1099 1820 ἔ
1127 1801 1212 1821 οντα
1231 1790 1362 1821 ταῦτα·

369 1831 422 1868 διὸ
445 1839 503 1868 καὶ
529 1836 570 1869 τᾶ
597 1835 692 1879 παρὰ
714 1835 828 1880 μικρὸν
853 1833 971 1875 κακόν,
990 1833 1010 1870 ἦ
1039 1835 1108 1879 ἀγα
1133 1834 1166 1865 ἀν
1189 1833 1279 1879 μέγα
1302 1835 1364 1865 λα-

371 1881 439 1920 βεῖν
465 1878 485 1916 ἦ
510 1876 688 1924 δυστυχεῖν
714 1878 735 1915 ἦ
760 1880 912 1924 εὐτυχεῖν
940 1879 1044 1919 ἐστίν,
1072 1877 1125 1911 ὅτι
1150 1879 1192 1915 ὠς
1211 1876 1299 1921 ὐποίρ
1329 1890 1363 1909 ον

366 1923 461 1970 λέγει
485 1925 506 1961 ἢ
531 1919 680 1956 διοίνοια·
708 1924 748 1956 τὸ
773 1923 837 1970 γάρ
863 1923 959 1966 παραὶ
983 1923 1097 1966 μικρὸν
1126 1922 1236 1965 ὥσπερ
1267 1922 1304 1954 οὐ
1332 1922 1362 1954 ἐν

373 1968 511 2013 ἀπέχειν
537 1964 640 2000 δοκεῖ.

298 2057 375 2087 Ἔτι
406 2055 567 2096 ἀβέβαιον
593 2056 613 2091 η
639 2055 802 2099 εὐτυχία,
837 2053 995 2098 εὐλόγως·
1023 2055 1043 2091 ἡ
1069 2055 1133 2100 γάρ
1163 2055 1251 2099 τύχη
1287 2055 1365 2096 ἀβέ-

371 2099 480 2139 βαιος·
500 2099 579 2131 οὔτε
604 2099 668 2144 γοὶρ
689 2099 741 2130 ἀεὶ
767 2097 833 2130 οὔθ’
855 2099 896 2136 ὠς
916 2100 970 2130 ἐπὶ
988 2098 1028 2130 τὸ
1047 2098 1134 2130 πολύ
1155 2099 1257 2130 οἶόντ’
1278 2097 1363 2132 εἶναι

372 2144 438 2175 τῶν
465 2143 533 2174 &ved
558 2142 666 2187 τύχης
691 2141 799 2174 οὐθέν.

298 2231 396 2264 Ἔστι
421 2230 479 2273 μὲν
506 2227 561 2262 οὖν
589 2229 684 2274 ἄμφω
711 2231 821 2269 αἴτια,
839 2228 993 2271 καθάπερ
1011 2230 1155 2272 εἴρηται,
1174 2230 1269 2262 κατα
1285 2242 1367 2272 συμ-

373 2273 533 2350 &gna-65,
566 2277 622 2306 καὶ
649 2274 669 2310 ἡ
695 2272 738 2306 τύ
765 2287 784 2310 η
813 2275 872 2304 καὶ
904 2273 944 2304 τὸ
976 2272 1196 2316 αὐτόματον,
1229 2274 1261 2305 ἐν
1295 2278 1365 2311 τοῖς

373 2319 405 2350 ἐν
430 2318 601 2362 εχομένοις
632 2319 747 2372 γίγνεσ
771 2329 805 2349 αι
830 2317 876 2359 μή
905 2318 1016 2354 ἁπλῶς
1049 2312 1125 2372 μηδ’
1154 2319 1195 2355 ὠς
1233 2318 1289 2349 ἐπὶ
1324 2319 1365 2350 ‘co‘

373 2363 472 2403 πολύ,
498 2363 556 2394 καὶ
581 2373 712 2394 τουτων
740 2361 785 2393 ὅσ’
817 2360 855 2393 ἂν
880 2360 1015 2407 γένοιτο
1042 2361 1140 2393 ἕνεκά
1164 2373 1237 2394 του.

359 2459 508 2487 SYNopsts.
523 2473 561 2480 —
581 2467 604 2485 1.
618 2458 829 2494 Argumentum
844 2463 872 2485 et
892 2457 994 2485 divisio
1016 2463 1116 2485 textus.
1132 2473 1150 2477 -
1166 2457 1242 2492 Quia
1263 2466 1365 2485 causae

301 2507 359 2536 per
380 2497 514 2526 accidens
534 2504 600 2525 sunt
621 2496 763 2532 infinitae,
785 2503 813 2524 et
837 2496 981 2524 infinitum
1007 2496 1179 2533 inquantum
1200 2496 1366 2524 huiusmodi

305 2544 348 2565 est
369 2537 510 2574 ignotum,
531 2537 661 2571 fortuna,
683 2546 750 2564 cum
772 2535 808 2564 sit
829 2545 914 2564 causa
934 2545 985 2572 per
1005 2536 1146 2571 accidens,
1171 2542 1213 2564 est
1233 2535 1366 2564 immani-

305 2577 377 2604 festa
396 2575 517 2604 homini.
539 2593 558 2597 -
573 2583 600 2603 2.
615 2576 723 2604 Verum
737 2576 958 2612 quodammodo
973 2582 1015 2603 est
1030 2576 1109 2612 quod
1123 2585 1141 2603 a
1154 2577 1281 2613 fortuna
1297 2576 1368 2603 nihil

299 2616 348 2654 fit,
363 2615 431 2652 quia
445 2624 462 2643 a
476 2624 562 2643 causa
574 2624 626 2651 per
646 2615 778 2643 accidens
792 2614 863 2642 nihil
876 2615 908 2642 fit
921 2614 1094 2651 simpliciter.
1103 2632 1122 2636 -
1138 2615 1162 2642 3.
1180 2616 1287 2643 Texrus
1302 2616 1369 2643 sub-

307 2655 419 2683 divisio.
433 2664 492 2690 -4.
508 2655 593 2682 Recte
614 2653 716 2682 dicitur
736 2654 879 2682 fortunam
902 2663 963 2682 esse
984 2653 1045 2682 sine
1066 2654 1185 2688 ratione,
1201 2655 1269 2691 quia
1283 2654 1369 2682 ratio-

308 2694 397 2723 cinari
415 2703 476 2722 non
495 2703 650 2730 possumus
671 2693 725 2721 nisi
746 2694 782 2721 de
808 2693 841 2730 iis
862 2703 936 2730 quae
959 2700 1025 2721 sunt
1046 2703 1159 2730 semper
1174 2694 1218 2721 vel
1238 2694 1370 2730 stequen-

450 2820 461 2832 .
509 2802 555 2840 ι,
568 2793 662 2830 osita
678 2793 896 2830 definitione
912 2794 1095 2841 fortunae,
1116 2793 1176 2830 hic
1197 2806 1242 2830 ex
1261 2806 1369 2843 prae-

525 2850 547 2864 “·
568 2847 683 2883 missa
721 2846 940 2883 definitione
984 2846 1146 2894 assignat
1182 2847 1368 2884 rationem

460 2937 467 2946 „
570 2911 704 2936 eorum
734 2912 830 2948 quae
861 2899 908 2936 de
940 2900 1089 2936 fortuna
1114 2899 1298 2936 dicuntur.
1320 2901 1369 2937 Et

384 2988 387 2989 ⁷
444 2948 463 2995 s]
514 2950 551 2981 ἔν’
567 2952 692 3000 primo
722 2964 857 2989 eorum
885 2964 982 3001 quae
1007 2952 1104 2989 dicta
1133 2961 1219 2989 sunt
1241 2965 1263 2989 a
1286 2953 1367 3001 phi-

309 3003 477 3052 losophis
497 3005 657 3053 antiquis
678 3004 725 3041 de
744 3005 910 3051 fortuna3
931 3005 1099 3042 secundo
1116 3018 1249 3042 eorum
1270 3018 1368 3053 quae

71 3069 82 3080 υ
101 3068 205 3090 omnam
225 3074 284 3090 neno
311 3057 359 3092 ab
375 3056 592 3094 hominibus
609 3058 628 3079 ²³*
641 3058 844 3104 vulgariter
863 3058 910 3094 de
925 3058 1074 3095 fortuna
1094 3058 1277 3105 dicuntur,
1298 3058 1366 3095 ibi:

72 3101 167 3142 Qum.
182 3127 201 3149 ³.

73 3147 95 3159 ’⁸
127 3147 188 3169 Dect.
221 3154 261 3175 vn,

72 3179 137 3195 uum.
146 3179 159 3195 2
174 3180 224 3202 sqq.

72 3222 85 3233 ¹⁶
94 3228 154 3250 quae
167 3228 218 3244 tro.

310 3109 362 3145 Et
361 3109 564 3156 fortunam
578 3111 701 3147 dicere
711 3111 731 3131 ³¹⁴
743 3118 811 3148 etc.
829 3110 960 3148 Posuit
974 3118 1100 3148 autem
1116 3123 1229 3160 supra
1240 3112 1284 3132 *⁷³*
1294 3119 1368 3148 tres

313 3161 510 3209 opiniones
539 3162 586 3199 de
623 3163 772 3200 fortuna
806 3171 841 3199 et
873 3176 982 3210 casu,
1010 3177 1171 3212 quarum
1200 3163 1368 3201 mediam

312 3213 542 3262 improbavit
567 3222 750 3263 tanquam
778 3216 935 3252 omnino
959 3217 1110 3263 falsam3
1135 3216 1224 3265 quia
1239 3218 1259 3238 ³¹*
1275 3217 1368 3253 scili-

314 3273 372 3302 cet
398 3267 566 3315 ponebat
584 3267 774 3304 fortunam
803 3280 884 3305 esse
905 3280 1057 3305 causam
1088 3269 1179 3305 caeli
1203 3276 1239 3305 et
1258 3282 1367 3306 mun-

314 3319 501 3355 danorum
522 3319 706 3357 omnium.
727 3320 838 3356 Unde
862 3333 907 3356 ea
935 3321 1123 3357 subtracta
1152 3321 1198 3357 de
1227 3321 1367 3369 medio,

311 3371 436 3420 primo
467 3371 628 3419 assignat
656 3372 852 3420 quomodo
889 3373 1086 3409 veritatem
1119 3374 1232 3409 habet
1264 3374 1370 3410 tertia

1416 743 1434 761 ἥ
1450 743 1588 774 Infinitas
1611 744 1741 784 quidem
1764 745 1858 784 igitur
1882 756 1988 776 causas
2012 749 2137 776 necesse
2161 753 2207 777 est
2230 757 2306 785 esse,
2327 758 2345 777 a
2364 748 2478 788 quibus

1483 788 1594 828 utique
1617 788 1671 818 fiat
1693 789 1782 828 quod
1806 795 1851 819 est
1875 789 2010 820 fortuna.
2036 790 2127 820 Unde
2151 790 2275 821 videtur
2291 791 2417 822 fortuna
2432 793 2477 822 in-

1484 831 1572 862 finita
1595 841 1672 869 esse,
1692 839 1723 862 et
1745 832 1956 863 immanifesta
1980 833 2112 864 homini.
2153 851 2155 853 ·

1417 875 1459 905 Et
1482 882 1528 905 est
1551 881 1586 906 ut
1605 886 1622 905 a
1641 875 1768 906 fortuna
1790 876 1867 906 nihil
1890 877 2032 907 videatur
2055 877 2165 917 utique
2180 877 2256 908 fieri.
2275 877 2392 909 Omnia
2410 880 2478 920 qui-

1484 919 1558 949 dem
1581 919 1667 949 enim
1690 919 1765 949 haec
1789 926 1869 950 recte
1894 921 2050 959 dicuntur,
2071 921 2226 961 quoniam
2245 921 2477 953 rationabiliter.

1484 963 1541 993 Est
1564 963 1695 1003 quidem
1719 963 1804 993 enim
1827 970 1862 993 ut
1885 964 1924 994 sit
1939 975 1957 994 a
1976 965 2112 995 fortuna.
2137 965 2178 995 Et
2201 966 2376 996 secundum
2400 967 2478 997 acci-

1485 1007 1562 1036 dens
1586 1007 1671 1037 enim
1694 1006 1739 1044 fit,
1762 1006 1778 1025 *
1795 1013 1825 1037 et
1840 1013 1885 1037 est
1908 1018 2001 1038 causa
2024 1008 2104 1038 sicut
2126 1009 2267 1039 accidens
2291 1009 2428 1049 fortuna;
2446 1017 2480 1041 ut

1485 1057 1592 1080 autem
1616 1050 1812 1090 simpliciter,
1837 1051 1964 1081 nullius.
1989 1052 2033 1082 Ut
2056 1052 2172 1082 domus
2202 1052 2381 1084 aedificator
2409 1054 2479 1094 qui-

1486 1094 1559 1124 dem
1583 1104 1676 1124 causa
1695 1101 1758 1132 est,
1789 1095 1964 1124 secundum
1987 1096 2129 1125 accidens
2158 1103 2265 1126 autem
2293 1097 2426 1134 tibicen;
2450 1105 2480 1128 et

1484 1138 1663 1168 venientem
1679 1138 1832 1168 referendi
1848 1145 2023 1178 argentum,
2038 1149 2104 1169 non
2120 1139 2214 1170 huius
2236 1150 2330 1170 causa
2353 1141 2480 1171 venien-

1484 1189 1561 1220 tem,
1583 1181 1723 1212 infinitae
1746 1189 1819 1212 sunt
1841 1182 2063 1221 multitudine3
2081 1183 2197 1213 etenim
2219 1183 2323 1214 videre
2342 1185 2479 1225 aliquem

1485 1226 1606 1264 volens,
1631 1232 1661 1256 et
1684 1235 1886 1266 persequens,
1911 1233 1941 1257 et
1963 1226 2096 1265 fugiens,
2122 1233 2151 1256 et
2173 1227 2307 1258 visurus.

1418 1270 1435 1288 *
1450 1270 1491 1300 Et
1513 1268 1675 1300 fortunam
1698 1270 1799 1300 dicere
1823 1279 1889 1300 esse
1913 1270 2031 1310 aliquid
2045 1277 2128 1300 extra
2146 1271 2310 1310 rationem,
2327 1278 2408 1302 recte
2424 1279 2479 1303 est.

1485 1313 1579 1344 Ratio
1603 1313 1689 1343 enim
1712 1320 1766 1344 aut
1785 1320 1831 1344 est
1854 1323 1966 1344 eorum
1990 1324 2070 1354 quae
2095 1324 2218 1354 semper
2241 1322 2324 1353 sunt,
2349 1322 2403 1346 aut
2427 1326 2480 1346 eo-

1486 1367 1559 1388 rum
1582 1367 1663 1398 quae
1687 1364 1761 1388 sunt
1784 1357 1979 1398 frequenter:
2005 1357 2131 1388 fortuna
2155 1365 2262 1388 autem
2277 1358 2309 1388 in
2327 1359 2376 1389 his
2400 1370 2481 1400 quae

1485 1401 1566 1431 fiunt
1589 1407 1710 1441 praeter
1732 1401 1818 1432 haec.
1846 1402 1951 1438 Quare
1980 1401 2133 1441 quoniam
2161 1401 2300 1432 infinitae
2330 1413 2410 1443 quae
2439 1404 2481 1434 sic

1487 1455 1598 1476 causae
1621 1452 1709 1483 sunt,
1734 1451 1765 1475 et
1787 1445 1915 1475 fortuna
1938 1444 2060 1475 infinita
2084 1452 2138 1476 est.

1420 1490 1544 1519 Tamen
1568 1487 1689 1519 deficiet
1707 1489 1740 1518 in
1757 1489 1948 1528 quibusdam
1969 1489 2078 1528 utique
2097 1489 2219 1529 aliquis,
2239 1490 2407 1530 Numquid
2425 1490 2481 1530 igi-

1485 1539 1537 1563 tur
1560 1532 1689 1572 quaevis
1713 1532 1823 1572 utique
1850 1532 1926 1563 fiant
1955 1532 2100 1563 fortunae
2130 1541 2259 1564 causae:
2285 1539 2321 1563 ut
2343 1534 2480 1565 sanitatis

1486 1582 1541 1606 aut
1563 1576 1689 1616 spiritus
1713 1583 1767 1606 aut
1790 1583 1904 1615 aestus,
1928 1577 1983 1606 sed
2006 1587 2072 1606 non
2096 1575 2244 1616 depilari?
2271 1577 2352 1608 Sunt
2375 1584 2481 1608 autem

1486 1620 1563 1649 aliae
1587 1619 1653 1649 aliis
1683 1620 1890 1660 proximiores
1919 1630 1999 1660 quae
2030 1627 2103 1651 sunt
2131 1621 2306 1651 secundum
2339 1621 2480 1652 accidens

1488 1673 1663 1693 causarum.

1419 1706 1436 1725 *
1451 1706 1593 1737 Fortuna
1616 1713 1722 1736 autem
1745 1707 1829 1736 bona
1852 1706 1982 1746 quidem
1999 1707 2111 1737 dicitur
2126 1717 2200 1737 cum
2220 1708 2344 1738 bonum
2360 1708 2479 1749 aliquid

1487 1750 1606 1780 evenit:
1633 1760 1727 1789 prava
1750 1755 1857 1780 autem
1881 1760 1954 1780 curn
1977 1760 2111 1790 pravum
2134 1751 2261 1791 aliquid.

1419 1794 1649 1824 Eufortunium
1665 1800 1772 1824 autem
1791 1800 1821 1824 et
1835 1793 2047 1824 infortunium
2063 1801 2119 1832 est,
2137 1805 2211 1824 cum
2229 1795 2481 1834 magnitudinem

1485 1838 1601 1868 habent
1630 1838 1716 1868 haec.
1746 1837 1904 1874 Quocirca
1928 1844 1958 1868 et
1985 1848 2059 1868 cum
2089 1848 2202 1878 parum
2231 1839 2317 1868 abest
2345 1845 2381 1869 ut
2409 1840 2480 1880 quis

1486 1882 1608 1912 malurn
1627 1891 1682 1911 seu
1706 1882 1830 1911 bonum
1854 1881 1955 1921 capiat
1979 1892 2151 1921 magnum,
2175 1881 2408 1913 infortunatum
2429 1884 2480 1913 vel

1486 1926 1565 1956 bene
1585 1925 1782 1956 fortunatum
1806 1935 1871 1955 esse
1896 1925 2027 1955 dicitur:
2059 1926 2213 1966 quoniam
2237 1925 2317 1956 sicut
2340 1932 2385 1956 est
2409 1927 2482 1957 dicit

1486 1969 1678 2007 intellectus;
1707 1969 1797 2009 quod
1820 1969 1905 1999 enim
1928 1979 2057 2009 parum,
2084 1976 2237 2010 tanquam
2269 1970 2346 1999 nihil
2370 1970 2481 2001 distare

1486 2014 1619 2044 videtur.

1419 2057 1567 2097 Amplius
1598 2057 1754 2087 incertum
1777 2056 1995 2098 eufortunium
2027 2056 2250 2087 rationabiliter
2269 2063 2331 2087 est:
2357 2057 2483 2088 fortuna

1487 2101 1572 2131 enirn
1594 2101 1710 2130 incerta
1733 2107 1787 2130 est.
1811 2101 1923 2140 Neque
1947 2100 2032 2130 enim
2055 2107 2091 2131 ut
2114 2110 2252 2141 semper,
2276 2111 2378 2141 neque
2404 2101 2483 2132 sicut

1485 2144 1663 2185 frequenter
1692 2143 1840 2184 possibile
1870 2154 1936 2174 esse
1960 2154 2072 2174 eorum
2101 2155 2182 2185 quae
2212 2151 2286 2175 sunt
2313 2155 2330 2174 a
2358 2145 2484 2176 fortuna

1487 2188 1673 2228 quidquam.

1420 2231 1437 2251 *
1452 2231 1532 2262 Sunt
1554 2231 1685 2272 quidem
1700 2231 1795 2271 igitur
1809 2232 1904 2266 ambo
1925 2241 2046 2270 causae,
2064 2232 2339 2272 quemadmodum
2365 2233 2483 2263 dictum

1488 2282 1550 2314 est,
1575 2275 1751 2305 secundum
1774 2275 1937 2313 accidens,
1957 2282 1987 2306 et
2011 2275 2139 2306 fortuna
2166 2283 2196 2306 et
2219 2286 2327 2315 casus,
2352 2277 2384 2306 in
2408 2287 2483 2306 con-

1488 2319 1679 2358 tingentibus
1693 2318 1760 2348 fieri
1773 2328 1877 2359 neque
1892 2319 2073 2358 simpliciter
2087 2330 2190 2360 neque
2201 2320 2281 2351 sicut
2296 2320 2483 2361 frequenter,

1490 2370 1520 2393 et
1539 2372 1650 2393 eorum
1674 2372 1895 2403 quaecumque
1919 2363 2029 2404 utique
2051 2362 2127 2394 fient
2150 2370 2278 2404 propter
2301 2364 2429 2404 aliquid.

1418 2463 1470 2485 ter.
1493 2474 1511 2478 -
1535 2458 1560 2485 5.
1583 2457 1711 2485 Dubium
1732 2463 1829 2485 utrum
1851 2457 1947 2485 omnis
1969 2466 2055 2486 causa
2081 2467 2133 2494 per
2153 2458 2285 2486 accidens
2313 2458 2403 2494 possit
2429 2459 2485 2486 dici

1420 2505 1507 2524 causa
1520 2496 1580 2524 eius
1596 2498 1676 2533 quod
1689 2496 1721 2524 fit
1735 2506 1752 2525 a
1766 2497 1889 2525 fortuna.
1908 2498 2107 2533 Respondetur
2121 2498 2201 2534 quod
2215 2498 2263 2526 illa
2278 2507 2364 2526 causa
2377 2507 2427 2534 per
2438 2507 2485 2525 ac-

1420 2536 1517 2564 cidens
1531 2542 1575 2564 est
1596 2545 1682 2564 causa
1703 2536 1827 2571 fortuita,
1850 2545 1924 2573 quae
1945 2536 2054 2573 aliquid
2069 2534 2209 2573 operatur*
2218 2538 2255 2565 ad
2269 2538 2401 2566 effectum
2425 2538 2481 2565 for-

1420 2575 1535 2611 tuitum,
1549 2575 1614 2604 licet
1627 2585 1688 2604 non
1702 2576 1831 2604 intendat
1847 2575 1925 2604 illud.
1940 2592 1959 2596 -
1974 2577 2001 2604 6.
2015 2577 2140 2610 Quando
2155 2576 2266 2604 dicatur
2279 2577 2393 2605 fortuna
2407 2578 2485 2604 bona

1421 2615 1466 2643 vel
1487 2615 1572 2643 mala.
1594 2632 1612 2637 -
1637 2625 1664 2652 7.
1688 2615 1766 2650 Quid
1792 2615 1988 2643 eufortunium
2016 2622 2044 2643 et
2064 2615 2262 2644 infortunium.
2287 2633 2305 2638 -
2327 2617 2354 2644 8.
2381 2617 2484 2644 Eufor-

1422 2654 1503 2683 tunia
1523 2661 1589 2682 sunt
1609 2654 1732 2690 incerta,
1755 2654 1822 2692 quia
1842 2655 1958 2683 fortuna
1979 2661 2021 2683 est
2042 2664 2143 2683 eorum
2160 2665 2234 2692 quae
2257 2665 2351 2692 neque
2372 2664 2485 2692 semper

1422 2703 1517 2731 neque
1538 2694 1701 2731 frequenter
1721 2695 1900 2731 contingunt.
1920 2711 1940 2735 ,-
1962 2704 1990 2731 9.
2013 2695 2228 2731 Recapitulatio.

1423 2794 1568 2844 opinio,
1602 2807 1700 2843 quae
1728 2796 1897 2843 ponebat
1930 2796 2122 2832 fortunam
2156 2808 2238 2832 esse
2272 2795 2481 2832 immanife-

1423 2855 1519 2884 stam
1539 2847 1737 2894 “homini3
1767 2848 1936 2885 secundo
1965 2848 2163 2898 quomodo
2192 2848 2390 2885 veritatem
2417 2849 2482 2884 ha-

1422 2901 1509 2937 beat
1535 2900 1660 2948 prima
1688 2900 1830 2949 opinio,
1851 2913 1949 2949 quae
1977 2901 2103 2950 posuit
2131 2901 2220 2937 nihil
2248 2901 2330 2937 fieri
2359 2913 2380 2936 a
2409 2901 2482 2937 for—

1422 2960 1513 2990 tuna
1533 2961 1569 2989 et
1588 2966 1610 2989 a
1632 2954 1651 2974 ³³⁴
1670 2966 1771 3001 casu,
1801 2954 1868 2990 ibi:
1905 2955 1957 2990 Et
1979 2960 2032 2990 est
2059 2959 2099 2990 ut
2123 2966 2147 2990 a
2164 2955 2327 3002 fortuna
2349 2955 2391 2975 *²¹*
2412 2961 2480 2990 ete.
2509 2968 2519 2977 ⁴

1477 3006 1577 3053 Quia
1605 3014 1733 3043 autem
1753 3006 1924 3054 superius
1940 3007 1959 3027 ³²*
1975 3006 2117 3043 dictum
2138 3014 2193 3042 est
2216 3007 2321 3054 quod
2347 3018 2481 3043 causae

1422 3070 1491 3106 per
1510 3058 1684 3096 accidens
1704 3067 1791 3096 sunt
1808 3059 1992 3105 infinitae;
2014 3066 2050 3095 et
2068 3059 2203 3095 iterum
2224 3058 2365 3095 dictum
2395 3058 2480 3094 est*

1423 3111 1528 3159 quod
1557 3112 1706 3148 fortuna
1735 3119 1790 3148 est
1823 3124 1935 3148 causa
1966 3123 2035 3160 per
2067 3111 2259 3156 accidens3
2294 3110 2482 3146 concludit

1424 3176 1469 3200 ex
1496 3165 1714 3212 praemissis
1742 3164 1847 3213 quod
1867 3164 1946 3200 eius
1975 3164 2080 3212 quod
2100 3170 2154 3199 est
2173 3176 2195 3199 a
2215 3163 2373 3208 fortuna,
2395 3170 2482 3199 sunt

1423 3216 1590 3253 infinitae
1629 3229 1777 3254 causae.
1816 3218 1865 3253 Et
1901 3216 1988 3264 quia
2024 3215 2230 3262 infinitum,
2269 3214 2480 3251 secundum

1424 3270 1526 3317 quod
1556 3277 1611 3306 est
1639 3269 1838 3315 infinitum,
1870 3275 1923 3304 est
1955 3268 2138 3315 ignotum,
2173 3267 2260 3304 inde
2294 3275 2349 3304 est
2376 3267 2482 3315 quod

1423 3322 1573 3359 fortuna
1596 3321 1848 3358 immanifesta
1877 3327 1932 3356 est
1958 3319 2115 3356 homini.

1478 3386 1512 3410 2.
1542 3374 1689 3411 Deinde
1719 3385 1806 3409 curn
1836 3372 1942 3408 dicit:
1970 3373 2021 3408 Et
2046 3378 2099 3408 est
2117 3378 2156 3408 ut
2173 3384 2196 3408 a
2211 3373 2377 3420 fortuna
2398 3380 2479 3419 etc„

367 3510 394 3546 α)
410 3518 464 3537 esse
478 3511 720 3544 immanifestamn—
733 3518 788 3536 esse
800 3518 908 3536 causam
923 3511 1127 3544 immanifestum
1147 3512 1238 3536 EGsL.
1248 3524 1266 3531 --
1278 3511 1341 3535 Post
1356 3511 1559 3545 immanifestum
1580 3512 1605 3536 in
1625 3511 1711 3536 codice
1726 3511 1746 3535 B
1761 3510 1851 3535 mutilo
1865 3510 1951 3543 incipit
1970 3511 2072 3541 lacuna,
2095 3510 2126 3535 de
2146 3518 2196 3543 qua
2214 3511 2273 3536 vide
2286 3511 2482 3536 Praefationem.

458 3565 526 3597 Opp.
546 3565 576 3588 D.
592 3564 705 3589 Tnonmr:
724 3564 755 3588 T.
775 3565 803 3589 Il.

2275 3572 2300 3588 11

2506 757 2516 768 '⁶
2531 757 2584 784 Seq.
2600 762 2649 785 cap.
2665 764 2686 778 v.

2506 783 2572 804 Text.
2588 789 2622 810 53.

2507 1019 2518 1028 ⁵
2532 1018 2599 1040 Text.
2614 1025 2649 1046 54.

2507 1277 2514 1284 '
2532 1276 2599 1297 Text.
2615 1282 2646 1304 55.

2506 1713 2515 1723 ⁸
2530 1712 2595 1733 Text.
2611 1713 2646 1739 5ο.

2510 2242 2520 2252 *
2534 2242 2601 2265 Text.
2616 2250 2650 2271 57.

2610 2865 2625 2879 α

2543 2973 2557 2987 α
2581 2972 2628 2987 om.
2652 2965 2722 2987 codd.

2509 2994 2531 3004 '⁸
2546 2993 2615 3014 Num.
2631 2999 2678 3019 seq.

2509 3024 2586 3044 *Lech
2593 3029 2667 3051 praec.
2674 3023 2720 3045 n.8.

2509 3076 2520 3086 ’⁶
2534 3075 2593 3097 Ibid.
