2898 3996
73 433 84 444 ⁸
98 437 193 453 numero
207 437 244 453 m.

73 850 84 862 '¹
98 850 168 872 Num.
183 855 260 878 praec.

73 905 84 915 ⁸
98 906 122 925 et
134 904 187 926 add.
202 903 283 926 pnvab.

71 1007 168 1030 ⁸Num.
181 1013 230 1035 aeq.

23 1498 26 1499 γ
69 1484 79 1494 ·
151 1482 213 1503 eniel
226 1482 278 1504 edd.

22 1502 41 1527 “«
68 1514 84 1531 a
116 1512 138 1531 et
148 1508 217 1530 codd.
227 1515 277 1530 exc.

18 1573 42 1614 'ff
66 1583 79 1595 ⁸
91 1585 167 1605 motus
180 1583 232 1605 rab.

21 1619 30 1629 ν
44 1617 47 1619 ,

54 2108 77 2120 “·
88 2107 159 2130 Num.
171 2113 247 2136 praec.

29 2365 32 2366 ⁷
63 2373 72 2382 ¹
86 2371 156 2393 Num.
170 2378 194 2397 4.

64 3000 182 3028 'tempore
191 3007 272 3023 omma

1160 293 1270 329 CAP.
1301 293 1351 338 11,
1382 293 1532 328 LECT.
1563 294 1611 329 111

314 384 358 408 ex
376 370 683 417 indivisibilibus;
706 379 741 408 et
759 372 1000 408 manifestum
1023 379 1077 407 est
1095 371 1198 420 quod
1224 370 1367 417 magni-

312 424 549 461 tud0·omnis
574 432 628 461 est
654 424 700 461 de
720 436 857 472 genere
877 425 896 444 ’⁸
918 424 1194 460 continuorum.
1225 423 1282 459 Ex
1310 422 1367 458 his

312 476 480 525 sequitur
516 478 620 525 quod
656 489 810 513 necesse
838 477 883 513 sit
910 476 1062 524 aliquod
1089 487 1236 523 ,corpus
1263 475 1367 511 velo-

313 529 391 566 cius
411 529 448 566 in
474 529 621 578 aequali
648 537 818 578 tempore
847 541 915 577 per
940 529 1124 564 maiorem
1145 527 1367 574 magnitudi-

311 594 400 618 nem
436 582 604 627 moveri;
634 589 670 618 et
707 582 818 618 etiam
845 582 884 618 in
920 580 1056 616 minori
1093 587 1263 627 tempore
1300 591 1368 627 per

310 634 494 671 maiorem
530 633 826 681 magnitudinem
858 632 1017 669 moveri.
1056 633 1105 668 Et
1140 632 1214 667 hoc
1249 632 1366 667 modo

312 686 468 734 quidam
496 687 722 724 definierunt
747 685 927 731 velocius,
958 684 1062 733 quod
1080 684 1164 732 plus
1191 691 1368 722 movetur

311 739 350 776 in
377 739 525 788 aequali
552 746 723 787 tempore
751 745 787 774 et
815 737 924 773 etiam
953 736 991 773 in
1019 736 1167 773 minori.

369 792 400 828 5.
430 791 576 828 Deinde
605 802 693 827 cum
712 789 818 827 dicit:
848 789 903 825 Sit
919 790 1017 825 enim
1039 789 1157 836 ipsum
1179 796 1259 834 etc.,
1280 801 1366 838 pro-

311 844 376 880 bat
403 843 480 880 duo
507 842 712 891 praemissa
733 842 762 877 *.
783 842 832 878 Et
849 841 972 889 primo
1002 841 1104 889 quod
1132 841 1301 878 velocius
1329 841 1366 878 in

311 895 457 944 aequali
484 903 654 942 tempore
673 894 692 914 ²¹⁹²
709 905 779 942 per
809 893 931 930 maius
959 894 1120 942 spatium
1148 902 1365 940 moveatur;

310 946 477 984 secundo
497 945 601 994 quod
622 946 733 982 etiam
756 946 794 982 in
813 946 949 982 minori
967 955 1140 995 tempore
1159 959 1227 994 per
1244 947 1365 983 maius

310 998 471 1047 spatium
496 1005 683 1045 movetur,
713 998 784 1035 ibi:
812 999 865 1035 At
880 1010 970 1035 vero
990 1005 1026 1035 et
1042 999 1077 1035 in
1098 999 1238 1035 minori
1255 1000 1275 1020 ’ἓ
1296 1007 1364 1035 etc.

309 1051 408 1088 Dicit
433 1063 520 1098 ergo
540 1050 681 1099 primo:
711 1051 783 1088 sint
806 1051 883 1088 duo
911 1051 1067 1088 mobilia
1086 1053 1120 1087 A
1141 1058 1176 1087 et
1194 1052 1242 1098 Β,
1272 1064 1365 1100 quo-

309 1115 394 1140 rum
421 1103 652 1141 A⁴velocius
686 1103 730 1140 sit
767 1116 882 1153 quam
912 1105 963 1150 B;
1000 1111 1036 1140 et
1063 1103 1109 1140 sit
1145 1104 1364 1151 magnitudo

310 1156 390 1202 CD,
411 1168 527 1204 quarn
546 1156 745 1204 pertransit
762 1159 798 1193 A
825 1157 863 1193 in
883 1163 1054 1204 tempore
1073 1157 1133 1192 ΖΙ.
1163 1157 1367 1193 Moveatur

309 1215 437 1244 autem
466 1209 496 1244 B
525 1209 628 1257 quod
657 1216 712 1245 est
738 1209 879 1245 tardius
902 1215 935 1254 α,
966 1216 1002 1245 et
1028 1211 1063 1244 A
1091 1208 1195 1256 quod
1224 1216 1279 1245 est
1300 1221 1365 1245 ve-

308 1261 446 1307 locius,
475 1273 544 1309 per
573 1261 733 1298 eandem
770 1261 1089 1309 magnitudinem,
1125 1268 1161 1297 et
1187 1261 1366 1310 incipiant

308 1313 419 1350 simul
439 1314 600 1351 moveri.
631 1314 700 1350 His
729 1326 817 1362 ergo
835 1313 978 1362 positis,
999 1314 1052 1350 sic
1071 1321 1362 1360 argumentatur.

307 1366 485 1403 Velocius
515 1373 570 1402 est
596 1367 700 1415 quod
727 1367 766 1403 in
794 1366 942 1415 aequali
970 1374 1142 1414 ternpore
1169 1366 1253 1414 plus
1282 1379 1364 1403 mo-

307 1426 433 1455 vetur:
463 1418 530 1455 sed
557 1420 592 1455 A
621 1426 676 1455 est
693 1419 861 1455 velocius
889 1431 1006 1466 quam
1034 1419 1081 1454 B:
1112 1430 1200 1466 ergo
1223 1431 1309 1455 curn
1329 1420 1363 1455 A

305 1471 520 1519 pervenerit
548 1472 568 1492 ⁹⁵
595 1471 644 1508 ad
672 1473 725 1519 D,
758 1472 789 1507 B
818 1471 990 1508 nondum
1027 1471 1199 1519 pervenit
1230 1471 1278 1508 ad
1306 1473 1362 1517 D,

307 1524 412 1572 quod
441 1531 496 1559 est
522 1524 705 1560 terminus
733 1523 1019 1571 magnitudinis,
1050 1523 1117 1560 sed
1151 1523 1275 1560 adhuc
1303 1524 1362 1560 de-

295 1577 413 1624 ficiet,
433 1575 528 1612 idest
547 1576 696 1613 distabit
714 1576 762 1612 ab
788 1588 850 1622 eo;
879 1583 1028 1612 motum
1048 1577 1067 1597 ‘¹‘
1090 1583 1218 1612 tamen
1238 1576 1306 1612 erit
1325 1576 1363 1612 in

305 1629 380 1665 hoc
407 1636 580 1676 tempore
613 1641 681 1676 per
692 1628 875 1676 »aliquam
902 1636 1050 1677 partem
1083 1628 1360 1675 magnitudinis.

307 1681 406 1718 Cum
436 1693 525 1729 ergo
560 1681 684 1718 omnis
712 1693 799 1729 pars
819 1681 865 1717 sit
887 1681 1013 1717 minor
1031 1688 1122 1726 toto,
1143 1681 1363 1729 relinquitur

305 1734 409 1782 quod
441 1736 476 1770 A
508 1734 546 1770 in
582 1741 752 1782 tempore
789 1734 837 1769 ΖΙ
871 1740 1047 1769 movetur
1076 1745 1145 1780 per
1176 1733 1361 1769 maiorem

304 1786 603 1834 magnitudinem
631 1798 746 1834 quam
769 1786 812 1833 Β,
833 1786 938 1833 quod
965 1785 1004 1821 in
1032 1785 1169 1821 eodem
1189 1793 1360 1833 tempore

304 1846 482 1876 movetur
499 1851 568 1888 per
589 1846 737 1887 partem
766 1837 1042 1885 magnitudinis.
1064 1837 1174 1874 Unde
1195 1837 1362 1885 sequitur

304 1891 410 1940 quod
433 1891 602 1929 velocius
629 1891 668 1928 in
696 1891 844 1939 aequali
868 1898 1041 1938 tempore
1059 1890 1144 1938 plus
1170 1890 1216 1927 de
1241 1890 1361 1938 spatio

302 1944 512 1993 pertransit.

357 1998 393 2034 6.
422 1996 570 2034 Deinde
608 2008 696 2033 curn
734 1995 841 2032 dicit:
878 1995 931 2031 At
954 2007 1044 2032 vero
1081 2001 1118 2031 et
1152 1995 1189 2031 in
1223 1996 1364 2032 minori

296 2050 384 2098 plus
408 2057 491 2097 etc.,
521 2048 684 2086 ostendit
711 2048 815 2096 quod
841 2048 1012 2085 velocius
1040 2047 1078 2084 in
1107 2047 1243 2084 minori
1266 2056 1360 2084 tem-

301 2114 396 2152 pore
414 2103 499 2150 plus
519 2103 566 2139 de
586 2101 706 2149 spatio
725 2100 935 2149 pertransit.
964 2100 1118 2136 Dictum
1145 2108 1199 2136 est
1219 2102 1238 2122 ’²‘
1259 2101 1360 2137 enim

303 2155 407 2203 quod
431 2154 469 2191 in
493 2161 666 2202 tempore
695 2153 733 2190 in
761 2165 839 2200 quo
866 2154 898 2188 A
929 2152 1005 2188 iam
1032 2152 1206 2200 pervehit
1233 2154 1281 2190 ad
1309 2154 1357 2199 D,

303 2208 334 2244 B
362 2207 468 2256 quod
488 2213 543 2242 est
560 2205 711 2251 tardius,
741 2205 866 2241 adhuc
886 2204 995 2241 distat
1013 2217 1035 2240 a
1054 2206 1101 2241 D.
1130 2205 1250 2241 Detur
1270 2217 1358 2251 ergo

304 2259 408 2308 quod
432 2259 471 2295 in
490 2258 628 2295 eodem
647 2265 818 2306 tempore
847 2257 1043 2305 perveniat
1069 2269 1189 2304 usque
1210 2257 1257 2293 ad
1277 2258 1309 2293 E
1329 2256 1356 2293 β.

304 2311 404 2359 Quia
440 2311 550 2358 igitur
586 2310 710 2347 omnis
744 2309 964 2356 magnitudo
994 2309 1185 2346 divisibilis
1215 2317 1285 2355 est,
1319 2316 1359 2345 ut

303 2376 416 2413 supra
436 2364 455 2384 *⁸
474 2363 641 2412 positum
662 2370 726 2409 est,
749 2362 936 2399 dividatur
963 2362 1154 2398 residuum
1176 2362 1359 2409 magnitu-

302 2417 410 2463 dinis,
431 2416 570 2453 scilicet
588 2417 670 2462 ED,
691 2415 730 2451 in
750 2427 825 2463 quo
844 2414 1015 2451 velocius
1041 2414 1183 2451 excedit
1206 2414 1357 2461 tardius,

300 2469 340 2506 in
359 2469 453 2506 duas
471 2476 596 2517 partes
623 2468 662 2505 in
682 2474 824 2516 puncto
854 2468 900 2504 T.
931 2467 1174 2503 Manifestum
1195 2474 1249 2503 est
1268 2479 1357 2514 ergo

300 2521 405 2570 quod
424 2521 643 2569 magnitudo
673 2521 742 2556 CT
771 2527 827 2556 est
844 2519 970 2556 minor
994 2531 1110 2567 quam
1137 2519 1357 2567 magnitudo

301 2575 382 2611 CD.
413 2574 489 2611 Sed
516 2573 619 2610 idern
647 2572 788 2609 mobile
821 2584 891 2621 per
917 2572 1106 2609 minorem
1134 2572 1358 2619 magnitudi-

300 2639 389 2664 nem
409 2633 588 2663 movetur
600 2625 639 2662 in
654 2625 790 2662 minori
806 2632 990 2673 tempore.
1013 2625 1112 2671 Quia
1128 2637 1215 2672 ergo
1231 2625 1357 2674 ipsum

300 2681 335 2715 A
362 2678 535 2727 pervenit
562 2678 610 2715 ad
638 2679 673 2714 D
702 2678 740 2714 in
767 2684 846 2714 toto
874 2685 1047 2726 tempore
1075 2678 1145 2723 ΖΙ,
1176 2678 1223 2714 ad
1260 2690 1356 2726 pun-

301 2739 404 2768 ctum
432 2732 468 2768 T
495 2730 692 2779 perveniet
709 2730 748 2766 in
767 2729 904 2766 minori
923 2736 1110 2778 tempore;
1141 2737 1176 2766 et
1203 2729 1249 2766 sit
1267 2729 1356 2766 illud

300 2791 451 2832 tempus
479 2784 557 2819 ZK.
588 2782 680 2819 Inde
714 2782 766 2819 sic
800 2781 975 2829 arguitur.
1010 2782 1232 2829 Magnitudo
1263 2783 1354 2828 CT,

301 2849 417 2885 quam
445 2835 643 2884 pertransit
669 2836 721 2881 A,
751 2834 874 2870 maior
902 2841 957 2870 est
984 2834 1240 2881 magnitudine
1270 2835 1354 2881 CE,

301 2901 416 2938 quam
434 2887 634 2937 pertransit
660 2888 712 2923 B:
742 2886 809 2923 sed
837 2894 987 2934 tempus
1011 2887 1089 2933 ZK,
1118 2886 1156 2923 in
1176 2899 1252 2935 quo
1271 2899 1355 2935 per-

299 2941 430 2979 transit
447 2943 481 2978 A
505 2939 803 2988 magnitudinem
824 2939 905 2986 CT,
926 2946 982 2975 est
1004 2938 1129 2975 minus
1157 2946 1236 2975 toto
1265 2946 1356 2975 tem-

299 3004 392 3043 pore
421 2994 441 3015 *
469 2994 530 3040 ΖΙ,
550 2992 589 3029 in
617 3004 694 3040 quo
722 2993 753 3028 B
782 2991 923 3028 tardius
946 2991 1145 3039 pertransit
1172 2992 1355 3039 magnitu-

301 3046 430 3083 dinem
450 3046 533 3082 CE:
555 3044 722 3093 sequitur
741 3056 830 3091 ergo
850 3044 952 3092 quod
972 3043 1141 3080 velocius
1159 3043 1198 3080 in
1217 3044 1354 3080 minori

299 3106 472 3146 tempore
500 3103 731 3146 pertranseat
759 3096 882 3133 maius
910 3097 1084 3145 spatium.

353 3162 388 3198 7.
418 3148 566 3186 Deinde
594 3161 681 3186 cum
711 3148 817 3186 dicit:
845 3149 1092 3197 Manifestum
1121 3154 1244 3185 autem
1271 3155 1352 3196 etc.,

300 3202 461 3245 ostendit
475 3201 672 3250 quomodo
686 3201 855 3238 velocius
875 3214 915 3237 se
934 3202 1072 3238 habeat
1090 3202 1138 3238 ad
1156 3201 1296 3238 tardius
1315 3201 1353 3237 in

352 3302 379 3336 α)
395 3301 537 3327 Moveatur
548 3304 636 3326 autem
650 3301 681 3330 Β,
694 3301 766 3332 quod
778 3303 818 3325 est
833 3300 945 3325 tardius.
957 3314 975 3319 -
988 3300 1038 3324 Pro
1051 3303 1147 3327 autem,
1161 3299 1241 3324 etiam
1256 3299 1350 3324 habent

297 3338 438 3363 BFLRSV.
447 3350 466 3355 —
475 3336 582 3361 Codices
600 3336 719 3360 omittunt
737 3338 763 3360 et
776 3336 799 3359 A
813 3335 884 3367 quod
896 3338 935 3359 est
949 3334 1075 3359 velocius.-
1093 3342 1182 3359 revera
1195 3334 1257 3358 haec
1270 3334 1350 3358 verba

298 3381 350 3398 non
363 3373 481 3397 videntur
493 3370 636 3395 necessaria
649 3375 788 3402 postquam
802 3369 897 3394 dictum
916 3369 966 3394 iam
979 3373 1030 3393 est:
1040 3371 1066 3393 et
1083 3369 1119 3393 sit
1132 3369 1288 3401 magnitudo
1301 3369 1350 3393 CD

298 3415 377 3440 quam
392 3406 541 3439 pertransit
558 3406 595 3436 A,
614 3405 646 3429 ad
665 3405 735 3437 quod
758 3403 864 3428 remittit
886 3411 999 3436 sequens
1015 3410 1064 3435 per
1086 3403 1195 3428 eandem
1215 3404 1349 3436 magnitu-

298 3443 478 3511 dmffihusque
495 3476 532 3501 ad
551 3475 583 3500 E.
596 3488 615 3494 -
626 3475 673 3499 His
691 3474 788 3498 addunt
805 3473 855 3498 ab:
873 3473 898 3498 in
917 3481 968 3505 quo
987 3476 1104 3504 tempore
1120 3475 1249 3498 mutatum
1264 3476 1302 3497 est
1315 3473 1348 3497 ab

298 3513 354 3545 ipso
376 3513 398 3537 C
414 3513 439 3537 in
460 3512 544 3544 ipsum
565 3511 599 3539 D,
612 3509 710 3535 scilicet
728 3509 754 3533 in
774 3512 890 3540 tempore
908 3508 951 3538 ΖΙ,
964 3508 1010 3532 sed
1028 3508 1187 3540 expelluntur
1205 3507 1294 3531 iamin
1308 3507 1348 3532 ed.

297 3546 537 3616 venyeJ-sggia'ridum
557 3587 618 3605 vero
637 3583 676 3605 est
689 3586 741 3612 per
752 3586 780 3603 se
799 3579 974 3612 manifestum.
988 3591 1005 3596 —
1021 3577 1162 3603 secundum
1176 3577 1247 3610 quod
1255 3584 1307 3609 per
1320 3583 1348 3601 se

298 3618 466 3651 manifestum
481 3620 520 3642 est
531 3616 553 3640 N
558 3624 566 3647 ς
581 3623 627 3649 pro
639 3614 780 3640 secundum
794 3621 855 3639 vero
874 3617 920 3644 est,
935 3613 1048 3639 secundo
1061 3613 1139 3645 EpG;
1153 3616 1192 3637 est
1205 3620 1257 3637 om.
1271 3612 1346 3636 etiam

2399 297 2471 344 275

1421 371 1569 407 moveri
1602 383 1670 419 per
1704 373 1901 420 aequalem
1931 372 2240 419 magnitudinem.
2277 374 2474 421 Etprimo

1421 423 1597 471 proponit
1624 423 1826 469 intentum3
1857 425 2024 462 secundo
2057 426 2192 473 probat
2219 426 2473 474 propositum,

1422 475 1486 511 ibi:
1513 476 1696 516 Quoniam
1712 477 1809 513 enim
1823 478 1841 497 ³
1857 485 1925 514 etc.
1942 477 2041 514 Dicit
2060 490 2147 525 ergo
2166 478 2290 526 primo
2311 479 2415 527 quod
2431 491 2475 515 ex

1421 528 1634 576 praemissis
1655 530 1674 548 '³²
1699 530 1939 566 manifestum
1969 542 2049 566 esse
2077 538 2214 578 potest,
2241 531 2344 579 quod
2371 532 2474 567 velo-

1423 580 1500 616 cius
1515 581 1712 628 pertransit
1728 583 1884 629 aequale
1904 582 2066 630 spatium
2086 583 2123 618 in
2139 583 2275 619 minori
2291 591 2472 632 tempore.

1476 633 1651 669 Secundo
1672 633 1741 669 ibi:
1766 635 1950 675 Quoniam
1971 635 2067 679 enim
2089 636 2269 671 maiorem
2290 643 2372 682 etc.,
2387 649 2474 684 pro-

1422 685 1485 721 bat
1511 686 1747 734 propositum
1783 686 1928 723 duabus
1965 686 2180 732 rationibus.
2218 687 2279 724 Ad
2313 700 2474 736 quarum

1421 738 1583 786 primam
1614 739 1690 775 duo
1715 739 1931 786 praemittit:
1965 751 2127 786 quorum
2147 752 2267 776 unum
2292 740 2368 777 iam
2387 753 2474 789 pro-

1422 791 1551 826 batum
1586 799 1640 827 est
1670 792 1708 836 ²³⁴,
1739 791 1876 827 scilicet
1911 791 2015 839 quod
2043 792 2210 828 velocius
2244 801 2474 840 pertranseat

1421 843 1605 879 maiorem
1626 843 1922 890 magnitudinem
1942 844 1980 880 in
1999 844 2136 880 minori
2159 851 2330 892 tempore
2359 858 2473 893 quam

1421 895 1580 941 tardius;
1610 895 1819 932 secundum
1847 908 1940 932 vero
1970 903 2024 932 est
2041 908 2109 944 per
2127 908 2167 932 se
2187 897 2426 934 manifestum
2446 903 2470 943 ⁷,

1421 947 1558 984 scilicet
1585 948 1690 996 quod
1721 948 1846 996 ipsum
1883 948 2023 984 mobile
2060 948 2270 985 secundum
2307 950 2472 998 seipsum

1422 1000 1711 1047 consideratum,
1731 1001 1769 1036 in
1788 1001 1922 1037 maiori
1949 1009 2120 1048 tempore
2140 1002 2337 1049 pertransit
2356 1002 2473 1038 maio-

1421 1064 1501 1088 rem
1531 1052 1827 1099 magnitudinem
1857 1065 1971 1101 quam
1999 1053 2036 1089 in
2064 1053 2212 1090 minori.

1473 1105 1708 1141 Pertranseat
1728 1105 1827 1141 enim
1856 1106 1930 1141 hoc
1958 1105 2099 1141 mobile
2127 1108 2180 1152 A,
2212 1107 2314 1154 quod
2335 1114 2390 1143 est
2406 1119 2475 1143 ve-.

1420 1156 1549 1202 locius,
1574 1157 1673 1192 hanc
1705 1157 2001 1204 magnitudinem
2032 1170 2128 1205 quae
2157 1166 2211 1194 est
2230 1159 2322 1205 LM,
2349 1158 2386 1195 in
2406 1160 2473 1195 PR

1420 1215 1593 1257 tempore
1617 1207 1645 1244 δε
1672 1216 1707 1245 et
1733 1217 1879 1257 partem
1909 1210 2190 1256 magnitudinis,
2221 1211 2358 1247 scilicet
2386 1212 2470 1258 LX,

1419 1261 1657 1309 pertransibit
1692 1261 1731 1297 in
1763 1261 1900 1298 minori
1936 1269 2108 1310 tempore
2149 1263 2254 1310 quod
2297 1270 2351 1299 est
2386 1264 2470 1308 PS;

1421 1313 1525 1361 quod
1546 1321 1600 1350 est
1618 1313 1744 1350 minus
1774 1326 1888 1362 quam
1907 1315 1993 1361 PR,
2015 1315 2052 1350 in
2072 1327 2147 1362 quo
2166 1315 2363 1362 pertransit
2382 1316 2469 1362 LM,

1420 1366 1515 1402 sicut
1548 1373 1584 1402 et
1602 1367 1671 1402 LX
1700 1374 1754 1402 est
1776 1366 1902 1402 minor
1927 1378 2041 1414 quarn
2066 1367 2152 1403 LM.
2183 1368 2239 1403 Ex
2259 1367 2381 1415 prima
2406 1380 2471 1404 au-

1418 1426 1496 1454 tem
1516 1418 1774 1467 suppositione
1794 1418 1929 1467 accipit
1956 1419 2059 1467 quod
2078 1426 2198 1455 totum
2223 1427 2373 1468 tempus
2392 1421 2470 1467 PR,

1419 1471 1457 1507 in
1495 1483 1570 1519 quo
1599 1473 1634 1507 A
1660 1471 1858 1519 pertransit
1885 1478 2002 1508 totam
2040 1471 2338 1518 magnitudinem
2377 1473 2469 1518 LM,

1418 1523 1463 1560 sit
1490 1523 1614 1560 minus
1633 1531 1806 1572 tempore
1826 1524 1878 1570 H,
1899 1523 1937 1560 in
1956 1536 2033 1572 quo
2053 1525 2083 1559 B
2109 1524 2212 1572 quod
2239 1531 2293 1560 est
2311 1524 2469 1571 tardius,

1417 1576 1614 1624 pertransit
1651 1576 1839 1612 minorem
1877 1576 2186 1623 magnitudinem,
2221 1576 2358 1613 scilicet
2389 1578 2469 1613 LX.

1418 1629 1571 1664 Dictum
1600 1636 1655 1665 est
1683 1628 1783 1664 enim
1812 1628 1916 1675 quod
1943 1629 2111 1665 velocius
2143 1628 2181 1664 in
2210 1628 2348 1665 minori
2377 1637 2469 1665 tem-

1416 1693 1509 1729 pore
1536 1681 1734 1729 pertransit
1761 1681 1946 1717 maiorem
1978 1680 2287 1728 magnitudinem.
2323 1682 2381 1717 Ex
2412 1681 2470 1718 his

1415 1733 1588 1781 procedit
1611 1734 1673 1769 sic.
1701 1734 1873 1781 Tempus
1899 1734 1966 1769 PR
1990 1741 2045 1769 est
2063 1733 2187 1769 minus
2216 1742 2386 1781 tempore
2415 1734 2467 1780 H,

1417 1785 1455 1821 in
1479 1797 1554 1833 quo
1584 1787 1614 1821 B
1645 1785 1747 1833 quod
1777 1793 1831 1821 est
1850 1785 2001 1832 tardius,
2025 1785 2222 1833 pertransit
2247 1785 2469 1832 magnitudi-

1417 1850 1504 1873 nem
1535 1838 1619 1882 LX;
1641 1845 1676 1873 et
1695 1845 1844 1884 tempus
1872 1839 1930 1874 PS
1952 1845 2006 1874 est
2030 1838 2155 1874 minus
2181 1850 2294 1885 quam
2319 1846 2468 1886 tempus

1415 1890 1501 1934 PR;
1541 1902 1628 1936 ergo
1662 1889 1828 1938 sequitur
1860 1890 1964 1938 quod
1995 1897 2144 1938 tempus
2173 1891 2231 1926 PS
2266 1890 2311 1926 sit
2342 1890 2466 1926 minus

1415 1954 1530 1990 quam
1548 1949 1699 1990 tempus
1719 1943 1771 1978 H:
1793 1942 1880 1990 quia
1895 1943 1924 1979 si
1939 1942 2078 1990 aliquid
2094 1949 2148 1978 est
2163 1942 2287 1978 minus
2307 1942 2466 1989 minore,

1420 1995 1531 2031 etiam
1550 1995 1675 2043 ipsum
1697 1994 1764 2031 erit
1782 1994 1907 2031 minus
1927 1994 2081 2031 maiore.
2104 1995 2203 2030 Cum
2225 2007 2314 2042 ergo
2337 1995 2468 2031 datum

1414 2047 1459 2084 sit
1478 2047 1583 2095 quod
1602 2047 1640 2083 in
1659 2055 1830 2095 ternpore
1851 2048 1909 2083 ΡΞ
1929 2047 2098 2084 velocius
2117 2054 2293 2083 movetur
2311 2059 2379 2095 per
2399 2048 2467 2083 LX

1414 2099 1732 2146 magnitudinem,
1770 2106 1804 2135 et
1835 2099 1975 2136 tardius
2008 2107 2185 2136 movetur
2211 2111 2280 2147 per
2308 2099 2467 2135 eandem

1412 2152 1451 2189 in
1475 2153 1495 2173 '³¹‘
1518 2160 1689 2200 ternpore
1710 2153 1758 2199 H,
1779 2152 1945 2200 sequitur
1967 2152 2071 2200 quod
2098 2152 2265 2188 velocius
2293 2159 2469 2188 movetur

1412 2205 1450 2240 in
1475 2204 1610 2241 minori
1633 2212 1806 2252 tempore
1829 2217 1898 2252 per
1920 2205 2075 2253 aequale
2095 2204 2268 2252 spatium.

1467 2257 1501 2292 8.
1533 2257 1749 2293 Secundam
1769 2257 1953 2293 rationem
1981 2257 2087 2305 ponit
2114 2257 2183 2293 ibi:
2211 2256 2382 2304 Amplius
2401 2268 2466 2293 au-

1412 2314 1484 2345 tem
1511 2309 1544 2344 si
1570 2321 1680 2345 omne
1708 2316 1794 2344 ete.:
1825 2321 1921 2357 quae
1955 2309 2035 2345 talis
2065 2316 2129 2345 est.
2161 2309 2285 2345 Omne
2315 2309 2334 2329 ’¹‘
2363 2309 2466 2357 quod

1412 2369 1589 2397 movetur
1605 2373 1675 2409 per
1694 2361 1890 2408 aequalem
1911 2361 2208 2408 magnitudinem
2230 2373 2317 2397 cum
2341 2361 2465 2410 aliquo

1416 2413 1488 2449 alio
1527 2413 1678 2460 mobili,
1716 2420 1779 2449 aut
1814 2420 1990 2449 movetur
2020 2425 2089 2461 per
2125 2425 2210 2450 eam
2247 2413 2285 2450 in
2317 2413 2464 2461 aequali

1411 2473 1583 2514 tempore
1603 2474 1667 2502 aut
1684 2465 1722 2502 in
1742 2464 1878 2501 minori
1897 2473 1961 2502 aut
1979 2465 2018 2502 in
2037 2465 2181 2502 maiori.
2203 2466 2318 2511 Quod
2338 2473 2464 2502 autern

1410 2527 1586 2555 movetur
1612 2530 1680 2566 per
1715 2518 1913 2566 aequalem
1938 2517 2234 2564 magnitudinem
2250 2518 2300 2554 in
2328 2518 2462 2554 maiori

1411 2579 1583 2619 tempore
1613 2578 1667 2607 est
1693 2570 1854 2616 tardius,
1884 2578 1924 2606 ut
1960 2582 2073 2618 supra
2103 2571 2122 2590 ²²²
2150 2570 2354 2618 probatum
2387 2578 2461 2606 est:

1412 2624 1516 2672 quod
1553 2630 1680 2659 autem
1716 2630 1893 2659 movetur
1924 2622 1962 2658 in
2000 2622 2146 2670 aequali
2183 2629 2353 2670 tempore
2394 2634 2463 2670 per

1411 2677 1608 2724 aequalem
1635 2675 1947 2722 magnitudinem,
1975 2682 2029 2711 est
2047 2687 2166 2723 aeque
2185 2675 2311 2720 velox,
2335 2682 2377 2710 ut
2394 2687 2462 2723 per

1411 2741 1450 2765 se
1480 2728 1719 2765 manifestum
1748 2735 1811 2764 est.
1843 2728 1942 2763 Cum
1970 2727 2077 2774 igitur
2104 2727 2140 2764 id
2170 2727 2273 2775 quod
2293 2727 2461 2764 velocius

1411 2788 1476 2828 est,
1506 2793 1630 2829 neque
1659 2780 1704 2816 sit
1731 2792 1850 2827 aeque
1878 2780 1989 2816 velox
2007 2792 2131 2827 neque
2158 2779 2308 2825 tardius,
2338 2779 2460 2827 sequi-

1410 2841 1469 2870 tur
1497 2833 1601 2882 quod
1628 2845 1752 2881 neque
1781 2833 1819 2869 in
1846 2832 1942 2880 pluri
1970 2839 2141 2880 tempore
2170 2839 2367 2872 moveatur
2392 2843 2462 2880 per

1409 2886 1607 2934 aequalem
1640 2885 1957 2932 magnitudinem,
1991 2897 2113 2932 neque
2141 2884 2180 2920 in
2208 2883 2373 2932 aequali:
2403 2896 2459 2920 re-

1409 2938 1586 2987 linquitur
1606 2950 1694 2985 ergo
1714 2937 1817 2985 quod
1837 2937 1874 2973 in
1893 2937 2040 2973 minori.
2068 2937 2128 2973 Sic
2150 2948 2236 2983 ergo
2256 2937 2459 2984 probatum

1410 2999 1464 3027 est
1493 2990 1597 3038 quod
1633 3002 1787 3026 necesse
1816 2997 1870 3026 est
1900 2990 1919 3010 ’⁸
1946 2989 2114 3026 velocius
2146 2988 2369 3036 pertransire
2397 3001 2459 3025 ae-

1408 3044 1560 3091 qualem
1588 3042 1887 3090 magnitudinem
1915 3042 1953 3078 in
1982 3041 2118 3078 minori
2146 3049 2329 3089 tempore.

1462 3108 1496 3143 9.
1514 3095 1662 3132 Deinde
1677 3107 1764 3131 cum
1781 3094 1882 3131 dicit:
1906 3094 2090 3135 Quoniam
2105 3099 2228 3130 autem
2247 3093 2366 3129 omnis
2381 3093 2458 3140 qui-

1407 3148 1490 3184 dem
1502 3155 1569 3184 ete.
1573 3176 1582 3195 ,
1594 3148 1730 3195 probat
1739 3146 1975 3195 propositum
1987 3148 2017 3192 ’ἢ
2030 3146 2166 3182 scilicet
2176 3145 2279 3193 quod
2289 3145 2457 3181 eiusdem

1408 3200 1560 3237 rationis
1580 3200 1625 3236 sit
1643 3207 1790 3247 tempus
1811 3206 1847 3235 et
1864 3198 2160 3245 magnitudinem
2179 3208 2327 3244 semper
2341 3196 2456 3232 dividi

1403 3304 1452 3324 cet.
1467 3307 1519 3324 exc.
1535 3299 1742 3323 BCDFHNRsG.
1753 3312 1773 3317 -—
1788 3298 1838 3322 Pro
1851 3297 2009 3328 pertransit,
2018 3298 2189 3327 pertranseat
2207 3294 2284 3319 EGN.
2297 3308 2316 3313 -
2331 3294 2380 3318 Pro
2400 3301 2455 3318 ma-

1402 3334 1576 3367 gnitudinem,
1589 3334 1762 3366 quantitatem
1773 3333 1825 3363 EN,
1835 3334 1941 3363 partem
1956 3330 2128 3362 quantitatem
2144 3330 2175 3359 G,
2185 3330 2230 3354 sed
2240 3332 2346 3361 partem
2359 3336 2454 3361 expun-

1403 3369 1479 3401 gitur.
1503 3369 1589 3401 Pergit
1607 3369 1642 3393 E:
1661 3375 1740 3400 quam
1764 3367 1790 3391 in
1811 3366 1908 3390 minori
1926 3368 2106 3397 pertranseat.
2130 3364 2189 3389 Hoc
2206 3367 2293 3388 autem
2317 3364 2410 3388 mobile
2430 3365 2454 3389 A

1402 3404 1473 3436 quod
1486 3407 1525 3428 est
1539 3403 1651 3428 velocius
1667 3408 1727 3433 etc.;
1740 3401 1822 3434 pergit
1836 3401 1872 3425 G:
1887 3407 1965 3432 quam
1976 3399 2001 3424 in
2018 3399 2114 3424 minori
2121 3402 2301 3430 pertranseat,
2318 3401 2347 3423 ut
2361 3397 2453 3431 (marg.

1403 3439 1460 3462 add.
1473 3438 1531 3472 hoc)
1552 3438 1645 3463 mobile
1663 3439 1686 3462 A
1701 3437 1771 3469 quod
1789 3440 1827 3460 est
1841 3435 1953 3459 uelocius
1971 3439 2032 3464 etc.;
2052 3434 2132 3466 pergit
2147 3434 2182 3458 N:
2202 3441 2279 3466 quam
2295 3433 2321 3458 in
2342 3433 2451 3463 minori,

1403 3476 1432 3497 ut
1449 3473 1472 3498 si
1490 3473 1699 3506 magnitudinem
1718 3478 1785 3503 quae
1803 3473 1841 3495 est
1860 3469 1918 3493 ΕΜ
1928 3469 2077 3501 pertransit
2095 3469 2121 3493 in
2141 3471 2257 3500 tempore
2275 3468 2330 3498 PR,
2346 3471 2372 3493 et
2386 3476 2452 3500 par-

1403 3510 1454 3532 tem
1474 3507 1665 3540 magnitudinis
1684 3511 1730 3530 etc.

1454 3541 1479 3576 ὅ)
1500 3542 1526 3566 in
1546 3542 1593 3566 PR
1612 3545 1735 3573 tempore.
1749 3540 1807 3564 -in
1829 3539 1878 3569 QR
1896 3541 2012 3570 tempore
2030 3538 2115 3568 Pinna,
2134 3543 2159 3562 et
2177 3538 2210 3563 ita
2234 3545 2336 3570 semper
2360 3538 2385 3562 in
2404 3537 2454 3562 hoc

1401 3584 1523 3607 numero;
1543 3577 1602 3601 item
1622 3584 1669 3609 pro
1689 3575 1744 3604 Ps,
1767 3575 1827 3604 QS,·
1845 3581 1891 3606 pro
1910 3574 1949 3603 H,
1971 3573 2036 3604 QH,·
2054 3581 2100 3606 pto
2119 3573 2184 3603 LX,
2203 3573 2261 3598 LO.
2280 3573 2330 3597 Pro
2348 3573 2383 3602 H,
2403 3573 2458 3597 PH

1401 3612 1440 3636 ed.
1455 3612 1470 3636 b
1489 3617 1514 3636 et
1532 3611 1632 3636 Venett.
1655 3610 1733 3641 1504,
1757 3608 1830 3640 1545.

2503 484 2513 494 ‘
2536 484 2595 505 Intra
2619 485 2640 505 in
2660 485 2705 506 hoc

2503 516 2565 531 num.

2504 545 2511 552 ·
2528 544 2597 565 Num.
2611 550 2686 571 praec.

2501 806 2510 815 ”
2526 806 2594 827 Num.
2610 813 2685 834 praec.

2599 907 2615 932 γ

2495 2164 2503 2172 ·
2518 2164 2542 2185 in
2557 2170 2602 2185 om.
2618 2170 2639 2185 P.

2495 2322 2502 2329 ·
2516 2321 2586 2343 Omne
2593 2327 2640 2343 orn.
2650 2322 2703 2343 pah.

2491 2581 2500 2589 ·
2514 2579 2584 2601 Num.
2594 2585 2612 2606 5,
2629 2579 2650 2600 6.

2486 3003 2497 3013 ⁸
2520 3002 2582 3030 quod
2603 3007 2697 3023 necesse

2486 3030 2522 3049 est
2535 3034 2581 3049 om.
2597 3033 2633 3049 to.

2484 3154 2494 3164 '
2509 3153 2544 3175 Cf.
2555 3159 2576 3175 n.
2586 3159 2606 3182 3.
