2898 3996
194 582 205 592 ⁸
220 587 278 603 unus
292 583 316 603 et
329 586 377 603 om.
394 587 407 601 p

194 607 246 629 aab.

194 739 280 766 'prius
292 738 345 760 add.
353 739 405 760 nab.

191 1108 202 1119 ⁸
217 1109 240 1129 et
253 1113 302 1129 orn.
316 1107 396 1129 Psscab.

191 1157 201 1167 ¹⁵
216 1156 287 1178 Num.
303 1162 351 1184 seq.

191 1317 199 1326 ·
216 1316 249 1337 ad
262 1322 310 1337 om.
326 1316 377 1338 vab.

190 1633 200 1643 “
215 1638 264 1653 cum
280 1638 327 1654 om.
342 1632 376 1654 pb.

436 295 512 320 210

492 363 524 398 5.
536 361 685 398 Deinde
702 373 789 398 cum
806 361 908 398 dicit:
924 351 1206 410 Amplius-'sicut
1217 363 1400 412 contingit
1411 370 1493 411 etc.,

435 414 597 451 ostendit
615 414 814 462 quomodo
831 422 995 461 ·tempus
1023 414 1217 451 reiteratur
1238 414 1341 452 idem
1363 427 1494 452 secun-

435 466 527 503 dum
557 466 658 515 quid.
689 467 737 502 Et
764 466 852 502 dicit
880 466 984 514 quod
1013 467 1109 503 sicut
1127 466 1291 504 reiterari
1319 480 1439 505 unum
1459 475 1496 505 et

435 519 600 555 eundem
629 526 778 555 motum
808 518 1001 566 contingit,
1030 519 1084 555 sic
1117 519 1298 567 contingit
1330 521 1500 557 reiterari·

433 584 555 608 unum
576 578 612 607 et
629 571 732 607 idem
757 578 919 619 tempus.
942 571 1153 608 Reiteratur
1182 572 1284 609 enim
1302 585 1402 610 unus
1422 581 1458 610 et
1475 574 1496 594 *²

434 624 536 661 idem
555 630 682 660 motus
711 623 848 672 specie,
869 623 935 660 sed
955 636 1034 660 non
1053 636 1232 661 numero:
1254 626 1342 674 quia
1362 626 1410 662 ab
1431 638 1494 662 eo-

435 676 523 713 dem
553 676 659 723 signo
689 676 822 722 arietis,
853 688 875 712 a
902 688 980 724 quo
1008 676 1134 725 primo
1163 678 1391 714 movebatur
1424 679 1493 726 sol,

435 737 470 765 et
497 736 630 777 postea
655 728 893 774 movebitur;
924 736 960 765 et
991 728 1078 766 ideo
1108 729 1202 766 sicut
1229 731 1249 751 *
1275 730 1343 767 fuit
1369 730 1493 767 hiems

433 788 497 818 aut
523 794 592 818 ver
619 789 683 818 aut
710 789 831 818 aestas
864 789 928 818 aut
956 789 1183 828 autumnus,
1219 782 1269 819 ita
1302 783 1386 830 erit,
1417 795 1494 820 non

433 834 590 882 quidem
617 846 754 876 unum,
767 846 943 881 numero,
973 835 1040 871 sed
1069 834 1205 883 specie.

487 888 522 923 6.
543 887 692 924 Deinde
713 899 800 923 cum
830 887 934 924 dicit:
953 887 1045 924 Non
1064 887 1185 924 solum
1205 893 1328 924 autem
1352 893 1494 925 motum

432 942 598 988 tempore
625 947 707 987 etc.,
739 940 901 976 ostendit
929 940 1034 988 quod
1061 939 1157 976 sicut
1178 948 1326 977 motum
1355 952 1495 988 cogno-

433 992 573 1029 scimus
601 1000 786 1042 tempore,
808 992 858 1029 ita
878 999 914 1029 et
932 1000 1084 1042 tempus
1113 999 1237 1030 motu:
1260 1001 1296 1030 et
1318 994 1393 1030 hoc
1421 993 1494 1042 pri-

432 1057 498 1081 mo
528 1057 573 1081 ex
601 1045 745 1082 ratione
774 1045 923 1082 numeri
952 1053 988 1082 et
1015 1045 1223 1091 numerati3
1253 1046 1422 1083 secundo
1448 1058 1491 1083 ex

432 1098 673 1134 similitudine
689 1098 958 1146 magnitudinis
970 1105 1006 1135 et
1019 1099 1039 1120 ’¹‘
1053 1105 1192 1146 motus,
1204 1098 1272 1135 ibi:
1282 1099 1334 1135 Et
1345 1100 1417 1135 hoc
1429 1111 1492 1136 ra-

431 1150 654 1187 tionabiliter
671 1151 691 1172 ’¹‘
711 1158 778 1188 etc.
810 1150 910 1188 Dicit
938 1163 1026 1199 ergo
1046 1150 1171 1200 primo
1200 1152 1304 1199 quod
1329 1164 1407 1188 non
1435 1164 1495 1188 so-

430 1204 509 1240 lum
537 1215 806 1241 mensuramus
834 1211 983 1241 motum
1003 1216 1072 1253 per
1094 1211 1257 1253 tempus,
1287 1204 1355 1241 sed
1380 1204 1494 1241 etiam

430 1269 698 1293 mensuramus
732 1264 884 1306 tempus
921 1269 991 1305 per
1027 1264 1194 1304 motum,
1228 1265 1384 1306 propter
1420 1257 1495 1293 hoc

430 1309 534 1358 quod
550 1309 599 1346 ad
615 1310 635 1331 ³¹²
652 1309 816 1346 invicem
836 1309 1077 1347 definiuntur.
1101 1310 1261 1358 Oportet
1277 1310 1379 1346 enim
1400 1309 1494 1346 acci-

429 1374 521 1411 pere
550 1362 796 1411 quantitatem
816 1362 927 1399 unius
947 1363 1158 1399 secundum
1177 1362 1424 1410 quantitatem
1445 1362 1495 1398 al-

429 1415 556 1452 terius.
578 1415 695 1462 Quod
719 1415 821 1452 enim
849 1423 999 1464 tempus
1024 1415 1248 1452 determinet
1267 1422 1428 1461 motum,
1450 1426 1510 1451 ex-

429 1469 503 1505 hoc
524 1468 715 1516 contingit,
737 1468 825 1516 quia
845 1476 900 1504 est
918 1480 1100 1504 numerus
1119 1468 1256 1516 ipsius;
1278 1467 1345 1504 sed
1365 1479 1386 1503 e
1406 1479 1495 1503 con-

429 1533 542 1558 verso
571 1529 698 1558 motus
719 1521 944 1558 determinat
970 1521 1122 1568 tempus
1150 1520 1278 1568 quoad
1298 1532 1380 1556 nos.
1407 1521 1495 1556 Per—

430 1573 590 1622 cipimus
620 1574 721 1610 enirn
749 1574 939 1610 interdum
964 1573 1210 1622 quantitatem
1238 1572 1421 1621 temporis
1450 1584 1495 1609 ex

429 1634 549 1673 motu,
571 1634 700 1675 utpote
722 1638 810 1662 cum
830 1627 850 1645 ⁴⁹
871 1626 1032 1662 dicimus
1052 1633 1204 1674 tempus
1224 1637 1306 1662 esse
1331 1626 1494 1662 multum

429 1680 489 1716 vel
517 1691 705 1728 paucum,
735 1679 947 1715 secundum
976 1690 1198 1716 mensuram
1230 1685 1357 1715 motus
1385 1678 1495 1715 nobis

429 1852 517 1870 merus
531 1844 634 1876 prioris
653 1847 679 1869 et
693 1844 852 1876 posterioris
871 1843 898 1868 in
924 1847 1005 1869 motu.
1024 1844 1154 1874 Attamen,
1175 1848 1204 1868 ut
1222 1850 1269 1876 per
1287 1851 1316 1868 se
1339 1848 1422 1876 patet,
1442 1843 1496 1868 eius

429 1881 494 1905 ratio
514 1887 572 1904 esse
591 1887 643 1904 non
662 1884 786 1912 possunt:
807 1887 859 1904 non
873 1886 936 1911 ergo
955 1883 1042 1912 potest
1061 1879 1110 1911 legi
1125 1886 1186 1904 nam
1201 1879 1264 1903 alia.
1283 1878 1336 1903 Nec
1355 1879 1438 1910 magis
1450 1886 1494 1903 va-

430 1917 466 1940 let
484 1915 543 1940 ideo
561 1915 616 1939 alia
634 1915 688 1939 LS:
708 1922 767 1939 nam
787 1922 855 1947 quae
874 1919 1026 1947 sequuntur,
1047 1914 1113 1938 sicut
1132 1921 1183 1938 non
1209 1918 1269 1938 sunt
1287 1914 1445 1946 praemissae
1463 1914 1495 1938 ad

430 1951 638 1976 concludendum
657 1953 760 1982 tempus
778 1957 833 1975 esse
851 1956 990 1974 numerum
1004 1949 1109 1982 prioris
1132 1952 1158 1974 et
1178 1949 1338 1981 posterioris
1357 1949 1382 1973 in
1403 1952 1493 1978 motu,

430 1987 464 2010 ita
483 1986 562 2018 accipi
581 1990 715 2018 nequeunt
732 1990 857 2018 tanquam
877 1985 1009 2010 conclusio
1029 1992 1060 2010 ex
1083 1984 1184 2009 eodem.
1197 1984 1342 2009 Dicendum
1361 1984 1446 2016 potius
1470 1987 1496 2009 et

430 2021 494 2054 quia
504 2024 605 2053 tempus
624 2025 680 2052 etc.,
696 2025 721 2045 et
731 2020 794 2053 quia
802 2020 858 2045 alia
870 2023 933 2045 sunt
946 2025 1001 2049 etc.,
1012 2027 1071 2044 esse
1084 2020 1149 2044 duas
1162 2019 1318 2052 praemissas
1334 2019 1494 2044 coordinatus

431 2057 463 2081 ad
482 2056 658 2081 inserendum:
673 2058 786 2088 propter
809 2056 858 2080 hoc
886 2058 926 2080 est
948 2055 1024 2080 aliud
1046 2058 1148 2087 tempus
1169 2054 1347 2086 praeteritum
1371 2057 1398 2079 et
1419 2054 1496 2079 aliud

425 2092 560 2125 futurum.
573 2092 719 2116 —Secundo
739 2095 859 2116 notamus
885 2098 915 2116 ex
933 2091 989 2124 ipsa
1002 2090 1080 2115 huius
1099 2090 1219 2115 illationis
1238 2090 1336 2114 ratione
1358 2090 1439 2114 videri
1458 2090 1495 2114 le-

431 2127 543 2152 ctionem
562 2127 680 2151 codicum
700 2126 824 2158 aptiorem
845 2133 903 2150 esse
916 2126 1003 2151 Piana.
1022 2126 1092 2150 Haec
1111 2126 1179 2150 enim
1193 2130 1232 2150 est
1250 2125 1438 2156 argumentatio
1453 2132 1494 2149 se-

431 2163 544 2187 cundum
564 2163 679 2187 codices:
699 2166 802 2194 tempus
822 2166 862 2186 est
886 2169 1011 2186 numerus
1030 2161 1123 2194 prioris
1148 2165 1174 2185 et
1191 2160 1341 2193 posterioris
1360 2160 1387 2184 in
1404 2165 1494 2190 moru;

432 2198 479 2222 sed
497 2197 569 2229 prius
588 2202 613 2222 et
631 2198 760 2230 posterius
774 2196 800 2221 in
815 2205 847 2222 eo
866 2197 936 2229 quod
955 2196 1086 2229 praeteriit
1099 2196 1132 2220 de
1151 2201 1224 2220 motu
1243 2200 1303 2220 sunt
1317 2195 1365 2220 alia
1384 2203 1396 2220 a
1417 2195 1494 2228 priori

433 2237 458 2257 et
476 2232 610 2265 posteriori
630 2232 655 2257 in
675 2240 706 2257 eo
725 2232 796 2265 quod
816 2231 863 2257 erit
876 2233 907 2256 de
926 2237 1014 2256 motu:
1034 2239 1095 2264 ergo
1115 2238 1239 2256 numerus
1252 2230 1345 2263 prioris
1364 2235 1389 2255 et
1407 2235 1494 2262 poste-

1059 283 1403 321 PHYSICORUM
1431 284 1779 321 ARISTOTELIS
1809 285 1902 321 LIB.
1934 285 1985 321 lV

1550 370 1690 400 certam
1710 363 1744 399 ²3:
1766 363 1854 411 quia
1874 370 1910 399 et
1936 363 2064 411 ipsum
2083 375 2287 400 numerum
2311 364 2513 414 aliquando
2541 377 2611 414 per

1549 415 1798 452 numerabilia
1818 415 2095 463 cognoscimus,
2117 423 2152 452 et
2180 428 2201 452 e
2229 429 2427 454 converso,
2459 418 2610 466 Cogno-

1549 468 1690 505 scimus
1723 468 1824 505 enim
1853 480 2014 505 numero
2045 480 2232 516 equorum
2260 469 2549 517 multitudinem,
2576 477 2612 507 et

1549 520 1685 557 iterum
1713 533 1791 558 uno
1821 533 1920 570 equo
1957 520 2222 568 cognoscimus
2254 533 2458 559 numerum
2493 534 2610 572 equo-

1549 585 1646 610 rum.
1685 574 1776 610 Non
1810 573 1911 610 enim
1946 573 2128 610 sciremus
2161 581 2256 622 quot
2289 581 2375 611 sunt
2412 575 2584 612 milliaria
2599 604 2609 622 ‚

1548 626 1619 662 nisi
1648 626 1830 662 sciremus
1859 626 1951 675 quid
1980 634 2035 663 est
2069 625 2237 663 milliare.
2273 627 2322 663 Et
2355 626 2523 664 similiter
2556 634 2612 664 est

1548 678 1586 714 in
1615 686 1787 727 tempore
1817 686 1853 715 et
1880 686 1999 716 motu.
2039 679 2140 725 Quia
2169 691 2256 715 cum
2287 686 2342 716 est
2368 679 2479 722 nobis
2512 687 2612 716 certa

1549 730 1734 778 quantitas
1756 731 1947 780 temporis,
1969 731 2156 780 quantitas
2176 739 2303 768 autem
2322 740 2450 769 motus
2468 732 2609 780 ignota,

1547 790 1636 819 tunc
1669 790 1839 832 tempore
1874 796 2138 821 mensuramus
2172 792 2343 831 motum;
2374 797 2394 821 e
2423 796 2610 822 converso

1548 843 1676 871 autem
1709 841 1744 883 η,
1784 836 1938 886 quando
1976 844 2102 873 motus
2141 844 2197 874 est
2234 844 2345 874 notus
2383 845 2420 874 et
2459 844 2610 887 tempus

1548 895 1732 935 1gnotum.

1602 952 1638 988 7.
1659 940 1809 978 Deinde
1829 953 1916 978 cum
1942 940 2048 978 dicit:
2068 942 2120 978 Et
2140 942 2211 978 hoc
2238 942 2508 979 rationabiliter
2527 944 2608 990 etc.,

1549 993 1712 1030 ostendit
1738 993 1842 1031 idem
1863 1006 1908 1030 ex
1929 994 2211 1042 comparatione
2238 1002 2364 1031 motus
2387 995 2437 1032 ad
2464 994 2610 1043 magni-

1548 1046 1730 1083 tudinem.
1751 1047 1801 1083 Et
1821 1045 1909 1083 dicit
1926 1046 2031 1095 quod
2060 1046 2328 1084 rationabiliter
2349 1046 2484 1084 accidit
2505 1047 2610 1096 quod

1549 1099 1691 1136 dictum
1730 1106 1785 1135 est
1814 1100 1833 1120 *
1867 1099 1914 1136 de
1951 1106 2123 1147 tempore
2163 1106 2199 1135 et
2235 1107 2363 1135 motu:
2393 1098 2480 1148 q'uia
2517 1099 2612 1136 sicut

1549 1159 1674 1188 motus
1693 1151 1994 1199 magnitudinem
2014 1151 2178 1187 imitatur
2196 1151 2235 1188 in
2249 1151 2454 1200 quantitate
2471 1158 2508 1188 et
2521 1162 2610 1188 con-

1548 1204 1717 1240 tinuitate
1746 1211 1782 1240 et
1810 1203 2078 1251 divisibilitate‚
2113 1204 2163 1240 ita
2195 1211 2231 1240 et
2262 1211 2413 1253 tempus
2445 1203 2612 1241 imitatur

1549 1263 1716 1302 motum;
1744 1257 1840 1306 haec
1869 1255 2028 1292 enimin
2057 1263 2166 1292 motu
2188 1255 2431 1294 inveniuntur
2456 1263 2612 1306 propter

1550 1308 1869 1356 magnitudinem,
1905 1316 1940 1344 et
1972 1308 2010 1345 in
2047 1316 2220 1357 tempore
2257 1317 2412 1358 propter
2447 1317 2609 1347 motum.

1550 1362 1819 1398 Mensuramus
1833 1368 1962 1398 autem
1979 1369 2014 1398 et
2022 1362 2042 1382 ’¹‘
2053 1361 2351 1409 magnitudinem
2364 1374 2435 1411 per
2447 1370 2609 1410 motum,

1550 1421 1587 1450 et
1606 1421 1755 1450 motum
1774 1425 1843 1462 per
1861 1413 2172 1461 magnitudinem.
2195 1414 2368 1451 Dicimus
2388 1414 2490 1451 enim
2514 1415 2612 1452 mul—

1550 1474 1628 1503 tam
1659 1478 1741 1503 esse
1768 1466 1889 1513 viam,
1918 1467 2072 1515 quando
2101 1466 2333 1516 percipimus
2361 1474 2511 1504 motum
2543 1478 2612 1504 no-

1550 1526 1669 1556 strum
1689 1518 1802 1556 fuisse
1823 1520 2008 1556 multum:
2033 1527 2069 1556 et
2089 1531 2108 1556 e
2129 1532 2328 1567 converso,
2349 1521 2504 1569 quando
2523 1531 2612 1557 con-

1550 1571 1761 1610 sideramus
1794 1571 2092 1620 magnitudinem
2121 1571 2228 1620 viae,
2268 1572 2429 1610 dicimus
2461 1579 2612 1610 motum

1549 1632 1721 1662 nostrum
1750 1625 1863 1661 fuisse
1886 1626 2060 1662 multum.
2091 1625 2140 1662 Et
2157 1625 2207 1662 ita
2231 1626 2344 1663 etiam
2364 1633 2419 1663 est
2447 1626 2495 1663 de
2517 1633 2612 1662 tem-

1549 1690 1642 1726 pore
1671 1685 1708 1716 et
1734 1685 1854 1725 motu,
1883 1685 1924 1714 ut
1951 1690 2064 1727 supra
2094 1679 2114 1699 ²⁴
2142 1678 2284 1716 dictum
2313 1685 2378 1716 est.

1550 1843 1624 1868 rioris
1643 1843 1669 1868 in
1688 1849 1760 1868 motu
1778 1843 1914 1876 praeterito
1927 1843 1954 1875 (i.
1968 1851 1991 1868 e.
2009 1848 2112 1876 tempus
2132 1843 2317 1878 praeteritum),
2332 1848 2373 1869 est
2385 1844 2452 1869 alius
2470 1851 2486 1869 a
2502 1851 2614 1870 numan

1549 1878 1641 1911 prioris
1656 1883 1682 1903 et
1699 1878 1849 1911 posterioris
1864 1879 1889 1903 in
1903 1883 1976 1903 motu
1989 1878 2074 1903 futuro
2089 1877 2117 1912 (i.
2137 1887 2159 1904 e.
2174 1887 2189 1904 a
2201 1884 2319 1912 tempore
2337 1878 2445 1914 futuro).
2459 1879 2538 1904 Pinna
2549 1887 2613 1905 vm

1549 1914 1638 1938 dividit
1655 1920 1723 1946 quae
1739 1921 1767 1938 se
1785 1913 1881 1939 habent
1900 1914 1987 1946 prius,
2007 1921 2073 1946 quae
2098 1913 2175 1938 trahit
2192 1914 2218 1938 in
2236 1914 2419 1947 praeteritum,
2439 1914 2470 1939 ab
2489 1914 2520 1939 iis
2543 1920 2612 1948 quae

1547 1952 1610 1974 sunt
1623 1949 1766 1981 posterius,
1781 1955 1848 1981 quae
1866 1949 1938 1981 ponit
1955 1949 1982 1973 in
2000 1949 2086 1974 futuro
2092 1957 2099 1979 ;
2116 1956 2182 1979 cum,
2196 1954 2225 1974 ut
2236 1949 2368 1974 conclusio
2387 1954 2518 1983 sequatur,
2532 1950 2613 1982 prius

1549 1988 1574 2008 et
1587 1984 1722 2016 posterius
1740 1984 1868 2016 iungenda
1887 1984 1938 2009 sint
1956 1989 2009 2009 tarn
2027 1983 2053 2008 in
2072 1984 2209 2016 praeterito
2228 1992 2307 2017 quam
2326 1985 2352 2009 in
2376 1984 2463 2010 futuro
2482 1990 2610 2018 tempore.

1600 2019 1625 2052 ζ)
1646 2026 1796 2044 mensuram
1811 2022 1898 2044 motus
1912 2019 1986 2044 nobis
1998 2022 2108 2045 certam.
2120 2033 2140 2039 -
2152 2019 2202 2044 Pro
2214 2023 2323 2050 certam,
2336 2023 2411 2045 certa
2424 2019 2453 2044 P.
2467 2019 2522 2045 Ea.-
2540 2026 2612 2046 men-

1547 2061 1639 2080 suram
1658 2058 1760 2086 tempus
1781 2054 1849 2079 enim
1862 2058 1902 2079 est
1919 2061 2000 2080 causa
2014 2054 2076 2086 quia
2090 2057 2116 2079 et
2134 2054 2219 2087 ipsum
2239 2060 2287 2080 etc.
2305 2055 2395 2087 Margo
2407 2055 2428 2079 E
2447 2054 2525 2080 habet
2547 2057 2612 2081 tem-

1543 2090 1620 2122 poris
1639 2090 1713 2114 nobis
1731 2093 1839 2119 certam,
1860 2089 2078 2120 substituendum,
2097 2095 2126 2115 ut
2143 2090 2252 2120 videtur,
2266 2090 2352 2115 verbis
2371 2093 2472 2122 tempus
2491 2090 2614 2116 enimat

1547 2132 1642 2155 causa,·
1661 2132 1722 2149 narn
1746 2124 1809 2149 haec
1828 2125 1854 2149 in
1878 2129 1948 2149 textu
1975 2125 2078 2149 duobus
2098 2125 2199 2158 punctis
2219 2125 2401 2156 includuntur,
2424 2125 2498 2158 quasi
2517 2125 2613 2151 adde-

1548 2161 1662 2185 lendum.

1600 2195 1626 2227 η)
1646 2202 1660 2220 e
1678 2201 1804 2220 converso
1822 2197 1919 2220 autem.
1931 2208 1950 2213 -
1963 2201 1977 2219 e
1994 2202 2120 2220 converso
2139 2198 2228 2220 autem
2247 2195 2345 2221 accidit
2362 2195 2394 2227 R,
2409 2198 2435 2220 et
2453 2202 2467 2220 e
2484 2201 2612 2221 convene

1547 2230 1592 2259 εΗ,
1608 2233 1634 2255 et
1652 2237 1666 2255 e
1683 2233 1778 2255 contra
1796 2229 1824 2260 P,
1844 2236 1858 2254 e
1875 2237 2001 2255 converso
2021 2235 2076 2260 cet„
2097 2237 2150 2255 exc.
2165 2230 2229 2255 LNS
2247 2237 2307 2255 curn
2326 2229 2421 2264 quibus
2440 2229 2558 2256 facimus.

2635 1108 2647 1119 ⁴
2662 1107 2733 1130 Num.
2747 1112 2823 1136 prue-
2851 1104 2860 1112 ‘

2636 1371 2648 1382 ⁸
2663 1370 2850 1397 etommorah·

2635 1403 2667 1425 ρι
2680 1397 2723 1419 luc.

2638 1685 2649 1697 ⁸
2662 1684 2722 1708 md.
