2898 3996
468 287 543 323 216

1087 292 1433 330 PHYSICORUM
1460 294 1807 331 ARISTOTELIS
1837 295 1930 332 LIB.
1961 295 2012 332 IV

1055 505 1356 562 LECTIO
1395 507 2064 567 VIGESIMAPRIMA

811 647 916 685 QUID
941 647 1211 679 SIGNIFICENT
1234 649 1379 688 NUNC,
1410 650 1546 689 TUNC,
1570 651 1673 690 IAM,
1697 652 1850 692 MODO,
1878 652 1995 684 OLIM
2014 654 2072 685 ET
2094 654 2307 686 REPENTE

465 778 511 811 Τό
536 774 574 808 δὲ
598 776 655 807 νῦν
681 776 755 808 ἐστὶ
779 775 936 821 συνέχεια
961 775 1095 823 χρόνου,
1113 776 1223 822 ὥσπερ
1247 777 1381 823 ἐλέχθη·
1401 778 1531 824 συνέχει

557 820 596 865 ἀρ
623 820 681 852 τόν
706 819 825 866 χρόνον
851 820 911 852 τόν
938 820 1154 865 παρελθόντα
1185 824 1243 854 καὶ
1269 822 1447 866 ἐσόμενον,
1473 825 1531 855 καὶ

531 832 615 902 {mg
642 864 745 910 πέρας
776 863 896 910 χρόνου
923 865 1027 897 ἐστίν·
1061 865 1135 896 ἔστι
1160 865 1224 911 γάρ
1250 868 1312 899 τοῦ
1337 867 1396 910 μὲν
1428 866 1529 913 ἀρχή,

531 909 595 942 τοῦ
619 903 657 940 ’δὲ
683 908 842 945 τελευτή.
874 910 983 941 Ἀλλά
1017 910 1115 942 τοῦτ’
1145 910 1208 956 οὐχ
1237 909 1348 955 ὥσπερ
1382 911 1436 944 ἐπὶ
1466 912 1530 950 τῆς

531 965 610 1000 στιγ
628 954 677 990 ,ἧς
702 952 864 996 μενούσης
890 952 1043 997 φανερόν·

465 994 588 1041 διαιρεῖ
611 964 648 1030 ge*
673 993 826 1041 δυνάμει.
859 999 923 1029 Καὶ
951 997 970 1040 ’ᾗ
997 997 1055 1041 μὲν
1081 998 1238 1040 τοιοῦτο,
1272 999 1323 1032 ἀεὶ
1349 998 1462 1040 ἕτερον
1487 999 1530 1032 τὸ

531 1043 600 1073 νῦν·
629 1041 648 1084 ᾗ
675 1038 712 1074 δὲ
736 1037 859 1082 συνδεῖ,
888 1039 938 1074 ἀεὶ
964 1042 1004 1073 τὸ
1031 1041 1133 1082 αὐτό,
1158 1041 1266 1087 ὥσπερ
1292 1044 1347 1076 ἐπὶ
1373 1045 1439 1076 τῶν
1465 1055 1531 1087 μα-

530 1087 724 1130 θηματικῶν
759 1087 933 1132 γραμμῶν·
962 1084 999 1118 οὐ
1030 1086 1094 1132 γάρ
1125 1087 1146 1123 ἡ
1175 1087 1266 1124 αὐτή
1301 1087 1353 1120 ἀεὶ
1384 1089 1442 1119 καὶ
1466 1090 1528 1132 μία

530 1130 657 1186 στιγμή
683 1130 729 1172 τῇ
756 1129 880 1166 νοήσει·
902 1125 1122 1175 διαιρούντων
1140 1131 1204 1177 γάρ
1228 1131 1328 1168 ἄλλη·
1357 1131 1377 1174 ’ᾖ
1396 1128 1433 1164 δὲ
1450 1134 1525 1175 μία,

531 1176 551 1211 ή
580 1174 671 1210 αυτῆ
698 1173 827 1218 πάντῃ.
859 1173 956 1207 Οὕτω
981 1177 1037 1206 καὶ
1064 1174 1106 1207 τὸ
1131 1175 1190 1206 νῦν
1212 1175 1253 1208 τό
1279 1176 1339 1219 μὲν
1364 1177 1427 1208 τοῦ
1451 1176 1528 1222 χρό-

530 1230 586 1250 νου
611 1214 770 1261 διαίρεσις
793 1219 889 1252 κατὰ
913 1215 1068 1263 δύναμιν,
1088 1219 1129 1251 τό
1151 1216 1188 1250 δὲ
1205 1219 1309 1265 πέρας
1329 1220 1449 1265 ἀμφοῖν
1469 1223 1527 1253 καὶ

531 1262 663 1300 ἑνότης·

463 1351 536 1383 ἔστι
553 1346 592 1383 δὲ
609 1350 722 1383 ταύτὸ
746 1352 804 1382 καὶ
823 1351 920 1384 κατά
936 1350 1048 1383 ταύτὸ
1066 1351 1086 1388 ή
1108 1345 1266 1395 διαίρεσις
1282 1353 1341 1383 καὶ
1359 1353 1380 1388 ή
1398 1350 1524 1389 ἕνωσις·

529 1394 571 1428 τὸ
595 1390 624 1426 δ’
646 1391 731 1427 εἶναι
750 1395 787 1427 οὗ
808 1394 934 1427 ταύτό.
962 1395 1008 1427 Τό
1026 1395 1085 1438 μὲν
1104 1395 1194 1427 οὕτω
1211 1394 1352 1441 λέγεται
1371 1396 1435 1428 τῶν
1454 1396 1524 1437 νῦν,

464 1482 546 1515 ἄλλο
572 1478 601 1513 δ’
624 1482 707 1515 ὅταν
734 1483 750 1513 ὁ
775 1481 892 1527 χρόνος
918 1484 934 1514 ὅ
960 1482 1086 1515 τούτου
1113 1482 1212 1529 ἐγγύς
1239 1482 1273 1526 ᾖ·
1292 1482 1365 1524 ἥξει
1382 1484 1450 1522 νῦν,
1472 1482 1526 1516 ὅτι

529 1525 675 1570 τήμερον
701 1525 786 1566 ἧξεν
813 1526 886 1563 ἥκει
911 1527 980 1565 νῦν,
1001 1526 1055 1559 ὅτι
1080 1524 1160 1564 ἦλθε
1185 1526 1342 1571 τήμερον.
1370 1527 1423 1560 Τά
1437 1524 1468 1560 δ’
1492 1529 1525 1561 ἐν

521 1572 611 1611 Ἰλίῳ
641 1571 779 1616 γέγονεν
814 1572 851 1602 οὐ
881 1572 956 1612 νῦν,
990 1572 1059 1602 οὐδ’
1090 1573 1105 1603 ὁ
1131 1572 1372 1616 κατακλυσμὸς
1404 1573 1523 1620 γέγονε

528 1615 596 1645 νῦν·
623 1618 738 1646 καίτοι
763 1615 902 1660 συνεχής
928 1615 1044 1660 χρόνος
1071 1617 1114 1654 εἰς
1142 1615 1254 1656 αὑτά,
1283 1616 1357 1649 ἀλλ’
1387 1615 1440 1649 ὅτι
1467 1618 1525 1650 οὐκ

528 1657 639 1704 ἐγγύς.

460 1702 505 1734 Τό
531 1698 569 1734 δὲ
602 1702 730 1743 ποτέ,
755 1701 871 1748 χρόνος
896 1702 1072 1747 ὡρισμένος
1104 1704 1183 1748 πρὸς
1209 1704 1249 1737 τὸ
1279 1703 1440 1749 πρότερον
1466 1708 1524 1738 καὶ

528 1747 568 1779 τό
595 1746 731 1791 ὕστερον
757 1748 827 1788 νῦν,
847 1749 914 1779 οἷον
941 1747 1026 1780 ποτὲ
1053 1747 1178 1792 ἐλήφθη
1204 1751 1326 1792 Τροία,
1353 1751 1410 1780 καὶ
1439 1751 1525 1783 ποτε

527 1791 625 1823 ἔσται
642 1791 897 1835 κατακλυσμός·
917 1786 969 1823 δεῖ
983 1792 1047 1837 γάρ
1066 1792 1274 1835 πεπεράνθαι
1294 1793 1372 1837 πρὸς
1392 1793 1433 1825 τό
1451 1795 1519 1827 νῦν.

519 1835 643 1868 Ἔσται
675 1835 740 1878 ἄρα
775 1835 879 1874 ποσός
917 1847 967 1874 τις
1005 1834 1073 1868 ἀπὸ
1103 1833 1203 1869 τοῦδε
1239 1837 1356 1882 χρόνος
1389 1840 1446 1869 καὶ
1478 1840 1521 1876 εἰς

527 1880 653 1920 ἐκεῖνο,
678 1882 735 1911 καὶ
762 1878 801 1918 ἦν
826 1881 876 1918 εἰς’
896 1880 937 1911 τό
964 1880 1142 1925 παρελθόν.

458 1923 496 1954 Ei
520 1919 558 1955 δὲ
582 1919 695 1968 μηδεὶς
722 1924 838 1970 χρόνος
866 1925 898 1961 ὃς
925 1925 963 1956 οὕ
989 1936 1088 1965 ποτε,
1109 1925 1174 1962 πᾶς
1194 1923 1232 1957 ὀὲν
1255 1926 1304 1962 εἴη
1331 1925 1447 1970 χρόνος
1466 1938 1523 1958 πε-

526 1967 745 2013 περασμένος.
776 1966 846 2011 ἼΑρ’
876 1966 931 2000 οὖν
967 1968 1158 2013 ύπολείψει;
1196 1967 1216 2005 ἦ
1250 1969 1309 2010 οὔ,
1345 1972 1416 2002 εἶπε
1471 1969 1521 2003 ἀεί

526 2013 599 2044 ἐστι
623 2014 760 2051 κίνησις.
788 2013 907 2050 ’Ἄλλος
931 2011 987 2044 οὗν
1006 2011 1027 2049 ἦ
1050 2014 1065 2044 ὁ
1084 2013 1189 2050 αὐτὸς
1208 2013 1391 2054 πολλάκις;
1441 2015 1521 2051 ἧλον

526 2055 600 2097 ὅτι,
627 2058 669 2094 ὠς
697 2057 734 2088 ἂν
761 2058 781 2094 -ἢ
806 2059 953 2097 κίνησις,
986 2056 1075 2089 οὕτω
1102 2059 1160 2089 καὶ
1186 2058 1201 2088 ό
1232 2058 1360 2102 χρόνος,
1400 2060 1435 2090 Ei.
1461 2059 1520 2102 μὲν

524 2100 589 2146 γάρ
616 2102 636 2138 ή
663 2101 754 2138 αὐτή
778 2103 835 2132 καὶ
857 2104 918 2145 μία
934 2104 1067 2146 γίνεταί
1087 2114 1185 2142 ποτε,
1205 2102 1304 2134 ἔσται
1326 2105 1383 2134 καὶ
1428 2103 1521 2144 ρόνος

525 2146 569 2183 εἷς
594 2148 651 2177 καὶ
679 2147 694 2177 ό
722 2145 839 2183 αὐτός·
867 2146 894 2177 εἱ
919 2140 958 2178 δὲ
981 2145 1042 2189 μή,
1070 2147 1129 2178 οὑκ
1155 2146 1266 2178 ἔσται.
1298 2147 1394 2178 Ἐπεὶ
1443 2148 1457 2180 ὲ
1482 2148 1522 2181 τὸ

524 2190 580 2220 νῦν
608 2190 752 2226 τελευτή
777 2191 834 2222 καὶ
862 2190 948 2234 ἀργή
971 2189 1113 2235 χρόνου,
1142 2188 1215 2222 αλλ’
1244 2190 1281 2222 οὗ
1307 2192 1369 2223 τοῦ
1396 2193 1519 2232 αὐτοῦ,

528 2234 618 2266 ἀλλαῖ
649 2235 711 2267 τοῦ
741 2234 799 2277 μέν
835 2235 1049 2278 παρήκοντος
1079 2233 1246 2274 τελευτή,
1266 2233 1368 2280 ·ἀρχή
1394 2231 1431 2269 ’δὲ
1457 2239 1520 2269 τοῦ

523 2278 720 2322 μέλλοντος·
748 2278 819 2324 ἔχοι
846 2278 884 2310 ἂν
909 2279 1017 2322 ὥσπερ
1037 2279 1052 2310 ὁ
1070 2277 1190 2315 κύκλος
1217 2279 1250 2311 ἐν
1272 2281 1319 2320 τῷ
1338 2280 1432 2322 αὐτῷ
1451 2293 1519 2319 πως

525 2323 565 2354 τό
590 2323 711 2366 κυρτὸν
735 2326 792 2354 καὶ
818 2323 859 2354 τό
883 2325 1008 2361 κοῖλον,
1032 2322 1120 2356 οὕτω
1145 2324 1204 2354 καὶ
1232 2324 1247 2354 ὁ
1271 2322 1388 2368 χρόνος
1415 2326 1466 2358 ἀεὶ
1485 2325 1518 2357 ἐν

525 2367 614 2412 ἀρχῇ
639 2370 696 2399 καὶ
724 2368 882 2408 τελευτῇ·
907 2370 965 2400 καὶ
990 2364 1048 2399 διά
1073 2368 1179 2399 τοῦτο
1205 2362 1298 2399 δοκεῖ
1323 2368 1373 2401 ἀεὶ
1392 2368 1517 2412 ἕτερος·

524 2412 562 2443 oh
586 2411 650 2457 γάρ
677 2412 738 2444 τοῦ
765 2412 874 2443 αὐτοῦ
908 2413 995 2457 ἀρχῆ
1020 2412 1249 2465 καὶ-τελευτή
1283 2412 1324 2444 τό
1349 2414 1419 2444 νῦν·
1447 2413 1519 2459 ἅμα

561 2456 567 2466 .
619 2455 633 2466 s
847 2457 852 2465 .
913 2457 919 2466 2

522 2467 586 2502 γαρ
614 2468 651 2488 αν
677 2458 736 2487 καὶ
760 2468 855 2488 κατα
882 2469 921 2488 το
948 2458 1036 2489 αὐτο
1062 2456 1109 2488 τά
1136 2455 1352 2500 ἀντικείμενα
1375 2459 1441 2501 εἴη,
1459 2458 1528 2490 καὶΙ

523 2500 588 2545 οὐχ
612 2499 781 2543 ὑπολείψει
806 2495 863 2536 δή·
893 2502 942 2533 ἀεὶ
967 2502 1031 2547 γάρ
1058 2501 1090 2532 ἐν
1119 2500 1219 2546 ἀρχῇ.

525 2540 553 2576 δ’
583 2541 681 2585 ήδη,
714 2545 754 2576 τὸ
781 2543 880 2591 ἐγγύς
911 2547 984 2577 ἐστι
1017 2545 1078 2577 τοῦ
1105 2543 1274 2598 παρόντος
1303 2545 1358 2576 νῦν
1385 2543 1518 2586 ἀτόμου

521 2587 617 2633 μέρος
644 2590 706 2620 τοῦ
737 2588 920 2632 μέλλοντος
949 2588 1081 2634 χρόνου.
1118 2590 1204 2620 Ποτε
1237 2584 1404 2630 βαδίζεις
1436 2584 1516 2629 ἤδη,

523 2632 576 2665 ὅτι
608 2634 706 2679 ἐγγύς
732 2635 748 2665 ὁ
773 2633 889 2678 χρόνος
916 2635 948 2666 ἐν
975 2633 998 2675 ᾧ
1024 2633 1149 2676 μέλλει.
1183 2634 1247 2664 Καὶ
1279 2634 1341 2664 τοῦ
1372 2635 1519 2676 παρελη-

518 2677 660 2715 λυθότος
694 2677 814 2723 χρόνου
840 2678 881 2710 ‘ro'
907 2678 954 2722 μή
980 2677 1088 2720 πόρρω
1115 2677 1175 2709 τοῦ
1200 2677 1269 2708 νῦν.
1303 2676 1390 2708 Πότε
1421 2672 1518 2717 βαδί-

519 2722 603 2764 ζεις;
630 2717 695 2759 ἤδη
723 2717 901 2762 βεβάδικα.
933 2722 978 2753 Τό
1002 2716 1040 2752 δὲ
1058 2720 1161 2752 Ἴλιον
1187 2718 1290 2763 φάναι
1317 2715 1380 2758 ἤδη
1412 2722 1517 2752 ἑαλω-

520 2765 615 2798 κέναι
641 2766 678 2798 οὐ
704 2767 860 2812 λέγομεν,
888 2765 941 2798 ὅτι
967 2764 1077 2808 πόρρω
1100 2766 1177 2795 λίαν
1204 2765 1265 2796 τοῦ
1291 2765 1358 2796 νῦν.

454 2811 520 2841 Καὶ
545 2811 586 2842 τὸ
620 2811 719 2855 ἄρτι
753 2810 792 2841 τὸ
818 2809 917 2856 ἐγγυς
943 2809 1005 2842 τοῦ
1031 2808 1198 2852 παρόντος
1229 2809 1306 2849 νῦν,
1333 2808 1375 2840 τὸ
1401 2807 1514 2853 μόριον

522 2856 583 2886 τοῦ
609 2853 849 2897 παρελθόντος.
876 2853 962 2886 Πότε
989 2851 1105 2892 ἦλθεςς
1135 2853 1223 2897 ἄρτι,
1243 2853 1301 2885 ἐάν
1321 2850 1342 2895 ᾖ
1364 2853 1380 2884 ὁ
1397 2852 1515 2897 χρόνος

520 2899 619 2945 ἐγγυς
646 2900 708 2930 τοῦ
731 2899 913 2935 ἐνεστῶτος
936 2898 1004 2930 νῦν.
1039 2898 1183 2929 Πάλαι
1208 2893 1245 2929 δὲ
1262 2898 1304 2930 τό
1322 2896 1443 2941 πόρρω.
1471 2897 1515 2928 Τὸ

519 2938 557 2974 δὲ
589 2941 791 2986 ἐξαίφνης
823 2943 863 2974 τό
890 2943 922 2974 ἐν
957 2940 1152 2982 ἀναισθήτῳ
1181 2941 1286 2988 χρόνῳ
1316 2936 1376 2973 διά
1403 2940 1518 2985 μικρό-

521 2998 613 3024 τητα
640 2986 776 3019 ἐκστάν.

455 2545 500 2575 Τό

506 3102 655 3129 ΞΥΝοΡειε.
672 3116 706 3121 —
728 3109 750 3128 1.
765 3101 976 3137 Argumentum
998 3105 1024 3127 et
1045 3098 1147 3126 divisio
1169 3103 1270 3126 textus.
1287 3114 1306 3119 -
1321 3105 1348 3125 2.
1370 3098 1455 3125 Nunc
1469 3097 1513 3125 in-

452 3147 592 3178 quantum
615 3146 656 3168 est
677 3139 816 3168 terminus
837 3139 984 3175 temporis,
1007 3139 1080 3166 idest
1100 3137 1272 3174 principium
1293 3137 1379 3165 futuri
1401 3143 1428 3164 et
1449 3136 1513 3165 finis

451 3179 604 3217 praeteriti,
620 3189 710 3207 unum
726 3179 805 3207 alteri
827 3179 984 3207 continuat.
999 3195 1018 3199 -
1034 3179 1118 3206 Nunc
1140 3177 1240 3205 dividit
1255 3183 1369 3214 tempus
1390 3175 1513 3221 inquan-

451 3226 513 3248 tum
529 3219 726 3248 consideratur
740 3225 771 3246 ut
787 3219 876 3246 multa
890 3218 919 3246 in
934 3217 1071 3254 potentia,
1086 3216 1150 3245 finis
1165 3226 1269 3253 nempe
1285 3222 1312 3244 et
1326 3216 1512 3253 principium:

451 3259 549 3296 sicque
570 3259 707 3295 accipitur
727 3265 758 3286 ut
779 3258 899 3287 alterurn
921 3265 949 3286 et
962 3258 1082 3286 alterum
1099 3265 1182 3285 nunc.
1204 3257 1262 3284 Sed
1282 3262 1313 3284 ut
1331 3255 1511 3291 continuans,

451 3299 589 3335 accipitur
609 3305 640 3326 ut
660 3307 751 3326 unum
773 3304 800 3326 et
822 3298 912 3326 idem:
935 3298 1015 3334 quod
1037 3296 1232 3325 manifestatur
1252 3305 1303 3332 per
1316 3295 1407 3323 simile
1429 3294 1458 3340 in
1479 3295 1512 3323 li-

450 3338 521 3366 neis.
538 3355 556 3360 -
573 3339 657 3366 Nunc
681 3338 810 3367 dividens
825 3344 852 3366 et
869 3337 1040 3366 continuans
1055 3343 1183 3373 tempus,
1205 3341 1248 3364 est
1260 3344 1351 3363 unum
1373 3335 1511 3369 subiecto,

452 3378 502 3405 sed
524 3377 617 3406 differt
638 3377 757 3406 ratione.
773 3394 792 3399 -
808 3378 833 3405 3.
856 3376 1031 3405 Secundaria
1054 3374 1224 3413 significatio
1245 3374 1334 3419 ipsius
1356 3383 1448 3419 nunc,
1470 3380 1513 3402 est

452 3418 531 3453 quod
553 3417 588 3444 sit
609 3423 720 3455 tempus
735 3417 931 3454 propinquum
956 3415 1107 3454 praesenti
1127 3424 1217 3449 nunc,
1242 3423 1300 3442 stve
1327 3419 1511 3450 praeteritum

452 3455 511 3483 sive
526 3456 662 3484 futurum.
679 3473 696 3477 -
710 3466 738 3491 4.
755 3456 918 3484 Subdivisio
934 3462 1034 3484 textus.
1050 3472 1068 3476 -
1088 3455 1167 3483 Tunc
1181 3453 1320 3492 significat
1333 3459 1447 3498 tempus
1462 3453 1511 3481 de-

451 3495 635 3523 terminatum
656 3505 707 3531 per
721 3495 838 3532 aliquod
854 3495 932 3532 prius
954 3504 1037 3529 nunc,
1053 3494 1111 3523 sive
1126 3493 1322 3531 propinquum
1344 3501 1401 3521 Slve
1417 3502 1511 3537 remo-

451 3540 527 3561 tum:
550 3534 672 3570 ideoque
695 3535 723 3562 in
745 3535 858 3563 duobus
881 3535 974 3563 differt
995 3544 1012 3562 a
1033 3535 1159 3563 secunda
1186 3532 1393 3571 significatione
1422 3532 1510 3569 ipsius

453 3582 536 3600 nunc.
548 3589 566 3593 —
581 3573 605 3600 5.
622 3573 800 3617 ὒξίβευΙιαε.
817 3574 892 3608 Quia
913 3580 1026 3610 tempus
1048 3574 1127 3611 quod
1149 3572 1252 3601 dicitur
1266 3578 1341 3606 tunc,
1357 3571 1511 3616 includitur

451 3612 525 3640 inter
546 3618 728 3647 praeteritum
751 3622 826 3641 nunc
847 3619 874 3641 et
896 3622 1038 3649 praesens,
1061 3619 1088 3641 et
1109 3621 1197 3641 omne
1211 3619 1324 3649 tempus
1338 3617 1433 3648 potest
1454 3611 1509 3640 dici

1583 779 1601 798 *
1624 779 1734 820 Ipsum
1757 787 1864 811 autem
1885 791 1967 813 nuuc
1986 788 2032 813 est
2054 782 2250 814 continuatio
2273 784 2442 825 temporis,
2465 792 2502 818 ut
2524 786 2649 822 dictum,

1652 830 1698 854 est
1721 824 1817 864 prius.
1842 825 2017 858 Continuat
2031 826 2117 857 enim
2139 834 2265 868 tempus
2284 829 2486 869 praeteritum
2505 837 2536 862 et
2558 830 2644 862 futu-

1651 877 1735 906 rum,
1760 875 1791 899 et
1813 869 1946 900 omnino
1961 870 2282 912 terminusrtemporis
2306 878 2366 903 est:
2384 881 2430 904 est
2445 873 2531 905 enim
2548 874 2643 906 huius

1651 911 1782 952 quidem
1796 913 1998 954 principium,
2010 914 2094 945 illius
2110 921 2217 946 autem
2234 915 2315 947 finis.
2329 916 2391 948 Sed
2401 917 2464 949 hoc
2477 926 2544 950 non
2563 918 2646 951 sicut

1651 962 1681 992 et
1702 955 1736 986 in
1758 963 1878 996 puncto
1901 965 2048 989 manente
2070 957 2275 991 manifestum
2298 967 2354 992 est.

1583 998 1702 1030 Dividit
1725 1007 1832 1031 autem
1854 1001 2006 1042 potentia.
2031 1003 2072 1034 Et
2094 1003 2284 1044 inquantum
2306 1004 2437 1046 quidem
2458 1005 2644 1037 huiusmodi

1651 1051 1706 1082 est,
1724 1054 1847 1085 semper
1866 1045 1999 1076 alterum
2021 1053 2067 1077 est
2081 1046 2188 1087 ipsum
2211 1055 2310 1078 nunc:
2329 1047 2644 1089 inquantum‘autem

1651 1089 1788 1128 copulat,
1804 1099 1928 1129 semper
1939 1090 2024 1120 idem
2041 1097 2102 1130 est;
2118 1090 2198 1121 sicut
2210 1098 2240 1122 et
2251 1091 2284 1122 in
2298 1092 2527 1124 mathematicis
2541 1093 2642 1125 lineis.

1649 1132 1722 1162 Non
1747 1141 1870 1173 semper
1893 1133 1978 1164 enim
2000 1133 2086 1164 idem
2109 1141 2280 1176 utrumque
2302 1142 2458 1176 punctum
2483 1136 2642 1169 intellectu

1649 1182 1703 1206 est.
1715 1176 1931 1207 Dividentium
1943 1177 2029 1207 enim
2041 1187 2165 1218 semper
2173 1178 2260 1209 aliud
2273 1185 2334 1210 est:
2350 1181 2525 1211 secundum
2537 1183 2645 1212 autem

1648 1220 1737 1260 quod
1754 1221 1899 1260 copulat,
1919 1231 2022 1251 unum
2044 1221 2193 1263 idemque
2209 1222 2333 1263 penitus
2355 1230 2411 1255 est.
2428 1224 2478 1255 Sic
2490 1231 2521 1256 et
2535 1224 2642 1265 ipsum

1648 1273 1733 1294 nunc
1748 1264 1833 1294 aliud
1848 1265 1978 1305 quidem
1990 1265 2141 1305 temporis
2155 1266 2266 1297 divisio
2281 1268 2457 1299 secundum
2467 1268 2643 1309 potentiam

1648 1314 1712 1346 est;
1736 1307 1823 1338 aliud
1845 1315 1952 1339 autem
1975 1309 2127 1340 terminus
2150 1316 2360 1352 utrorumque
2383 1318 2414 1344 et
2436 1313 2524 1345 unio.

1581 1350 1638 1381 Est
1660 1357 1767 1381 autem
1789 1350 1875 1382 idem
1904 1359 1934 1383 et
1955 1351 2132 1384 secundum
2146 1353 2246 1385 ›idem
2269 1354 2380 1386 divisio
2409 1362 2440 1387 et
2457 1356 2550 1388 unio:
2575 1364 2643 1393 esae-

1647 1401 1754 1425 autem
1783 1405 1849 1426 non
1871 1396 1957 1427 idem
1980 1403 2034 1428 est.
2059 1396 2078 1415 ¹*
2106 1398 2182 1428 Hoc

1647 1438 1792 1479 ipsorum
1814 1449 1906 1471 nunc.

1579 1482 1677 1513 Aliud
1701 1489 1822 1523 autem,
1847 1493 1922 1514 cum
1945 1490 2072 1525 tempus
2095 1485 2183 1526 quod
2206 1493 2253 1518 est
2269 1486 2376 1526 h'uius,
2399 1497 2500 1529 prope
2522 1488 2581 1520 sit:
2603 1486 2643 1530 ut

1645 1527 1749 1558 veniet
1767 1537 1863 1567 nunc,
1879 1528 1955 1569 quia
1976 1529 2071 1560 hodie
2090 1529 2209 1569 veniet;
2232 1530 2318 1562 venit
2336 1540 2431 1570 nunc,
2449 1531 2524 1574 quia
2545 1529 2646 1570 hodie

1646 1571 1740 1602 venit.
1756 1572 1817 1602 Sed
1832 1572 1866 1602 in
1882 1572 1940 1603 llio
1956 1572 2036 1604 facta
2058 1582 2125 1604 non
2146 1581 2221 1606 sunt
2233 1583 2337 1615 nunc;
2361 1585 2466 1617 neque
2483 1577 2640 1608 diluvium

1647 1615 1766 1646 factum
1796 1623 1843 1647 est
1863 1626 1959 1648 nunc.
1977 1617 2101 1648 Tamen
2127 1625 2253 1660 tempus
2278 1619 2467 1651 continuum
2494 1627 2557 1652 est:
2584 1621 2648 1653 aed·

1646 1659 1721 1700 quia
1743 1669 1809 1690 non
1833 1667 1879 1691 est
1901 1671 2011 1701 prope.
2583 1665 2589 1669 '

1578 1701 1596 1721 ⁴*
1613 1703 1722 1744 Ipsum
1745 1711 1852 1735 autem
1867 1715 1946 1735 'runc
1970 1712 2096 1746 tempus
2117 1706 2359 1738 determinatum
2374 1717 2430 1748 per
2445 1707 2532 1749 prius
2554 1717 2640 1740 nunc
2665 1718 2675 1730 ·

1646 1754 1707 1786 est;
1732 1755 1767 1779 ut
1789 1755 1865 1779 tunc
1884 1749 2039 1780 destructa
2062 1757 2109 1780 est
2131 1751 2238 1790 Troia,
2255 1758 2286 1782 et
2301 1758 2377 1782 tunc
2395 1759 2460 1783 erat
2471 1752 2637 1784 diluvium.

1645 1792 1780 1832 Oportet
1803 1793 1887 1823 enim
1909 1793 2027 1824 includi
2051 1794 2090 1824 ad
2108 1793 2215 1835 ipsum
2238 1805 2334 1826 nunc.
2357 1796 2424 1827 Erit
2439 1796 2525 1827 enim
2538 1806 2640 1838 quan-

1645 1842 1715 1875 tum
1737 1836 1867 1877 aliquod
1895 1838 1933 1867 ab
1956 1838 2018 1868 hoc
2047 1845 2190 1879 tempore
2212 1839 2246 1869 in
2267 1839 2369 1879 illud,
2401 1841 2491 1881 quod
2513 1847 2579 1873 erat
2598 1841 2640 1874 ad

1643 1881 1855 1920 praeteritum.

1576 1922 1595 1941 θ
1610 1923 1643 1954 Si
1665 1934 1740 1954 vero
1764 1934 1867 1966 neque
1883 1931 2009 1965 tempus
2033 1932 2079 1957 est
2101 1926 2190 1967 quod
2213 1936 2279 1957 non
2302 1927 2342 1958 sit
2365 1933 2451 1967 tunc,
2468 1937 2564 1959 omne
2579 1928 2639 1961 erit

1643 1975 1769 2008 tempus
1792 1968 1927 2000 finitum.
1952 1971 2003 2000 An
2019 1979 2093 2010 ergo
2110 1969 2253 2001 deficiet?
2280 1978 2335 2002 aut
2356 1979 2439 2002 non:
2464 1972 2490 2006 si
2506 1972 2636 2013 quidem

1643 2022 1767 2052 semper
1785 2020 1831 2044 est
1849 2020 1966 2044 motus.
1983 2013 2081 2044 Aliud
2095 2014 2189 2054 igitur
2206 2021 2261 2045 aut
2275 2015 2360 2046 idem
2378 2016 2551 2056 multoties,
2570 2026 2637 2048 ma-

1643 2056 1809 2088 nifestum:
1834 2058 1988 2098 quoniam
2012 2065 2047 2089 ut
2071 2059 2179 2099 utique
2193 2066 2311 2098 motus,
2329 2060 2372 2090 sic
2389 2066 2419 2091 et
2432 2067 2558 2101 tempus
2577 2067 2634 2093 est.

1642 2101 1675 2131 Si
1690 2101 1775 2131 enim
1787 2111 1870 2132 unus
1885 2109 1915 2133 et
1930 2102 2015 2132 idem
2029 2102 2069 2133 sit
2081 2110 2190 2133 motus
2200 2103 2383 2144 aliquando,
2399 2103 2456 2135 erit
2467 2111 2497 2136 et
2510 2111 2636 2146 tempus

1642 2154 1744 2175 unum
1759 2152 1789 2176 et
1806 2145 1901 2176 idem:
1917 2146 1942 2176 si
1957 2154 2064 2177 autem
2079 2157 2156 2184 non,
2167 2157 2233 2177 non
2249 2147 2315 2178 erit.
2326 2146 2344 2165 ⁴*
2355 2147 2518 2185 Quoniam
2531 2155 2637 2180 autem

1642 2189 1750 2228 ipsum
1772 2199 1856 2220 nunc
1875 2190 2066 2231 principium
2085 2197 2115 2221 et
2137 2190 2207 2221 finis
2234 2198 2290 2230 est,
2315 2192 2370 2222 sed
2393 2202 2459 2222 non
2475 2192 2637 2232 eiusdem3

1642 2233 1697 2263 sed
1715 2233 1870 2273 praeteriti
1898 2234 2028 2275 quidem
2054 2234 2141 2273 finis,
2166 2235 2357 2276 principium
2385 2243 2492 2267 autem
2518 2236 2636 2276 futuri;

1642 2277 1722 2308 sicut
1745 2277 1871 2310 habebit
1898 2278 2031 2310 circulus
2054 2279 2087 2309 in
2101 2280 2215 2310 eodem
2237 2280 2479 2320 quodammodo
2503 2290 2636 2313 curvum

1642 2328 1672 2352 et
1690 2331 1876 2361 concavum,
1892 2321 1935 2353 sic
1951 2330 1981 2354 et
1996 2330 2122 2363 tempus
2139 2333 2263 2364 semper
2281 2324 2313 2354 in
2335 2324 2491 2365 principio
2516 2333 2547 2357 et
2561 2324 2634 2357 fine.

1641 2366 1682 2396 Et
1696 2373 1825 2406 propter
1839 2367 1902 2397 hoc
1916 2367 2039 2398 videtur
2057 2378 2180 2408 semper
2195 2369 2342 2399 alterum:
2363 2379 2429 2399 non
2452 2369 2537 2400 enim
2552 2368 2635 2400 eius-

1642 2410 1715 2440 dem
1729 2411 1919 2451 principium
1943 2418 1974 2442 et
1995 2411 2066 2442 finis
2081 2411 2187 2452 ipsum
2202 2419 2303 2451 nunc;
2319 2412 2415 2443 simul
2438 2413 2524 2444 enim
2539 2420 2570 2444 et
2587 2423 2634 2444 se-

1641 2454 1782 2485 cundum
1800 2454 1884 2485 idem
1901 2455 2047 2496 opposita
2063 2462 2175 2486 essent.
2191 2457 2266 2486 Non
2283 2456 2405 2488 deficiet
2426 2457 2532 2498 itaque
2554 2463 2634 2488 tem—

1638 2505 1716 2538 pus:
1740 2508 1864 2539 semper
1887 2499 1971 2530 enim
1994 2500 2027 2530 in
2050 2499 2203 2540 principio
2228 2507 2283 2531 est.

1570 2541 1712 2582 *Ipsum
1727 2549 1834 2573 autem
1857 2553 1911 2574 um
1934 2544 2152 2584 propinquum
2175 2551 2221 2575 est
2243 2544 2397 2584 praesenti
2420 2554 2506 2575 nunc
2520 2544 2653 2576 indivis

1638 2585 1729 2624 sibili,
1747 2596 1818 2627 pars
1833 2587 1928 2618 futuri
1944 2588 2108 2628 temporis:
2137 2602 2151 2616 ‹
2163 2589 2292 2629 quando
2306 2586 2415 2619 vadet?
2436 2589 2500 2619 iarn
2513 2601 2542 2627 »,
2558 2589 2633 2630 quia

1598 2649 1602 2654 -
1638 2640 1738 2670 prope
1755 2638 1800 2662 est
1815 2638 1941 2672 ternpus
1956 2632 1989 2662 in
2007 2642 2072 2673 quo
2092 2632 2236 2663 fututum
2255 2639 2317 2671 est;
2334 2639 2365 2663 et
2380 2632 2534 2673 praeteriti
2551 2639 2632 2664 tem-

1638 2674 1741 2714 poris,
1765 2676 1853 2716 quod
1880 2686 1946 2706 non
1979 2677 2091 2716 procul
2121 2683 2167 2707 est
2189 2677 2227 2707 ab
2250 2676 2320 2717 ipso
2344 2684 2446 2707 nunc:
2474 2676 2631 2718 «quando

1636 2717 1743 2749 vadis?
1758 2719 1822 2750 iam
1845 2719 1886 2750 ivi
1899 2732 1926 2751 ιι.
1948 2720 2028 2750 llion
2051 2727 2157 2751 autern
2173 2721 2289 2752 destrui
2305 2721 2369 2751 iam
2391 2730 2457 2751 non
2480 2720 2630 2760 dicimus;

1637 2762 1712 2803 quia
1730 2764 1842 2803 procul
1865 2764 2003 2795 multum
2027 2771 2072 2795 est
2095 2765 2133 2795 ab
2151 2765 2222 2805 ipso
2242 2775 2336 2796 nunc.

1569 2805 1588 2823 θ’
1604 2806 1714 2847 Ipsum
1727 2814 1834 2838 autem
1849 2818 1936 2839 mono
1961 2818 2060 2849 prope
2078 2809 2232 2849 praesenti
2247 2818 2332 2840 nunc
2356 2815 2402 2840 est
2424 2818 2496 2850 pars
2512 2814 2630 2850 praete-

1636 2851 1701 2882 riti:
1729 2865 1743 2880 «
1757 2852 1886 2892 quando
1908 2851 2010 2883 venit?
2033 2853 2171 2892 modo»,
2195 2853 2220 2883 si
2244 2853 2283 2884 sit
2305 2860 2430 2894 tempus
2446 2853 2630 2893 proximum

1637 2896 1789 2935 praesenti
1813 2906 1907 2927 nunc.
1928 2897 2012 2928 Onna
2031 2904 2148 2935 autem,
2164 2897 2253 2938 quod
2274 2897 2395 2938 procul.
2411 2897 2558 2928 Rapum:
2574 2906 2630 2929 au-

1636 2946 1712 2978 tem,
1729 2940 1818 2980 quod
1831 2940 1864 2970 in
1882 2940 2053 2971 insensibili
2069 2948 2211 2982 tempore
2227 2948 2273 2972 est
2290 2947 2420 2982 propter
2434 2940 2628 2982 parvitatem.

1567 3102 1642 3131 tunc,
1658 3106 1745 3125 omne
1759 3103 1872 3134 tempus
1890 3103 1932 3126 est
1946 3097 2072 3134 finitum;
2088 3107 2155 3136 ergo
2170 3104 2282 3136 tempus
2304 3098 2424 3127 deficere
2447 3105 2575 3135 oportet:
2599 3105 2628 3127 et

1566 3145 1600 3164 ex
1619 3136 1675 3165 alia
1688 3143 1768 3173 parte
1789 3146 1902 3174 semper
1916 3146 1977 3165 esse
1992 3137 2077 3165 debet
2090 3144 2213 3174 tempus,
2229 3137 2251 3166 si
2267 3144 2373 3173 motus,
2389 3138 2547 3166 secundum
2562 3137 2628 3175 opi-

1566 3176 1681 3204 nionem
1698 3176 1868 3211 Aristotelis,
1882 3185 2031 3213 nunquam
2047 3177 2150 3205 deficit.
2166 3193 2185 3199 -
2199 3178 2226 3205 6.
2242 3177 2367 3206 Solvitur
2381 3175 2544 3214 difficultas,
2559 3186 2627 3214 sup·

1566 3215 1661 3252 posito
1683 3216 1763 3252 quod
1792 3222 1887 3244 motus
1915 3225 2064 3253 nunquam
2086 3216 2190 3253 incepit
2216 3223 2266 3244 aut
2287 3217 2413 3252 deficiet,
2436 3218 2487 3245 sed
2514 3225 2628 3254 semper

1566 3255 1713 3283 reiteretur
1734 3255 1810 3284 idem
1832 3265 1892 3283 non
1914 3265 2036 3284 numero
2057 3257 2108 3284 sed
2129 3255 2232 3293 specie.
2254 3257 2294 3285 lta
2311 3256 2387 3284 enirn
2403 3265 2497 3294 neque
2513 3263 2627 3293 tempus

1565 3304 1694 3332 unquam
1715 3294 1821 3331 incepit
1834 3301 1883 3323 aut
1897 3295 2017 3324 deficiet.
2040 3296 2115 3324 Cum
2130 3295 2207 3324 enirn
2224 3295 2295 3324 nihil
2309 3295 2345 3324 sit
2358 3295 2487 3333 accipere
2500 3297 2537 3324 de
2550 3302 2627 3324 tem-

1565 3343 1636 3371 pore
1656 3334 1711 3362 nisi
1733 3343 1816 3369 nunc,
1832 3341 1859 3362 et
1873 3334 1903 3362 in
1924 3334 2074 3371 hypothesi
2096 3334 2245 3372 quodlibet
2266 3345 2341 3364 nunc
2362 3335 2397 3364 sit
2410 3334 2582 3372 principium
2596 3341 2628 3363 et

1566 3373 1630 3402 finis
1651 3374 1798 3411 temporis,
1813 3373 1942 3411 sequitur
1962 3375 2042 3412 quod
2063 3381 2176 3412 tempus
2197 3383 2311 3412 semper
2331 3374 2368 3403 sit
2389 3374 2419 3403 'm
2439 3373 2582 3412 principio
2597 3379 2627 3402 et
2643 3412 2645 3414 q

1565 3413 1631 3442 fine.
1649 3430 1665 3435 -
1680 3414 1737 3442 Sed
1758 3413 1781 3442 si
1803 3420 1899 3442 motus
1920 3413 2026 3451 incepit
2046 3420 2095 3442 aut
2116 3413 2238 3450 finietur,
2253 3414 2306 3443 erit
2319 3414 2437 3452 aliquod
2451 3423 2526 3442 nunc
2545 3412 2624 3451 prin-

1566 3453 1672 3490 cipium
1693 3453 1831 3490 temporis
1853 3460 1880 3482 et
1901 3462 1962 3482 non
1976 3453 2049 3489 finis,
2065 3460 2092 3482 et
2106 3453 2224 3491 aliquod
2239 3463 2314 3482 nunc
2328 3453 2392 3482 finis
2407 3454 2456 3482 sed
2471 3461 2531 3481 non
2545 3451 2623 3490 prin·

1566 3492 1681 3529 cipium.
1698 3510 1716 3514 -
1731 3501 1757 3529 7.
1774 3493 1836 3520 Iam
1857 3492 1933 3521 idem
1955 3492 2094 3531 significat
2108 3494 2188 3530 quod
2203 3502 2277 3522 nunc
2298 3493 2425 3522 secundo
2439 3492 2529 3521 modo
2543 3495 2623 3519 surn-

1565 3539 1655 3569 ptum.
1677 3548 1695 3552 -
1718 3533 1744 3560 8.
1767 3532 1857 3561 Modo
1884 3531 2023 3570 significat
2047 3532 2231 3570 praeteritum
2257 3532 2453 3577 propinquum
2480 3529 2622 3568 praesenti

1564 3581 1656 3600 nunc:
1678 3572 1763 3605 olim,
1785 3571 1968 3608 praeteritum
1995 3578 2149 3600 remotum.
2173 3572 2302 3610 Repente
2323 3571 2383 3600 fieri
2404 3570 2521 3606 dicitur,
2542 3570 2622 3607 quod

1564 3611 1595 3639 fit
1615 3611 1646 3639 in
1666 3617 1796 3647 tempore
1817 3610 1974 3639 insensibili
1995 3617 2112 3648 propter
2132 3610 2310 3648 parvitatem.

2201 1398 2332 1440 quidem
2352 1399 2447 1439 igitur
2465 1400 2508 1431 sic
2531 1400 2645 1434 dicitur
2666 1406 2678 1418 ⁸

2673 791 2682 800 ·
2699 791 2756 820 Cap.
2770 798 2822 815 nn.
2871 774 2884 823 J

2669 816 2738 840 Text.
2752 822 2792 840 ιιι.

2689 1717 2758 1741 Text.
2771 1723 2832 1747 ¹23»
2856 1703 2858 1705 ,

2664 1933 2675 1945 “
2690 1932 2759 1955 Text.
2769 1938 2818 1962 ¹24.
2864 1936 2870 1946 ²

2660 2152 2672 2164 ·
2686 2151 2755 2175 Text.
2772 2158 2821 2182 ¹²5-
2853 2141 2863 2159 ¹¹³

2658 2551 2670 2563 ⁵
2683 2550 2753 2574 Text.
2767 2551 2818 2575 ηδ»
2844 2530 2846 2555 ἶ

2656 2819 2668 2831 ’¹
2681 2817 2749 2841 Text.
2764 2824 2815 2848 ιη.

2691 1405 2760 1430 Text.
2774 1412 2822 1430 ω.
