2898 3996
481 298 555 333 300

532 375 567 411 6.
598 374 765 410 Tertiam
786 373 969 410 rationem
988 371 1095 420 ponit
1114 371 1184 407 ibi:
1213 370 1385 418 Amplius
1409 375 1533 406 autem

478 427 511 462 si
537 427 576 462 id
600 426 700 474 quod
725 426 896 462 continue
923 429 1088 461 mutatur
1116 430 1204 459 etc.:
1234 434 1331 480 quae
1359 422 1441 458 talis
1466 429 1531 458 est.

481 479 607 514 Omne
636 478 740 526 quod
767 485 943 523 mutatur,
973 476 1002 512 si
1032 487 1110 512 non
1134 475 1388 523 corrumpitur
1416 485 1534 521 neque

473 536 613 578 pausat
637 542 661 566 a
689 530 904 588 mutatione,
934 529 1028 565 idest
1054 539 1176 576 neque
1205 526 1340 564 desinit
1367 525 1531 571 moveri,

479 582 585 630 quasi
605 581 778 618 continue
798 588 995 639 mutatum,
1012 591 1165 616 necesse
1186 587 1240 616 est
1259 578 1390 627 quod
1382 590 1419 614 1n
1440 590 1533 625 quo-

340 645 357 670 γ
479 635 567 670 libet
594 646 694 670 nunc
722 633 902 681 temporis
924 637 939 659 ⁷
958 632 996 669 in
1021 644 1098 679 quo
1125 638 1310 678 movetur,
1330 631 1392 667 vel
1412 637 1532 666 mute-

479 694 537 722 tur
560 687 620 723 vel
642 686 687 722 sit
709 693 906 722 mutatum.
929 684 1004 721 Sed
1025 684 1062 720 in
1081 696 1181 720 nunc
1200 695 1278 720 non
1297 690 1472 728 mutatur,
1493 689 1534 718 ut

228 745 433 774 '‘Lemana-8·
479 751 590 786 supra
610 740 630 759 ᾧ·
650 745 843 774 ostensum
872 743 946 773 est:
981 748 1068 784 ergo
1098 747 1251 772 necesse
1280 742 1336 771 est
1362 735 1466 782 quod
1494 734 1533 770 in

480 791 645 839 quolibet
659 803 759 827 nunc
773 789 953 838 temporis
973 788 1223 825 mensurantis
1239 795 1399 834 motum,
1417 786 1532 823 conti-

478 856 599 880 nuum
619 843 664 879 sit
682 850 878 879 mutatum.
911 842 987 878 Sed
1006 841 1044 877 in
1066 840 1232 888 quolibet
1255 847 1428 887 tempore
1447 846 1533 876 sunt

478 895 622 932 infinita
650 904 769 941 nunc,
799 894 886 942 quia
915 905 1014 929 nunc
1043 900 1098 929 est
1119 892 1254 928 divisio
1283 891 1475 940 temporis,
1497 899 1534 928 et

478 956 628 996 tempus
661 954 715 983 est
751 923 789 983 i⁷n
825 946 1012 982 infinitum
1052 944 1252 982 divisibile:
1291 956 1378 991 ergo
1417 956 1532 980 omne

479 1000 582 1050 quod
610 1006 773 1036 mutatur
801 1006 854 1034 est
881 997 1056 1034 infinities
1089 1004 1287 1033 mutatum.
1323 997 1371 1033 Et
1398 996 1448 1033 ita
1476 1009 1533 1032 se-

478 1053 602 1101 quitur
620 1052 724 1110 quod
744 1058 829 1087 ante
849 1062 964 1086 omne
992 1049 1139 1086 moveri
1164 1049 1209 1086 sit
1228 1056 1414 1086 mutatum
1439 1061 1532 1096 esse,

478 1117 556 1142 non
584 1104 688 1153 quasi
718 1111 819 1139 extra
850 1102 975 1151 ipsum
1009 1101 1156 1139 moveri
1185 1101 1365 1148 existens,
1401 1101 1467 1138 sed
1495 1101 1532 1138 in

477 1157 572 1205 ipso,
601 1164 642 1192 ut
668 1155 872 1192 terminans
901 1154 1064 1203 aliquam
1092 1161 1239 1203 partem
1269 1154 1359 1191 eius.

531 1221 565 1256 7.
586 1208 732 1245 Deinde
762 1219 849 1243 curn
878 1207 980 1244 dicit:
1009 1207 1100 1243 Non
1130 1206 1250 1243 solum
1282 1212 1406 1243 autem
1435 1206 1536 1254 quod

477 1267 642 1298 mutatur
661 1268 743 1307 etc.,
763 1260 899 1308 probat
926 1259 1030 1307 quod
1050 1271 1069 1295 e
1090 1271 1275 1296 converso
1305 1266 1389 1295 ante
1418 1270 1532 1295 omne

478 1321 664 1350 mutatum
698 1324 800 1359 esse,
828 1311 1030 1360 praecedat
1066 1311 1212 1348 mutari.
1243 1312 1291 1348 Et
1325 1310 1450 1359 primo
1489 1322 1533 1347 ex

477 1374 582 1415 parte
609 1364 808 1414 temporis;
838 1364 1006 1401 secundo
1036 1376 1080 1400 ex
1107 1371 1211 1412 parte
1241 1363 1293 1400 rei
1322 1363 1532 1400 secundum

478 1431 594 1466 quam
623 1425 677 1454 est
703 1425 840 1463 motus,
866 1416 936 1453 ibi:
965 1416 1136 1464 Amplius
1167 1421 1290 1452 autem
1319 1417 1356 1452 in
1385 1416 1532 1467 magnif

478 1471 602 1508 tudine
621 1471 640 1491 ’⁸
657 1477 723 1506 etc.
742 1469 850 1506 Circa
876 1469 1042 1517 primum
1071 1468 1139 1504 tria
1166 1468 1268 1505 facit:
1297 1468 1422 1516 primo
1445 1481 1532 1517 pro-

477 1524 583 1573 ponit
609 1523 863 1572 propositum;
894 1522 1059 1557 secundo
1081 1521 1314 1558 demonstrat
1337 1521 1531 1570 quoddam

478 1575 730 1613 necessarium
746 1575 794 1611 ad
806 1573 1049 1622 probandum
1064 1573 1313 1622 propositum,
1326 1573 1394 1610 ibi:
1416 1574 1534 1611 Omne

478 1629 575 1665 enim
595 1627 694 1676 quod
715 1639 764 1663 ex
782 1626 944 1674 quodam
962 1627 980 1646 '³‘
996 1633 1082 1671 ete.;
1108 1626 1215 1662 tertio
1235 1626 1376 1663 inducit
1395 1627 1533 1675 proba-

477 1681 618 1718 tionem
659 1679 872 1728 principalis
907 1678 1101 1727 propositi,
1130 1678 1198 1715 ibi:
1234 1679 1418 1720 Quoniam
1461 1679 1530 1728 igi-

477 1734 570 1770 tur*
585 1741 653 1769 etc.
674 1731 772 1768 Dicit
801 1743 888 1778 ergo
908 1730 1032 1779 primo
1053 1731 1156 1779 quod
1175 1743 1254 1768 non
1273 1732 1397 1768 solum
1418 1743 1533 1768 omne

478 1785 582 1834 quod
601 1792 765 1822 mutatur
784 1795 938 1820 necesse
965 1790 1020 1819 est
1038 1790 1225 1820 mutatum
1246 1795 1326 1820 esse
1346 1783 1440 1831 iam,
1467 1783 1534 1820 sed

479 1838 590 1875 etiarn
611 1849 724 1873 omne
754 1836 857 1884 quod
877 1843 1064 1872 mutatum
1093 1842 1148 1871 est
1167 1847 1322 1872 necesse
1350 1843 1404 1872 est
1430 1835 1534 1884 prius

478 1890 631 1927 mutari:
653 1889 740 1937 quia
755 1895 942 1925 mutatum
963 1899 1043 1924 esse
1064 1895 1119 1924 est
1133 1887 1314 1925 terminus
1335 1888 1414 1924 eius
1430 1889 1533 1937 quod

479 1950 534 1979 est
570 1941 728 1978 moveri.
757 1940 869 1978 Unde
904 1947 1051 1988 oportet
1088 1941 1191 1989 quod
1225 1948 1309 1977 ante
1347 1948 1533 1978 mutatum

480 2007 560 2032 esse
588 1994 788 2042 praecedat
816 1993 974 2029 moveri.

533 2048 567 2084 8.
588 2045 735 2083 Deinde
765 2057 852 2082 cum
891 2045 992 2083 dicit:
1027 2045 1144 2082 Omne
1180 2045 1278 2082 enim
1308 2052 1399 2092 etc.,
1428 2045 1535 2094 ponit

480 2099 673 2148 quoddam
693 2097 946 2134 necessarium
975 2097 1023 2134 ad
1041 2097 1223 2146 propositi
1250 2098 1531 2146 probationem,

479 2152 616 2188 scilicet
643 2151 748 2199 quod
776 2162 889 2187 omne
919 2149 1022 2198 quod
1042 2157 1207 2186 mutatur
1235 2162 1279 2186 ex
1307 2151 1476 2198 quodam
1496 2150 1534 2186 in

479 2204 672 2252 quiddam,
703 2203 747 2239 sit
766 2210 952 2239 mutatum
972 2202 1010 2238 in
1027 2209 1211 2250 tempore.
1240 2202 1316 2239 Sed
1336 2203 1532 2239 adverten-

480 2257 571 2294 dum
586 2257 606 2277 '¹‘
621 2256 724 2304 quod
742 2255 803 2292 hic
831 2260 1011 2317 mutatum
1039 2267 1116 2291 esse
1134 2267 1211 2291 non
1236 2262 1290 2291 est
1308 2254 1410 2291 idem
1430 2255 1533 2303 quod

479 2308 672 2345 terminari
685 2313 844 2344 motum:
860 2312 1003 2355 supra
997 2307 1120 2344 enim
1141 2314 1334 2343 ostensum
1357 2315 1411 2344 est
1429 2309 1533 2356 quod

242 2362 343 2414 ῃυξῃῗζ
345 2361 452 2389 ‘’smed-
478 2361 567 2398 illud
583 2360 774 2408 temporis,
787 2360 824 2396 in
844 2372 920 2408 quo
935 2359 1059 2408 primo
1081 2359 1214 2396 dicitur
1233 2366 1419 2396 mutatum
1438 2373 1531 2408 esse,

479 2421 534 2450 est
560 2412 796 2450 indivisibile.
827 2412 903 2449 Sed
931 2412 1109 2460 accipitur
1136 2412 1196 2448 hic
1224 2417 1406 2449 mutatum
1435 2425 1531 2459 esse,

479 2466 688 2502 secundum
709 2465 813 2514 quod
832 2464 1014 2512 significat
1041 2465 1144 2513 quod
1165 2465 1305 2514 aliquid
1326 2466 1435 2513 prius
1454 2478 1531 2502 mo—

476 2520 653 2563 vebatur;
671 2517 777 2565 quasi
799 2517 912 2554 dicat:
934 2529 1049 2554 omne
1069 2517 1173 2566 quod
1193 2518 1430 2565 movebatur,
1451 2531 1533 2555 mo-

477 2572 636 2607 vebatur
662 2570 700 2606 in
737 2578 920 2618 tempore.
951 2571 1000 2606 Et
1026 2570 1099 2606 hoc
1136 2571 1272 2618 probat
1299 2570 1361 2607 sic.
1393 2571 1432 2607 Si
1460 2572 1534 2608 hoc

477 2635 554 2660 non
583 2630 638 2659 est
664 2635 810 2670 verum,
832 2622 876 2659 sit
905 2622 1043 2671 aliquid
1072 2630 1258 2659 mutatum
1288 2635 1333 2659 ex
1360 2625 1394 2660 A
1423 2624 1461 2660 in
1489 2625 1532 2672 B,

477 2675 572 2712 idest
600 2687 644 2712 ex
671 2687 749 2712 uno
777 2675 938 2712 termino
967 2675 1005 2712 in
1034 2676 1214 2721 alterum,
1242 2675 1279 2711 in
1307 2675 1390 2735 ipso
1419 2689 1531 2714 nune.

478 2727 562 2764 Hoc
589 2727 725 2787 posito,
747 2727 913 2786 sequitur
941 2727 1044 2786 quod
1065 2728 1219 2776 quando
1249 2735 1303 2764 est
1322 2728 1359 2764 in
1378 2729 1461 2777 ipso
1487 2731 1532 2776 A,

478 2781 572 2817 idest
599 2781 636 2816 in
663 2780 824 2816 termino
845 2793 866 2816 a
894 2792 983 2829 quo,
1004 2780 1042 2816 in
1071 2780 1207 2817 eodem
1233 2793 1333 2817 nunc
1361 2782 1533 2819 nondum

243 2835 324 2857 ’Μ
339 2842 401 2857 ”⁰¹¹¹
416 2842 435 2857 2
479 2840 533 2869 est
551 2840 753 2869 mutatum:
771 2832 948 2881 quiaiam
969 2845 1082 2881 supra
1097 2834 1326 2870 ⁴’ostensum
1343 2842 1408 2881 est,
1430 2835 1534 2883 quod

477 2885 566 2922 illud
595 2885 699 2934 quod
735 2893 922 2921 mutatum
952 2892 1025 2932 est,
1055 2885 1208 2934 quando
1242 2894 1428 2923 mutatum
1458 2895 1532 2934 est,

479 2950 556 2974 non
584 2945 639 2974 est
665 2937 702 2973 in
729 2937 889 2974 termino
910 2950 931 2974 a
960 2949 1048 2986 quo,
1070 2939 1136 2975 sed
1161 2938 1279 2986 magis
1307 2939 1344 2975 in
1373 2940 1532 2976 termino

480 2989 527 3026 ad
556 3001 687 3038 quem;
718 2998 936 3038 sequeretur
973 3002 1060 3038 ergo
1090 2991 1193 3038 quod
1231 2990 1342 3028 simul
1372 3000 1468 3029 esset
1496 2993 1533 3030 in

479 3044 513 3078 A
538 3049 573 3078 et
600 3042 637 3078 in
656 3043 698 3078 B.
721 3043 880 3090 Oportet
899 3054 988 3090 ergo
1017 3043 1140 3079 dicere
1161 3043 1264 3092 quod
1284 3043 1321 3080 in
1341 3044 1412 3081 alio
1433 3057 1534 3082 nunc

479 3094 524 3131 sit
551 3094 589 3131 in
616 3096 661 3141 A,
684 3102 719 3131 et
747 3094 784 3130 in
812 3095 884 3131 alio
914 3107 1013 3131 nunc
1041 3095 1085 3132 sit
1113 3103 1311 3133 mutatum.
1334 3097 1408 3134 Sed
1439 3097 1534 3135 inter

479 3146 665 3195 quaelibet
684 3147 760 3184 duo
780 3159 880 3184 nunc
893 3146 956 3184 'est
974 3155 1124 3196 tempus
1144 3148 1326 3195 medium,
1348 3150 1434 3198 quia
1455 3150 1531 3188 duo

479 3211 579 3236 nunc
607 3211 684 3236 non
704 3207 861 3248 possunt
890 3213 970 3237 esse
991 3200 1060 3237 sibi
1080 3201 1278 3237 coniuncta
1302 3201 1530 3250 immediate,

247 3256 451 3286 'L⁰⁶¹·¹›m¹m·s-
479 3260 518 3288 ut
546 3264 658 3300 supra
679 3253 698 3274 *
727 3259 920 3289 ostensum
951 3260 1016 3290 est.
1047 3253 1282 3302 Relinquitur
1311 3266 1398 3302 ergo
1429 3256 1532 3304 quod

480 3317 593 3341 omne
623 3305 725 3353 quod
755 3313 929 3351 mutatur,
950 3313 1116 3343 mutatur
1143 3306 1179 3343 in
1208 3313 1390 3355 tempore.

533 3369 567 3404 9.
584 3357 740 3394 Videtur
758 3365 884 3394 autem
899 3359 918 3379 ’θ’
933 3358 1037 3406 quod
1057 3358 1117 3395 hic
1138 3359 1373 3396 concluditur
1391 3360 1530 3397 habere

480 3408 689 3446 instantiam
705 3409 742 3446 in
757 3411 995 3457 generatione
1012 3419 1047 3447 et
1063 3411 1313 3460 corruptione,
1330 3411 1424 3449 inter
1437 3425 1531 3461 quo-

482 3473 564 3497 rum
584 3461 762 3499 terminos
791 3475 867 3499 non
896 3471 949 3500 est
969 3463 1120 3512 aliquod
1149 3463 1330 3501 medium.
1361 3464 1399 3501 Si
1429 3465 1531 3502 enim

242 1478 250 1485 ·
266 1475 335 1497 Num.
352 1481 376 1496 ιι.

241 1634 250 1641 ·
264 1632 334 1654 Num.
349 1638 397 1659 seq.

241 1742 250 1749 '
266 1740 335 1761 Num.
350 1746 383 1761 10.

242 2314 390 2336 madverte

259 2918 284 2936 A*

244 3362 251 3369 ”
269 3360 294 3381 id
307 3360 359 3382 add.
375 3367 395 3382 ι’.

1108 292 1450 330 PHYSICORUM
1476 288 1818 345 ARISTOTELIS
1849 289 1942 325 LIB.
1972 289 2022 325 VI

1585 361 1684 403 'inter
1708 377 1809 401 nunc
1837 365 1875 401 in
1903 377 1980 413 quo
2010 372 2066 402 est
2093 365 2131 402 in
2149 365 2312 403 termino
2341 378 2363 403 a
2383 379 2471 416 quo,
2493 374 2530 404 et
2555 366 2652 405 inter

1590 430 1691 455 nunc
1718 417 1756 454 in
1779 429 1856 465 quo
1887 423 1941 453 est
1967 417 2006 454 in
2025 417 2185 454 termino
2206 418 2255 455 ad
2282 431 2411 467 quem,
2431 419 2477 456 sit
2499 427 2650 469 tempus

1589 470 1780 516 medium,
1811 476 1988 517 sequetur
2009 470 2115 518 quod
2138 470 2279 519 aliquid
2302 470 2348 508 sit
2367 472 2537 509 medium
2556 472 2651 510 inter

1590 535 1670 559 esse
1692 529 1728 558 et
1745 533 1824 558 non
1852 534 1952 568 esse3
1983 522 2071 570 quia
2098 522 2137 559 in
2165 522 2226 559 illo
2252 523 2380 560 medio
2400 531 2590 573 tempore,
2610 524 2649 562 id

1589 575 1694 623 quod
1718 581 1884 610 mutatur
1907 586 2031 622 neque
2062 582 2159 611 esset
2178 575 2197 595 ¹*
2219 587 2301 622 ens,
2322 586 2447 624 neque
2471 589 2550 614 non
2569 589 2646 614 ens.

1590 627 1667 663 Sed
1694 626 1782 675 quia
1810 626 1903 663 ratio
1941 638 2038 675 quae
2066 627 2128 663 hic
2163 627 2315 675 ponitur
2352 628 2648 666 demonstrativa

1590 686 1655 726 est,
1673 685 1821 727 oportet
1841 680 1860 700 '³‘
1880 678 1985 727 quod
2011 679 2074 715 hic
2094 679 2227 716 dicitur
2249 679 2376 729 aliquo
2395 682 2514 718 modo
2535 681 2648 719 etiam

1588 731 1626 767 in
1654 730 1894 778 generatione
1923 738 1959 768 et
1987 731 2227 780 corruptione
2255 732 2412 770 salvari:
2441 733 2492 770 ita
2518 741 2648 771 tamen

1589 783 1695 831 quod
1727 782 1852 830 aliquo
1885 783 2003 820 modo
2033 783 2145 821 etiarn
2172 784 2392 823 huiusmodi
2420 786 2647 824 mutationes

1589 836 1661 872 sint
1679 842 1983 883 momentaneae,
2005 848 2092 872 cum
2107 838 2128 858 *
2141 849 2219 874 non
2246 838 2364 886 possit
2388 840 2469 875 ess'e
2494 838 2648 887 aliquod

1589 887 1759 925 medium
1774 887 1870 924 inter
1885 894 2053 924 extrema
2072 900 2215 926 earum.
2233 891 2300 926 Est
2314 890 2424 938 igitur
2443 891 2647 928 dicendum

1589 939 1803 988 quod'illud
1822 939 1927 988 quod
1954 947 2121 977 mutatur
2139 942 2187 978 de
2206 954 2285 979 non
2309 955 2390 980 esse
2414 943 2452 980 in
2473 956 2565 992 esse,
2586 944 2647 981 vel

1590 1005 1609 1028 e
1630 1004 1829 1039 converso,
1850 1003 1928 1029 non
1950 999 2005 1029 est
2023 992 2135 1029 simul
2153 993 2191 1030 in
2206 1006 2285 1032 non
2299 1007 2380 1032 esse
2401 1003 2438 1032 et
2457 1008 2556 1033 esse:
2577 996 2646 1034 sed

1589 1045 1684 1081 sicut
1702 1045 1740 1081 in
1759 1052 1896 1081 octavo
1913 1044 1933 1065 '¹‘
1950 1044 2104 1092 dicetur,
2120 1057 2198 1082 non
2218 1054 2274 1083 est
2288 1047 2377 1084 dare
2395 1048 2574 1086 ultimum
2593 1048 2648 1086 in-
2675 1056 2685 1066 '

1589 1105 1701 1144 stans,
1722 1097 1759 1134 in
1789 1109 1866 1146 quo
1894 1097 1932 1133 id
1956 1097 2061 1144 quod
2088 1106 2287 1145 generatur
2306 1099 2351 1136 sit
2369 1111 2447 1136 non
2468 1113 2555 1147 ens3
2581 1101 2649 1138 sed

1590 1158 1645 1187 est
1664 1150 1752 1186 dare
1772 1150 1940 1198 primum
1959 1149 2100 1186 instans
2119 1149 2158 1187 in
2172 1162 2250 1199 quo
2271 1159 2327 1188 est
2345 1153 2457 1200 ens*,
2474 1152 2524 1189 ita
2543 1153 2649 1202 quod

1588 1202 1626 1239 in
1645 1209 1724 1238 toto
1739 1203 1759 1223 '⁴‘
1774 1210 1946 1250 tempore
1965 1202 2203 1251 praecedenti
2224 1203 2314 1241 illud
2333 1204 2485 1252 instans,
2502 1212 2650 1243 estnon

1589 1267 1667 1292 ens.
1689 1256 1788 1291 Inter
1805 1261 1956 1303 tempus
1976 1261 2103 1291 autem
2123 1262 2160 1291 et
2186 1255 2327 1293 instans
2351 1257 2456 1306 quod
2473 1257 2650 1296 terminat

1589 1314 1758 1354 motum,
1788 1319 1867 1343 non
1904 1314 1960 1344 est
1996 1307 2150 1356 aliquod
2186 1308 2379 1346 medium:
2409 1317 2445 1347 et
2480 1310 2534 1347 sic
2570 1322 2649 1348 non

1589 1366 1736 1408 oportet
1764 1359 1868 1408 quod
1896 1359 1942 1396 sit
1960 1360 2131 1397 medium
2159 1360 2255 1397 inter
2283 1373 2365 1398 esse
2385 1369 2421 1399 et
2449 1374 2527 1400 non
2552 1374 2647 1400 esse.

1589 1412 1665 1449 Sed
1685 1411 1773 1461 quia
1801 1419 1951 1460 tempus
1971 1413 2074 1460 quod
2093 1413 2286 1461 praecedit
2309 1414 2451 1451 instans
2476 1414 2515 1452 in
2535 1417 2555 1435 ⁴*
2570 1427 2650 1465 quo

1586 1465 1712 1513 primo
1733 1471 1788 1501 est
1805 1465 1911 1512 quod
1929 1472 2138 1512 generatur,
2160 1473 2354 1503 mensurat
2372 1467 2537 1516 aliquem
2564 1466 2649 1505 mo-⁴

1587 1526 1690 1565 turn,
1725 1517 1892 1565 sequitur
1929 1517 2034 1566 quod
2070 1517 2166 1555 sicut
2200 1518 2292 1556 illud
2325 1519 2467 1557 instans
2494 1520 2533 1557 in
2570 1531 2648 1570 quo

1586 1570 1711 1619 primo
1740 1577 1796 1606 est
1824 1570 1928 1619 quod
1955 1578 2173 1618 generatur,
2204 1579 2259 1617 est
2285 1572 2468 1610 terminus
2495 1585 2648 1622 praece-

1589 1622 1709 1659 dentis
1736 1622 1918 1671 temporis
1946 1623 2199 1660 mensurantis
2226 1632 2388 1672 motum,
2408 1625 2459 1662 ita
2482 1625 2649 1675 incipere

1589 1687 1671 1712 esse
1705 1682 1761 1712 est
1792 1675 1975 1711 terminus
2011 1676 2270 1723 praecedentis
2308 1684 2445 1714 motus.
2482 1678 2522 1715 Si
2556 1689 2647 1727 ergo

1588 1727 1778 1775 generatio
1799 1727 1942 1764 dicatur
1961 1727 2042 1776 ipsa
2061 1728 2224 1777 inceptio
2245 1729 2405 1778 essendi,
2426 1730 2479 1767 sic
2504 1737 2559 1768 est
2576 1737 2648 1768 ter-

1588 1779 1714 1816 minus
1742 1786 1880 1827 motus,
1908 1787 1944 1816 et
1971 1779 2024 1816 sic
2053 1788 2108 1817 est
2134 1781 2172 1817 in
2209 1781 2377 1819 instanti:
2407 1782 2495 1832 quia
2521 1783 2648 1821 termi-

1589 1832 1668 1868 nari
1696 1839 1856 1879 motum,
1878 1832 1983 1880 quod
2011 1839 2067 1869 est
2085 1840 2273 1870 mutatum
2303 1847 2396 1882 esse,
2423 1835 2535 1872 estin
2552 1835 2648 1874 indi-

1587 1884 1722 1921 visibili
1737 1885 1931 1933 temporis,
1947 1892 1989 1921 ut
2003 1897 2116 1934 supra
2130 1886 2150 1906 ²¹
2171 1893 2366 1924 ostensum
2382 1894 2447 1924 est.
2463 1885 2502 1924 Si
2518 1895 2647 1926 autem

1587 1937 1778 1984 generatio
1816 1937 2019 1986 accipiatur
2052 1938 2133 1986 ipsa
2171 1938 2334 1988 inceptio
2373 1940 2521 1977 essendi
2559 1952 2648 1979 cum

1587 1997 1666 2026 toto
1686 1997 1794 2026 motu
1808 1989 2059 2038 praecedente
2088 1990 2193 2027 cuius
2214 1998 2269 2028 est
2286 1992 2479 2040 terminus,
2496 1993 2550 2030 sic
2569 2005 2648 2031 non

1589 2049 1643 2079 est
1670 2042 1709 2079 in
1736 2042 1897 2089 instanti,
1919 2042 2042 2078 sedin
2065 2050 2258 2091 tempore:
2287 2044 2337 2080 ita
2365 2045 2470 2093 quod
2501 2045 2540 2083 in
2567 2051 2647 2083 toto

1587 2102 1759 2143 tempore
1786 2094 2027 2143 praecedenti
2057 2103 2111 2131 est
2138 2107 2216 2132 non
2246 2109 2312 2133 ens
2335 2097 2426 2134 illud
2454 2097 2558 2146 quod
2584 2110 2648 2146 ge-

1587 2155 1748 2194 neratur,
1771 2154 1806 2183 et
1833 2147 1871 2183 in
1889 2147 2023 2183 ultimo
2052 2147 2202 2184 instanti
2222 2156 2278 2185 est
2305 2161 2384 2186 ens.
2405 2150 2454 2186 Et
2481 2149 2650 2206 similiter

1588 2199 1793 2236 dicendum
1823 2206 1878 2235 est
1906 2199 1952 2236 de
1982 2201 2234 2248 corruptione.

1647 2264 1703 2288 10.
1724 2251 1873 2288 Deinde
1902 2263 1990 2288 cum
2019 2251 2127 2289 dicit:
2160 2254 2347 2295 Quoniam
2367 2255 2484 2304 igitur
2502 2255 2540 2293 in
2558 2261 2648 2294 tem-

1580 2316 1677 2352 pore
1704 2312 1773 2341 etc.
1787 2333 1795 2351 ,
1824 2305 1962 2352 probat
1987 2305 2193 2354 principale
2229 2307 2469 2365 propositum
2502 2308 2589 2345 tali
2591 2320 2648 2346 ra-

1586 2357 1699 2394 tione.
1722 2357 1851 2393 Omne
1871 2356 1976 2406 quod
2004 2365 2192 2395 mutatum
2212 2366 2278 2406 est,
2298 2359 2337 2396 in
2361 2366 2534 2409 tempore
2562 2371 2647 2399 mu-

1586 2410 1750 2456 tabatur,
1771 2417 1813 2446 ut
1835 2410 2040 2458 probatum
2069 2418 2125 2448 est
2143 2411 2184 2447 *1
2215 2423 2330 2448 omne
2350 2419 2478 2450 autern
2496 2421 2649 2463 tempus

1587 2470 1642 2499 est
1671 2462 1872 2499 divisibile.
1893 2463 1998 2510 quod
2022 2470 2149 2500 autem
2169 2463 2207 2500 in
2226 2464 2352 2513 aliquo
2371 2472 2544 2514 tempore
2563 2478 2648 2504 mu-

1586 2523 1704 2563 tatur,
1733 2515 1772 2551 in
1800 2515 1966 2563 qualibet
1991 2523 2096 2564 parte
2124 2516 2222 2553 illius
2249 2518 2432 2566 temporis
2460 2525 2647 2557 mutatur:

1588 2580 1677 2616 ergo
1706 2575 1855 2616 oportet
1888 2568 2032 2616 dicere,
2063 2569 2167 2618 quod
2199 2569 2289 2606 illud
2317 2570 2423 2618 quod
2459 2578 2649 2610 mutamm'

1588 2628 1644 2657 est
1670 2621 1708 2657 in
1737 2627 1816 2658 toto
1854 2620 1979 2669 aliquo
2008 2629 2201 2671 ternpore,
2231 2623 2448 2660 mutabatur
2477 2623 2582 2674 prius
2609 2624 2650 2662 in

1587 2674 1787 2711 medietate
1816 2674 2008 2722 temporis,
2035 2682 2071 2711 et
2098 2674 2234 2711 iterum
2262 2675 2301 2712 in
2337 2676 2540 2714 medietate
2567 2688 2648 2715 me·

1588 2726 1752 2764 dietatis:
1783 2733 1819 2763 et
1847 2726 2085 2776 sic,semper
2110 2728 2358 2776 procedetur,
2386 2737 2543 2778 propter
2574 2730 2650 2771 hnc

1588 2780 1692 2828 quod
1720 2787 1870 2828 tempus
1900 2787 1954 2817 est
1973 2779 2011 2817 in
2039 2779 2227 2817 infinitum
2249 2781 2445 2819 divisibile.
2467 2782 2569 2831 Ergo
2589 2794 2648 2820 se-

1587 2833 1713 2880 quitur
1740 2832 1846 2882 quod
1874 2845 1990 2870 omne
2015 2833 2118 2882 quod
2137 2841 2325 2878 mutatum
2355 2841 2420 2882 est,
2440 2834 2544 2884 prius
2562 2846 2648 2874 mu*-

1587 2886 1755 2922 tabatur:
1787 2893 1821 2922 et
1849 2885 1898 2922 ita
1930 2893 2016 2923 ante
2054 2898 2170 2923 omne
2203 2893 2391 2924 mutatum
2429 2899 2511 2924 esse
2538 2899 2647 2936 prae-

1588 2938 1686 2975 cedit
1713 2938 1861 2975 mutari.

1646 3003 1702 3028 11.
1725 2990 1872 3028 Deinde
1908 3003 1996 3027 cum
2025 2990 2132 3028 dicit:
2161 2992 2334 3041 Amplius
2360 2997 2484 3029 autem
2509 2992 2546 3030 in
2565 3003 2647 3030 ma-

1585 3044 1780 3093 gnitudine
1807 3051 1890 3091 etc.,
1911 3043 2074 3080 ostendit
2100 3044 2218 3091 idem,
2247 3043 2390 3082 ratione
2418 3053 2573 3094 accepta
2601 3055 2647 3086 ex

1585 3105 1691 3145 parte
1720 3096 1800 3133 eius
1828 3096 2039 3133 secundum
2068 3097 2174 3144 quod
2193 3105 2360 3134 mutatur
2386 3098 2416 3134 *.
2448 3098 2496 3135 Et
2522 3098 2650 3147 primo
2675 3106 2686 3116 ⁶

1588 3157 1772 3197 quantum
1809 3149 1858 3186 ad
1885 3156 2012 3186 motus
2049 3149 2114 3197 qui
2149 3157 2235 3186 sunt
2261 3149 2314 3187 in>
2333 3150 2560 3199 quantitate;
2590 3162 2647 3188 se·-

1589 3202 1714 3239 cundo
1743 3209 1927 3251 quantum
1955 3202 2004 3239 ad
2031 3202 2121 3239 alias
2144 3202 2382 3250 mutationes,
2403 3203 2474 3240 ibi:
2502 3202 2648 3241 Eadem

1588 3255 1686 3292 enim
1705 3255 1968 3292 demonstratio
1988 3254 2069 3291 est*
2079 3262 2147 3292 etc.
2168 3255 2267 3292 Dicit
2285 3267 2374 3304 ergo
2394 3255 2532 3305 primo,
2543 3254 2648 3306 quod

1587 3308 1660 3345 hoc
1679 3307 1784 3357 quod
1805 3306 1946 3344 dictum
1962 3315 2018 3344 est
2030 3308 2049 3329 *¹
2070 3315 2119 3344 ex·
2131 3315 2237 3357 parte
2256 3308 2450 3357 temporis,
2472 3321 2644 3346 commu-

1587 3360 1681 3397 niter
1708 3361 1755 3398 ad
1785 3372 1941 3397 omnem
1971 3360 2233 3408 mutationem,
2263 3361 2496 3399 manifestius
2523 3368 2648 3411 potest

1587 3413 1705 3461 accipi
1730 3425 1774 3450 ex
1792 3420 1898 3462 parte
1919 3413 2202 3462 magnitudinis:
2219 3413 2307 3463 quia
2326 3413 2546 3462 magnitudo
2566 3425 2646 3451 ma-

1587 3465 1754 3503 nifestior
1773 3473 1828 3502 est
1846 3477 1961 3515 quam
1981 3474 2143 3515 tempus,
2165 3474 2201 3503 et
2225 3466 2445 3514 magnitudo
2470 3466 2646 3503 continua

534 3564 560 3596 γ)
581 3564 605 3588 in
626 3565 736 3595 quolibet
761 3573 827 3591 'nore
847 3568 979 3599 temporis.
993 3581 1011 3587 »-
1031 3568 1057 3592 in
1077 3569 1193 3600 quoIIber
1212 3571 1328 3600 tempore
1348 3569 1500 3600 BEGHLR,
1521 3570 1545 3594 in
1567 3570 1680 3602 qualibet
1694 3573 1774 3603 parte
1798 3571 1924 3603 temporis
1943 3571 1981 3601 Q,
2001 3571 2027 3596 in
2047 3570 2160 3603 quolibet
2179 3571 2305 3603 temporis
2323 3570 2398 3596 ceteri
2418 3576 2471 3596 exc.
2490 3568 2566 3595 sc.-
2585 3569 2647 3594 Post

484 3599 575 3623 lincam
594 3606 675 3630 supra
694 3608 745 3624 om.
765 3601 824 3625 l‘ab.

2677 587 2686 596 ·
2701 585 2749 607 erit
2764 591 2831 613 mm,
2853 589 2898 608 esl-

2676 615 2720 633 εει.
2735 617 2786 640 αα,
2794 618 2872 635 roza.

2676 691 2686 700 ⁶
2701 689 2727 712 a‘d
2739 689 2793 727 add.
2807 697 2829 712 P.

2676 843 2685 853 ·
2700 843 2724 863 et
2735 847 2787 864 cm
2798 847 2870 864 Aen:

2675 874 2760 896 rura,
2766 867 2891 897 etqwdm

2676 1421 2687 1431 '
2700 1420 2725 1443 tn
2738 1425 2787 1443 ou.
2801 1426 2824 1443 1³.

2675 1894 2685 1903 ·
2699 1893 2764 1915 μοι.
2779 1892 2879 1921 mecca

2675 1925 2739 1941 num.
2749 1925 2773 1946 4.

2675 2424 2686 2434 ·
2699 2422 2771 2446 Num.
2785 2422 2808 2446 Β.
2836 2412 2865 2437 -’“·

2675 3265 2684 3273 ·
2701 3262 2772 3286 Nun.
2782 3268 2835 3292 neq·

2675 3315 2687 3327 ⁸
2702 3315 2774 3338 Num.
2783 3308 2861 3347 pratea*
