2898 3996
40 619 43 627 '
65 622 75 633 ⁶
90 621 198 648 Leonvi,
215 626 239 642 u.
255 626 267 642 2

67 654 104 676 sq.

12 767 38 802 ’5ῐῖ
66 777 274 805 ·cf.m›.m‚1ect.

18 809 41 838 ,ᾗ
65 810 107 831 xu,
121 810 145 826 n.
158 810 178 832 5.

9 861 27 884 ’ᾗ
64 878 74 909 ².
87 883 135 900 non
149 877 203 901 add.
215 883 238 899 ι’.

39 2204 42 2206 v
59 2188 172 2212 '‘l-*inwiac
181 2189 270 2211 inth.

41 2214 270 2244 ·⁴1ib.vn,1ect.1x,

42 2243 146 2271 mona.

12 3181 34 3193 ·“’
70 3172 73 3175 ⁴
87 3182 188 3206 Mcedd.
199 3184 235 3206 ab
249 3188 271 3206 et

13 3219 18 3222 ·
57 3215 62 3241 J
82 3220 84 3225 .
96 3209 130 3231 ·d.
144 3216 193 3232 exc.
211 3217 271 3232 naon

1071 284 1083 298 .
1157 269 1267 305 CAP.
1297 268 1348 315 v,
1379 268 1528 304 LECT.
1560 270 1610 305 1x

302 354 432 384 movet
458 359 528 395 per
555 354 810 394 augmentum,
830 354 1030 383 moveatur
1058 347 1105 383 ab
1134 346 1259 394 aliquo
1288 345 1360 382 alio

301 412 371 448 per
397 399 675 445 alterationem
711 407 746 435 et
774 399 862 436 illud
891 400 1049 436 alterans
1078 406 1277 435 moveatur
1304 410 1360 434 se—

304 452 470 488 cundum
500 452 663 502 aliquem
693 452 806 488 alium
837 460 996 488 motum.
1033 451 1277 487 Manifestum
1307 457 1362 486 est

303 511 428 541 autem
455 505 560 553 quod
588 511 713 541 motus
742 516 820 540 non
851 510 938 540 sunt
964 502 1116 549 infiniti,
1151 515 1275 551 neque
1303 515 1360 538 se-

303 558 469 594 cundum
510 569 628 604 genus
665 569 789 604 neque
826 556 1034 593 secundum
1072 555 1249 603 speciem.
1292 555 1360 590 Est

303 610 404 646 enim
423 609 593 646 habitum
621 609 659 645 in
688 609 816 657 quinto
839 609 869 654 ²²²,
899 608 1003 656 quod
1031 614 1157 643 motus
1183 607 1359 643 differunt

302 674 438 720 genere
475 669 511 698 et
546 661 669 710 specie
711 660 921 697 secundum
964 658 1191 696 differentias
1233 672 1359 696 rerum

301 714 340 751 in
368 715 503 763 quibus
531 721 617 751 sunt
653 720 800 750 motus:
835 723 972 760 genera
1008 719 1136 748 autem
1169 724 1295 748 rerum
1324 720 1359 748 et

302 767 447 826 species
467 778 544 803 non
564 773 650 803 sunt
675 764 857 811 infinitae,
891 770 932 799 ut
959 763 1082 800 alibiss
1097 764 1292 812 probavit;
1324 772 1359 801 et

302 820 355 856 sic
374 831 497 867 neque
525 829 663 866 genera
685 824 750 853 aut
767 815 912 874 species
938 823 1074 852 motus.
1107 816 1147 853 Si
1167 829 1255 864 ergo
1276 830 1357 853 mo-

301 884 395 909 vens
425 873 444 892 ss
472 881 625 907 necesse
659 876 714 905 est
741 868 888 905 moveri
921 868 992 905 alio
1026 881 1163 916 genere
1196 877 1259 906 aut
1286 870 1358 906 alia

301 923 424 971 specie
451 929 596 968 motus,
630 932 709 957 non
737 920 804 957 erit
834 921 1043 969 procedere
1077 921 1115 958 in
1147 921 1355 969 infinitum,

300 974 367 1012 sed
396 974 463 1011 erit
490 973 642 1023 aliquod
669 973 835 1022 primum
864 985 1026 1010 movens
1054 973 1261 1010 immobile.

359 1040 372 1064 1
385 1040 416 1064 1.
438 1027 514 1064 Sed
529 1026 616 1076 quia
629 1033 758 1075 posset
777 1026 909 1074 aliquis
930 1025 1066 1072 dicere,
1079 1027 1182 1073 quod
1202 1026 1354 1074 quando

301 1080 476 1118 deficient
504 1091 638 1116 omnes
666 1078 810 1127 species
837 1085 982 1124 motus,
1016 1077 1151 1115 iterum
1178 1078 1357 1115 redibitur

301 1134 349 1169 ad
366 1132 530 1181 primam
552 1133 587 1176 ἷξε;
607 1138 648 1168 ut
667 1131 804 1167 scilicet
831 1131 862 1167 si
888 1130 1055 1179 primum
1083 1139 1231 1168 motum
1252 1143 1356 1167 acce-

300 1192 407 1234 ptum
425 1185 652 1222 movebatur
671 1183 848 1230 localiter,
870 1182 1071 1220 distributis
1095 1183 1270 1220 omnibus
1294 1196 1355 1230 ge-

301 1237 452 1274 neribus
482 1244 518 1273 et
544 1237 741 1285 speciebus
769 1243 942 1272 motuum
974 1249 1044 1284 per
1075 1236 1245 1274 diversos
1274 1248 1357 1272 mo-

301 1297 413 1335 tores,
445 1297 571 1326 motor
597 1289 663 1337 qui
690 1288 859 1326 residuus
887 1288 989 1325 erit
1006 1288 1222 1326 movebitur
1249 1295 1356 1324 motu

301 1342 431 1380 locali:
460 1342 510 1379 ad
536 1343 610 1379 hoc
639 1339 916 1378 excludendum
946 1349 1220 1389 consequenter
1247 1341 1353 1386 dicit,

302 1395 405 1443 quod
423 1402 570 1431 tantum
589 1394 690 1431 valet
708 1393 760 1429 sic
779 1393 984 1440 reflectere,
1001 1401 1042 1430 ut
1054 1395 1074 1415 '¹‘
1089 1393 1232 1430 dicatur
1251 1393 1356 1441 quod

301 1448 460 1484 alterans
479 1447 618 1483 feratur
645 1446 767 1494 (quod
789 1446 887 1492 dicit,
917 1446 1004 1494 quia
1027 1454 1176 1483 motum
1195 1446 1355 1482 localem

239 1524 246 1530 -
301 1511 413 1548 supra
427 1501 448 1520 '⁸
462 1499 564 1548 prius
583 1498 856 1544 nominaverat,
872 1506 907 1534 et
926 1498 1183 1535 alterationem
1201 1498 1354 1544 ultimo)

299 1552 353 1588 sic
388 1551 544 1600 inquam
576 1551 767 1587 reflectere
801 1550 904 1587 idem
942 1559 996 1587 est
1033 1563 1077 1587 ac
1114 1550 1144 1588 si
1177 1550 1300 1588 statim
1321 1555 1356 1587 'a

297 1599 483 1652 principio
502 1603 645 1640 dicatur
673 1603 776 1651 quod
805 1615 966 1640 movens
994 1603 1204 1640 secundum
1228 1604 1355 1639 locum

298 1664 476 1694 movetur
490 1653 522 1701 ⁰;
553 1663 589 1692 et
611 1667 688 1692 non
708 1657 832 1692 solum
852 1656 890 1692 in
909 1667 1045 1703 genere
1073 1656 1140 1692 sed
1158 1655 1196 1692 in
1217 1656 1353 1704 specie,

299 1709 404 1756 quod
439 1709 580 1746 docens
614 1709 780 1745 docetur.
820 1709 868 1744 Et
900 1708 1003 1756 quod
1031 1708 1106 1744 hoc
1133 1708 1354 1744 tantundem

297 1762 433 1808 valeat,
460 1761 597 1810 probat
623 1767 916 1819 consequenter.
957 1760 1084 1796 Omne
1114 1759 1215 1796 enim
1252 1760 1355 1808 quod

298 1821 494 1860 movetur,
532 1812 652 1860 magis
687 1820 864 1849 movetur
899 1825 922 1848 a
955 1811 1138 1860 superiori
1175 1820 1354 1848 movente

299 1878 413 1914 quam
442 1866 489 1902 ab
517 1865 692 1910 inferiori,
715 1872 750 1900 et
772 1877 840 1913 per
868 1877 1104 1913 consequens
1133 1866 1250 1901 multo
1276 1877 1355 1900 ma-

297 1918 352 1966 gis
371 1931 394 1955 a
411 1918 536 1967 primo
558 1925 749 1954 movente.
780 1918 819 1954 Si
848 1930 936 1965 ergo
961 1917 998 1954 id
1020 1917 1124 1965 quod
1144 1918 1355 1965 ponebatur

298 1971 445 2008 moveri
473 1971 658 2017 localiter,
693 1977 869 2006 movetur
900 1982 922 2006 a
954 1970 1168 2018 propinquo
1203 1969 1355 2018 quidem

298 2031 478 2060 movente
515 2023 619 2071 quod
654 2030 810 2069 augetur
825 2051 834 2068 ,
866 2022 1019 2059 ulterius
1057 2030 1184 2058 autem
1222 2023 1269 2058 ab
1308 2035 1354 2058 eo
1408 2061 1411 2063 ,

262 2100 271 2105 -
298 2076 402 2124 quod
421 2076 606 2121 alteratur,
627 2075 722 2111 ultra
738 2076 757 2095 ἓ
773 2082 899 2110 autem
923 2075 970 2110 ab
991 2086 1036 2111 eo
1058 2074 1162 2123 quod
1180 2082 1356 2111 movetur

299 2128 507 2165 secundum
533 2129 676 2164 locum:
709 2127 783 2163 hoc
811 2128 916 2174 quod
943 2134 1120 2164 movetur
1147 2127 1356 2163 secundum

298 2182 437 2227 locum,
457 2180 575 2227 magis
589 2179 812 2216 >movebitur
828 2181 847 2201 ἧς
863 2191 885 2215 a
911 2179 1036 2226 primo
1057 2179 1160 2227 quod
1180 2187 1356 2216 movetur

298 2233 507 2270 secundum
527 2233 666 2279 locum,
683 2244 798 2280 quam
817 2245 839 2268 a
858 2231 1025 2268 secundo
1046 2231 1148 2280 quod
1168 2232 1354 2278 alteratur,

299 2293 363 2323 aut
382 2298 404 2322 a
422 2285 530 2322 tertio
551 2284 655 2334 quod
674 2291 839 2332 augetur.
867 2285 967 2331 Ergo
990 2284 1058 2332 erit
1074 2296 1210 2320 verum
1231 2283 1354 2320 dicere

299 2338 402 2387 quod
430 2350 592 2375 movens
620 2337 830 2374 secundum
858 2337 996 2382 locum,
1026 2344 1202 2373 movetur
1225 2348 1355 2372 secun-

299 2391 391 2428 dum
410 2391 552 2435 locum;
572 2397 614 2426 -et
633 2389 799 2426 similiter
818 2389 1027 2426 secundum
1046 2401 1355 2436 unamquamque

299 2443 464 2492 speciem
492 2450 629 2479 motus.
669 2443 754 2478 Hoc
782 2449 909 2478 autem
946 2454 1023 2478 non
1056 2442 1180 2477 solum
1210 2449 1264 2477 est
1292 2442 1355 2477 fal-

298 2508 404 2542 sum,
433 2495 521 2543 quia
547 2495 697 2532 videtur
729 2494 941 2531 instantiam
974 2494 1114 2530 habere
1143 2493 1181 2529 in
1209 2493 1354 2541 multis,

298 2548 365 2585 sed
385 2547 496 2584 etiam
516 2555 571 2589 est
589 2547 832 2596 impossibile.
855 2548 1082 2594 Sequeretur
1102 2546 1202 2582 enim
1217 2547 1355 2594 *quod

299 2601 440 2638 docens
461 2600 628 2637 addiscat
641 2600 736 2640 dum
756 2599 882 2644 docet;
912 2599 1014 2647 quod
1035 2607 1090 2635 est
1112 2599 1352 2647 impossibile.

297 2652 456 2695 Includit
484 2652 584 2689 enim
611 2653 685 2688 hoc
714 2629 1068 2696 contradictionem
1103 2651 1189 2709 quia
1224 2651 1270 2688 de
1298 2664 1355 2688 ra-

297 2705 400 2741 tione
428 2704 596 2741 docentis
625 2712 680 2740 est
707 2705 811 2752 quod
829 2704 976 2739 habeat
994 2704 1206 2749 scientiam,
1232 2704 1279 2740 de
1299 2717 1355 2740 ra-

297 2757 399 2794 tione
427 2763 554 2793 autem
588 2756 812 2793 addiscentis
850 2755 952 2804 quod
989 2768 1067 2791 non
1105 2733 1252 2791 habeat.
1293 2757 1355 2792 Sic

298 2822 387 2857 ergo
415 2816 517 2858 patet
553 2809 655 2857 quod
693 2821 771 2845 non
809 2815 863 2844 est
900 2807 1154 2844 necessarium
1192 2820 1354 2845 movens

296 2862 454 2899 moveri.
1157 2874 1161 2878 ’

356 2926 413 2956 ι2,.
444 2914 660 2951 Secundam
682 2913 865 2950 rationem
885 2911 991 2960 ponit
1009 2912 1075 2948 ibi:
1103 2911 1274 2959 Amplius
1288 2924 1354 2948 au-

297 2973 369 3003 tem
397 2967 453 3003 his
471 2967 595 3016 magis
623 2965 878 3002 irrationabile
907 2972 988 3001 etc.:
1019 2976 1114 3012 quae
1135 2977 1212 3001 non
1233 2965 1355 3001 differt

298 3031 320 3055 a
338 3019 578 3066 praecedenti
606 3019 675 3055 nisi
700 3018 738 3054 in
769 3018 853 3063 hoc,
877 3017 980 3065 quod
999 3017 1122 3064 prima
1142 3017 1354 3054 deducebat

298 3071 346 3107 ad
361 3071 548 3118 quaedam
568 3070 870 3107 inconvenientia
888 3068 1133 3118 particularia,
1145 3077 1235 3117 puta
1248 3069 1353 3118 quod

298 3123 497 3171 proiiciens
533 3123 797 3171 proiiceretur,
833 3130 897 3158 aut
934 3121 1075 3158 docens
1117 3121 1348 3166 addisceret;

297 3176 391 3211 haec
408 3177 426 3196 ²³²
447 3182 572 3211 autem
591 3175 692 3212 ducit
719 3175 767 3211 ad
795 3174 1065 3210 inconveniens
1087 3173 1124 3210 in
1144 3174 1349 3210 communi.

298 3227 408 3264 Unde
437 3227 524 3264 dicit
551 3227 656 3275 quod
683 3227 766 3263 licet
794 3225 1063 3262 inconveniens
1083 3226 1128 3262 sit
1153 3227 1256 3273 quod
1286 3226 1351 3262 do-

351 3363 375 3398 0)
395 3371 500 3389 movens
519 3363 660 3388 secundum
683 3364 768 3388 locum
789 3366 916 3388 movetur.
933 3376 952 3383 —-
970 3370 1076 3388 movens
1099 3363 1241 3388 secundum
1265 3364 1349 3388 locum

298 3402 418 3424 movetur
436 3399 578 3424 secundum
597 3399 681 3423 Iocum
701 3399 777 3427 DsH;
795 3404 820 3423 et
838 3398 888 3428 sic,
908 3399 929 3422 si
948 3406 999 3422 non
1018 3398 1171 3430 legendum,
1191 3402 1259 3422 certe
1277 3398 1350 3422 intel-

298 3434 430 3467 ligendum
449 3439 488 3461 est
493 3442 501 3465 3
521 3433 552 3458 cf.
567 3433 638 3458 infra.
651 3448 668 3452 -
682 3434 740 3458 Lin.
753 3441 809 3465 seq.
824 3433 873 3459 hoc
891 3441 944 3458 om.
963 3431 1225 3462 PAClKLQTXYab.

2401 269 2476 317 399

1418 358 1505 381 cens
1521 346 1698 393 addiscat,
1716 354 1842 383 tamen
1858 347 1982 384 adhuc
2002 355 2056 384 est
2070 347 2189 395 magis
2205 347 2473 395 irrationabile;

1417 397 1504 446 quia
1532 399 1665 435 accidit
1693 399 1797 446 quod
1825 412 1939 436 omne
1967 400 2154 436 motivum
2184 400 2229 437 sit
2255 401 2413 447 mobile,
2444 401 2474 438 si

1415 450 1505 486 nihil
1525 459 1700 487 movetur
1723 451 1791 487 nisi
1813 453 1861 488 ab
1887 464 1932 488 eo
1954 453 2057 500 quod
2076 460 2262 489 movetur.
2290 453 2351 490 Sic
2372 453 2473 490 enim

1415 511 1592 550 sequetur
1619 504 1723 550 quod
1752 516 1864 540 omne
1894 517 2054 541 movens
2083 505 2128 541 sit
2146 505 2303 551 mobile;
2332 513 2423 554 puta
2442 507 2473 543 si

1415 555 1558 592 dicatur
1585 556 1689 602 quod
1718 568 1832 592 omne
1861 557 1965 604 quod
1985 558 2099 594 habet
2116 557 2291 594 virtutem
2315 558 2473 595 sanandi

1414 615 1477 643 aut
1505 608 1610 655 quod
1640 616 1745 644 sanat
1767 610 1785 629 '¹‘
1804 609 1842 645 in
1871 617 1975 655 actu,
2007 617 2062 646 est
2090 610 2272 655 sanabile,
2304 618 2339 647 et
2367 611 2472 658 quod

1411 661 1526 696 habet
1544 660 1719 696 virtutem
1739 661 1975 708 aedificandi,
2006 670 2061 698 est
2083 662 2337 699 aedificabile:
2367 663 2472 710 quod

1414 720 1468 748 est
1495 712 1614 760 magis
1642 713 1893 749 irrationabile
1923 726 2037 761 quam
2066 714 2170 762 quod
2199 715 2340 751 docens
2368 715 2472 752 addi-

1412 773 1511 810 scat;
1551 765 1639 812 quia
1677 765 1817 802 docens
1854 766 1975 814 potuit
2011 767 2113 815 prius
2151 766 2364 814 addiscere,
2404 768 2472 805 sed

1412 818 1617 854 aedificans
1645 830 1840 865 nunquam
1868 819 1934 855 fuit
1966 819 2196 856 aedificatus.
2233 820 2318 855 Hoc
2346 827 2472 856 autem

1412 870 1607 918 dupliciter
1641 870 1818 917 sequitur.
1859 871 1898 907 Si
1934 871 2033 907 enim
2071 872 2179 908 detur
2215 873 2319 919 quod
2357 884 2471 909 omne

1412 934 1573 959 movens
1593 930 1769 959 movetur
1788 923 1996 959 secundum
2016 924 2179 960 eandem
2204 924 2368 971 speciem
2387 937 2470 960 mo-

1411 981 1488 1021 tus,
1519 975 1686 1021 sequitur
1714 975 1817 1022 quod
1837 988 1939 1021 mox,
1964 976 2060 1012 idest
2086 976 2316 1023 immediate,
2341 977 2471 1013 aedifi-

1411 1039 1500 1062 cans
1520 1024 1739 1062 aedificetur
1759 1035 1794 1063 et
1813 1040 1950 1064 sanans
1969 1036 2137 1071 sanetur:
2163 1029 2193 1065 si
2217 1036 2343 1072 autem
2363 1029 2472 1065 detur

1411 1078 1516 1126 quod
1543 1091 1621 1114 non
1657 1091 1726 1127 per
1759 1080 1919 1116 eandem
1957 1081 2122 1128 speciem
2155 1088 2280 1117 motus
2309 1093 2470 1118 movens

1409 1137 1595 1176 movetur,
1617 1131 1786 1178 sequitur
1813 1132 1917 1179 quod
1944 1145 2013 1180 per
2040 1134 2148 1181 plura
2171 1134 2297 1170 media
2316 1134 2470 1170 tandem

1409 1183 1448 1220 in
1475 1183 1550 1219 hoc
1576 1183 1759 1219 veniatur.
1795 1184 1843 1219 Et
1870 1184 1945 1220 hoc
1973 1186 2141 1233 exponit:
2178 1186 2265 1233 quia
2298 1186 2327 1222 si
2356 1198 2470 1223 omne

1411 1236 1516 1283 quod
1549 1243 1680 1272 movet
1711 1243 1887 1272 movetur
1920 1236 1966 1272 ab
2002 1238 2096 1284 alio,
2136 1238 2202 1274 sed
2236 1245 2363 1275 tamen
2391 1251 2470 1275 non

1409 1295 1586 1324 movetur
1620 1288 1829 1325 secundum
1863 1289 2027 1325 eundem
2063 1297 2211 1326 motum
2240 1291 2363 1327 statim
2392 1303 2468 1338 quo

1409 1347 1559 1386 movet,
1595 1341 1662 1378 sed
1697 1340 1904 1377 secundum
1932 1342 2091 1378 alterum
2119 1350 2287 1388 motum3
2320 1351 2412 1391 puta
2440 1343 2470 1379 si

1411 1393 1549 1440 aliquid
1569 1393 1614 1429 sit
1637 1392 1860 1440 sanativum,
1890 1405 1968 1430 non
1997 1394 2121 1430 statim
2150 1395 2276 1443 ipsum
2305 1403 2468 1443 sanetur,

1411 1445 1477 1482 sed
1510 1453 1711 1482 moveatur
1743 1453 1851 1481 motu
1885 1446 2099 1495 disciplinae
2135 1447 2387 1484 addiscendo:
2417 1455 2469 1484 ta-

1410 1510 1516 1544 men,
1547 1510 1633 1534 cum
1661 1510 1739 1534 non
1767 1498 1839 1534 sint
1866 1497 2032 1535 infinitae
2061 1499 2205 1548 species
2237 1507 2383 1558 motus,
2416 1501 2468 1536 sic

1410 1550 1650 1587 ascendendo
1687 1550 1733 1587 de
1766 1550 1897 1586 mobili
1929 1551 1978 1588 ad
2009 1563 2191 1599 movens,
2228 1552 2470 1600 pervenietur

1410 1599 1641 1669 quandoque
1665 1603 1714 1639 ad
1743 1602 1903 1639 eandem
1931 1604 2098 1652 speciem
2126 1611 2262 1650 motus,
2284 1605 2379 1641 sicut
2407 1618 2468 1641 su-

1408 1666 1509 1704 praffi
1492 1655 1736 1703 expositum
1768 1663 1831 1691 est.
1863 1656 2012 1692 Horum
2038 1669 2126 1704 ergo
2156 1657 2320 1694 duorum
2347 1670 2467 1694 unum

1410 1715 1566 1756 apparet
1593 1708 1790 1743 manifeste
1807 1709 1826 1728 ’ἕ
1842 1708 2082 1756 impossibile,
2104 1717 2194 1758 puta
2214 1710 2318 1757 quod
2339 1710 2466 1747 aedifi-

1410 1764 1499 1796 cans
1520 1762 1539 1780 ⁹⁵
1558 1772 1647 1796 mox
1675 1760 1912 1806 aedificetur;
1943 1761 2042 1798 aliud
2071 1770 2197 1798 autem
2216 1762 2366 1799 videtur
2385 1775 2466 1799 esse

1410 1812 1598 1858 fictitium,
1629 1812 1768 1848 scilicet
1796 1813 1900 1860 quod
1927 1825 1995 1861 per
2022 1815 2141 1851 multa
2166 1815 2291 1851 media
2328 1815 2366 1851 in
2393 1815 2468 1852 hoc

1408 1862 1581 1901 veniatur
1601 1872 1619 1901 ¹.
1651 1865 1926 1902 Inconveniens
1956 1866 2056 1902 enim
2085 1874 2150 1914 est,
2180 1867 2285 1914 quod
2304 1867 2342 1904 id
2362 1868 2467 1914 quod

1409 1925 1540 1953 natum
1570 1925 1624 1953 est
1643 1918 1814 1964 alterare,
1845 1930 1889 1954 ex
1918 1919 2138 1956 necessitate
2159 1919 2204 1956 sit
2228 1927 2359 1956 natum
2379 1932 2468 1968 aug-

1409 1977 1580 2006 mentarl.

1469 2023 1524 2059 13.
1543 2022 1604 2058 Sic
1624 2034 1712 2069 ergo
1730 2022 1971 2060 consideratis
1989 2024 2205 2072 praemissis
2218 2026 2237 2045 '³⁵
2249 2025 2467 2074 rationibus,

1410 2087 1572 2122 quarum
1592 2074 1735 2122 primae
1765 2076 2040 2113 concludebant
2064 2077 2169 2124 quod
2188 2089 2267 2113 non
2286 2077 2325 2114 in
2345 2078 2467 2114 infini-

1409 2134 1490 2163 tum
1509 2128 1583 2163 hoc
1602 2127 1783 2174 procedit,
1806 2128 2043 2175 quod-omne
2068 2129 2172 2176 quod
2195 2137 2372 2167 movetur
2386 2143 2468 2167 mo-

1408 2186 1543 2215 veatur
1565 2179 1612 2214 ab
1641 2179 1735 2225 alio;
1771 2187 1807 2216 et
1835 2181 2023 2217 secundae
2057 2182 2332 2219 concludebant
2364 2184 2469 2230 quod

1410 2243 1487 2267 non
1507 2243 1620 2267 omne
1642 2243 1804 2268 movens
1823 2241 2037 2270 moveatur:
2058 2246 2259 2281 possumus
2280 2247 2325 2271 ex
2345 2236 2467 2272 omni-

1410 2284 1481 2320 bus
1508 2283 1706 2332 praedictis
1735 2284 1941 2321 rationibus
1966 2286 2215 2333 concludere,
2254 2287 2359 2334 quod
2387 2301 2466 2325 non

1411 2343 1466 2372 est
1492 2348 1646 2379 necesse
1685 2336 1722 2372 in
1760 2337 1948 2374 infinitum
1985 2338 2004 2358 ³³⁸
2042 2339 2146 2385 quod
2184 2347 2383 2376 moveatur
2420 2341 2467 2377 ab
2496 2348 2505 2356 '

1411 2388 1483 2424 alio
1502 2388 1661 2434 moveri,
1683 2388 1732 2424 ita
1751 2390 1856 2436 quod
1880 2402 2031 2438 semper
2048 2399 2225 2428 movetur
2244 2404 2266 2428 a
2284 2401 2463 2429 movente

1411 2441 1528 2490 quod.
1547 2448 1732 2477 movetur.
1765 2442 1864 2489 Ergo
1899 2455 2052 2479 necesse
2077 2451 2132 2480 est
2159 2444 2264 2491 quod
2289 2452 2403 2481 stetur
2429 2445 2468 2482 in

1411 2493 1535 2541 aliquo
1563 2493 1698 2541 prim0.
1730 2495 1814 2530 Hoc
1843 2503 1970 2531 autem
1998 2495 2163 2543 primum
2192 2504 2341 2544 oportet
2359 2498 2464 2544 quod

1409 2547 1470 2582 vel
1498 2546 1544 2582 sit
1570 2546 1785 2593 immobile,
1815 2548 1876 2584 vel
1910 2547 1954 2584 sit
1981 2559 2143 2585 movens
2178 2549 2354 2597 seipsum.
2390 2550 2466 2586 Sed

1410 2599 1440 2635 si
1469 2598 1726 2641 consideretur
1763 2611 1860 2646 quae
1894 2600 1939 2636 sit
1974 2600 2095 2648 prima
2129 2613 2242 2637 causa
2273 2609 2400 2638 motus
2427 2602 2466 2639 in

1409 2663 1546 2709 genere
1575 2651 1794 2697 mobilium,
1832 2659 1956 2688 utrum
1991 2653 2079 2689 illud
2113 2653 2218 2700 quod
2250 2661 2381 2690 movet
2409 2667 2465 2691 se-

1409 2704 1547 2751 ipsum,
1578 2711 1641 2740 aut
1657 2705 1675 2724 '³'
1691 2704 1831 2740 mobile
1861 2705 1966 2752 quod
1994 2713 2171 2742 movetur
2194 2706 2241 2742 ab
2266 2706 2356 2742 alio:
2376 2719 2462 2755 pro-

1410 2756 1532 2792 babile
1562 2763 1617 2792 est
1649 2756 1750 2804 apud
1779 2769 1934 2804 omnes,
1973 2758 2077 2805 quod
2109 2758 2274 2806 primum
2302 2770 2464 2796 movens

1408 2808 1454 2844 sit
1481 2820 1642 2845 movens
1671 2809 1850 2857 seipsum.
1891 2811 2050 2859 Semper
2083 2811 2183 2847 enim
2218 2823 2329 2862 causa
2366 2824 2463 2859 quae

1410 2867 1558 2908 est-per
1586 2873 1646 2907 se,
1683 2869 1738 2897 est
1771 2862 1875 2910 prior
1903 2875 1947 2898 ea
1975 2875 2073 2910 quae
2107 2871 2161 2899 est
2192 2875 2260 2911 per
2292 2864 2460 2901 alterum.

1409 2913 1457 2948 Et
1493 2920 1648 2961 propter
1682 2914 1780 2950 hanc
1823 2915 2007 2951 rationem
2037 2915 2219 2952 Platonici
2254 2924 2462 2964 posuerunt

1408 2972 1493 3001 ante
1513 2977 1557 3001 ea
1577 2977 1674 3012 quae
1694 2974 1897 3003 moventur
1921 2979 1964 3003 ex
1984 2967 2068 3014 alio,
2099 2980 2179 3004 esse
2199 2968 2339 3015 aliquid
2358 2970 2462 3016 quod

1407 3025 1538 3054 movet
1566 3018 1742 3066 seipsum.
1782 3020 1830 3055 Et
1863 3019 1949 3056 ideo
1983 3020 2299 3057 considerandum
2332 3029 2386 3057 est
2415 3022 2461 3058 de

1408 3082 1454 3105 eo
1483 3070 1587 3117 quod
1615 3079 1746 3107 movet
1773 3072 1951 3120 seipsum,
1981 3073 2157 3109 facientes
2186 3085 2229 3109 ex
2257 3074 2332 3109 hoc
2359 3073 2460 3109 aliud

1406 3121 1630 3170 principium
1660 3131 1809 3160 nostrae
1843 3125 2171 3161 considerationis:
2201 3125 2338 3160 scilicet
2369 3133 2410 3160 ut
2439 3126 2458 3145 '³‘

1407 3174 1709 3222 consideremus,
1748 3176 1777 3212 si
1805 3176 1944 3223 aliquid
1976 3185 2107 3213 movet
2138 3177 2325 3224 seipsum,
2365 3188 2458 3223 quo-

1405 3226 1523 3263 modo
1552 3227 1625 3263 hoc
1654 3235 1708 3264 est
1735 3228 1923 3276 possibile.

1457 3365 1475 3396 ι)
1490 3372 1542 3395 per
1560 3366 1642 3390 multa
1662 3366 1747 3390 media
1767 3365 1792 3389 in
1807 3365 1855 3389 hoc
1870 3365 1999 3389 veniatur.
2012 3379 2030 3383 —
2044 3366 2127 3390 multa
2141 3365 2228 3390 media
2242 3366 2267 3390 in
2283 3366 2331 3391 hoc
2345 3367 2454 3392 venian-

1403 3402 1448 3423 tur
1462 3400 1538 3424 editio
1551 3407 1582 3428 α;
1601 3400 1815 3432 praepositionem
1830 3407 1881 3431 per
1894 3400 2013 3424 omittunt
2027 3400 2102 3424 etiam
2123 3401 2170 3430 Pb,
2187 3401 2232 3425 sed
2247 3402 2387 3426 veniuntur
2400 3410 2456 3427 cor-

1402 3433 1488 3466 rigunt
1505 3435 1531 3458 in
1549 3436 1663 3460 veniant.

1326 3497 1491 3571 Q&

2499 619 2508 627 '¹
2524 620 2593 639 sanet
2604 619 2648 639 »ab
2675 623 2697 641 et

2499 644 2567 665 codd.
2579 650 2627 666 exc.
2638 651 2687 666 asu.

2495 1667 2588 1688 ¹Num.
2604 1674 2680 1695 praec.

2494 1717 2503 1724 ·
2515 1716 2619 1766 {siaa-ime
2632 1723 2675 1737 roo

2501 1748 2519 1762 ε.
2534 1757 2538 1762 .

2494 1745 2504 1782 ('
2519 1772 2660 1799 aedificator
2680 1779 2707 1794 ει·

2495 1804 2547 1819 Gon.

2594 1883 2601 1897 ι

2497 2034 2505 2041 '
2521 2033 2556 2054 Cf.
2573 2039 2595 2054 n.
2607 2039 2625 2054 1.

2532 2346 2642 2367 recedere
2650 2347 2704 2368 add.

2496 2379 2508 2393 Ρ
2524 2375 2648 2394 ,φωνεῖν
2654 2374 2705 2394 pah.

2492 2714 2500 2722 ·
2516 2718 2547 2733 an
2560 2718 2617 2737 Atto..

2487 3133 2495 3140 ·
2516 3133 2541 3151 ut
2564 3131 2695 3158 scithcetn

2486 3158 2545 3181 (om.
2557 3158 2656 3182 scincet}
2671 3161 2698 3179 ut

2485 3183 2564 3209 siem-5
2553 3184 2696 3206 scilicetom.

2485 3215 2551 3236 nroz,
2566 3216 2580 3230 u
2591 3210 2633 3231 lac.
