2898 3996
1109 283 1219 319 CAP.
1249 281 1311 328 1v,
1342 281 1492 318 LEcr
1521 281 1590 318 vn

269 362 357 399 ficet
382 369 536 410 propter
565 362 644 398 eius
673 362 1003 408 communitatem,
1030 361 1162 398 saltem
1192 371 1324 396 conce-

271 414 335 450 det
361 415 466 462 quod
493 415 659 463 duplum,
684 414 790 463 quod
827 423 882 452 est
909 414 1053 463 species
1090 411 1322 461 multiplicis,

269 465 372 503 idem
400 466 583 513 significat
609 467 648 503 in
676 479 762 504 aere
791 475 827 504 et
854 479 970 515 aqua:
993 465 1194 513 utrobique
1223 463 1324 500 enirn

269 514 452 566 significat
477 520 764 568 proportionem
785 520 949 557 duorum
977 519 1025 555 ad
1047 529 1180 554 unum.
1205 517 1254 552 Et
1271 523 1324 552 ta-

270 582 362 608 men
388 583 468 608 non
495 580 582 609 sunt
610 572 879 620 comparabilia
906 583 970 608 aer
998 579 1034 607 et
1065 581 1164 618 aqua
1192 580 1325 605 secun-

269 623 363 660 dum
391 624 552 672 duplum
570 633 608 661 et
625 625 837 671 dimidium,
861 631 904 660 ut
931 623 1074 660 dicatur
1091 621 1196 670 quod
1225 633 1324 669 aqua

270 683 326 714 est
353 676 512 724 duplum
539 677 646 724 aeris,
667 685 730 713 aut
757 689 779 713 e
807 687 1005 713 converso.

323 741 359 776 9.
381 729 529 766 Deinde
556 742 642 766 cum
671 729 779 766 dicit:
807 729 887 764 Aut
908 733 944 763 et
960 728 997 763 in
1016 727 1073 763 his
1100 726 1229 762 eadem
1263 737 1324 761 ra-

269 780 318 816 tio
343 788 429 828 etc„
459 781 569 819 solvit
594 781 829 830 propositam
858 779 1122 816 obiectionem.
1153 779 1202 815 Et
1229 778 1326 814 circa

268 833 344 869 hoc
367 833 444 870 duo
468 833 575 870 facit:
598 833 722 881 primo
750 832 858 882 ponit
885 832 1132 877 solutionem;
1157 830 1324 867 secundo

270 886 469 922 confirmat
497 897 593 932 eam,
614 886 806 933 quandam
835 885 1096 932 quaestionem
1117 883 1324 930 movendo,

267 936 340 973 ibi:
364 937 550 978 Quoniam
566 943 723 986 propter
741 937 857 986 quid*
873 945 939 974 etc.
961 937 1060 974 Dicit
1080 948 1167 984 ergo
1187 936 1324 984 primo,

270 988 376 1036 quod
393 997 517 1037 potest
535 989 607 1027 dici
627 990 732 1039 quod
746 991 785 1027 in
799 991 918 1026 multo
934 997 970 1026 et
990 990 1105 1037 duplo
1122 996 1177 1025 est
1192 989 1325 1025 eadem

267 1041 362 1077 ratio
377 1053 493 1089 quare
508 1055 586 1079 non
601 1051 686 1080 sunt
706 1042 974 1091 comparabilia
993 1041 1204 1078 secundum
1221 1040 1326 1088 quod

268 1093 443 1130 dicuntur
457 1095 504 1131 de
520 1107 618 1143 aqua
639 1103 674 1132 et
692 1108 790 1143 aere,
803 1108 900 1144 quae
917 1095 1014 1131 dicta
1033 1101 1088 1130 est
1104 1095 1123 1114 '¹‘
1139 1094 1185 1130 de
1201 1101 1324 1139 acut0,

267 1146 478 1183 secundum
507 1148 611 1195 quod
640 1148 774 1185 dicitur
807 1149 854 1185 de
882 1148 998 1196 sty10,
1027 1147 1120 1184 vino
1150 1154 1185 1182 et
1206 1158 1324 1191 voce3

269 1198 358 1246 quia
387 1199 499 1236 etiarn
527 1201 601 1237 hoc
629 1201 753 1249 ipsum
782 1201 888 1250 quod
916 1207 971 1237 est
997 1200 1173 1246 multum,
1198 1198 1325 1247 aequi-

208 1276 210 1281 ·
266 1263 410 1288 vocum
444 1259 509 1289 est.
549 1253 597 1289 Et
629 1254 717 1301 quia
751 1261 881 1302 posset
917 1253 1048 1301 aliquis
1087 1259 1215 1288 contra
1252 1253 1326 1288 hoc

267 1303 432 1340 obiicere
462 1317 506 1341 ex
533 1306 608 1342 hoc
636 1307 740 1354 quod
770 1314 824 1343 est
852 1306 987 1343 eadem
1015 1304 1108 1341 ratio
1137 1304 1243 1341 multi
1271 1316 1327 1340 se-

269 1357 438 1393 cundum
462 1358 567 1406 quod
595 1358 729 1395 dicitur
757 1360 804 1395 de
831 1366 1004 1407 utroque,
1034 1357 1087 1394 ad
1109 1358 1183 1394 hoc
1204 1358 1326 1393 exclu-

268 1408 438 1446 dendum
458 1410 648 1458 subiungit
675 1411 781 1459 quod
809 1412 921 1448 etiam
946 1411 1119 1455 rationes,
1148 1410 1245 1446 idest
1263 1410 1326 1447 de-

267 1461 468 1509 finitiones,
498 1464 738 1511 quorundam
776 1472 862 1501 sunt
889 1463 1141 1512 aequivocae:
1176 1462 1270 1499 sicut
1298 1462 1328 1498 si

268 1513 368 1550 dicat
395 1515 528 1563 aliquis
562 1517 665 1564 quod
703 1517 870 1554 definitio
908 1515 1032 1553 multi,
1054 1523 1108 1552 est
1140 1516 1244 1564 quod
1273 1522 1328 1551 est

267 1571 409 1603 tantum
437 1573 474 1603 et
506 1568 629 1604 adhuc
664 1570 843 1617 amplius,
881 1569 956 1605 1100
983 1568 1108 1616 ipsum
1141 1568 1245 1615 quod
1274 1575 1329 1604 est

233 1637 240 1644 ·
267 1619 481 1656 tantundem
498 1621 517 1641 ’³‘
538 1628 574 1657 et
600 1623 767 1669 aequale,
793 1622 898 1670 quod
930 1621 1032 1658 idem
1061 1628 1126 1667 est,
1148 1620 1327 1668 aequivo-

268 1683 356 1708 cum
376 1679 445 1718 est3
465 1673 554 1720 quia
574 1675 730 1722 aequale
751 1683 806 1711 est
824 1674 928 1723 quod
942 1674 1056 1711 habet
1073 1685 1191 1710 unam
1211 1686 1327 1721 quan-

206 1767 212 1773 ,
266 1723 421 1772 titatem,
442 1737 520 1762 non
549 1734 604 1762 est
622 1734 750 1764 autem
774 1727 908 1764 eadern
929 1726 1020 1763 ratio
1040 1726 1153 1762 unius
1172 1727 1192 1747 '²³
1210 1738 1327 1774 quan-

170 1819 176 1826 ·
232 1793 238 1799 ·
265 1776 376 1813 titatis
397 1777 435 1814 in
456 1778 645 1816 omnibus.
666 1779 822 1816 Ponitur
840 1787 967 1816 autem
991 1778 1052 1814 hic
1070 1779 1089 1799 '⁸
1109 1778 1201 1814 ratio
1222 1778 1328 1814 multi

267 1830 478 1867 secundum
494 1831 597 1879 quod
611 1826 774 1868 multum
789 1833 968 1881 importat
987 1830 1324 1878 comparationem,

264 1889 379 1931 prout
410 1883 614 1931 opponitur
639 1897 784 1933 pauco;
815 1893 850 1921 et
878 1897 956 1921 non
984 1884 1194 1920 secundum
1223 1884 1328 1932 quod

267 1934 448 1983 accipitur
475 1937 656 1984 absolute,
676 1944 790 1986 prout
815 1937 1019 1986 opponitur
1045 1937 1122 1973 uni.
1153 1937 1201 1972 Et
1225 1937 1328 1985 quod

267 1987 408 2024 dixerat
437 1988 483 2025 de
512 1991 652 2036 multo,
692 1989 780 2026 dicit
813 1997 1089 2038 consequenter
1122 1989 1169 2026 de
1198 1989 1325 2038 duplo.

267 2040 455 2087 Quamvis
476 2042 578 2088 enim
598 2042 690 2079 ratio
719 2043 824 2094 dupli
847 2043 902 2088 sit,
933 2042 1038 2090 quod
1058 2049 1113 2078 est
1130 2042 1326 2090 proportio

267 2094 431 2130 duorum
460 2094 509 2131 ad
531 2107 663 2142 unum,
693 2102 822 2132 tamen
850 2095 918 2132 ista
947 2095 1057 2132 etiam
1087 2094 1180 2131 ratio
1210 2096 1326 2131 conti-

266 2153 331 2182 net
358 2146 728 2194 aequivocationem:
757 2148 845 2195 quia
873 2148 966 2184 forte
986 2155 1111 2196 potest
1130 2147 1202 2184 dici
1221 2148 1326 2196 quod

267 2198 392 2247 ipsum
412 2211 532 2236 unum
562 2208 617 2236 est
645 2200 915 2248 aequivocum;
946 2207 981 2236 et
1002 2200 1031 2236 si
1050 2212 1171 2236 unum
1200 2200 1327 2249 aequi-

266 2263 363 2288 voce
394 2251 537 2298 dicitur,
568 2253 735 2301 sequitur
763 2253 867 2300 quod
897 2253 985 2299 duo,
1015 2253 1102 2300 quia
1132 2252 1208 2289 duo
1237 2253 1326 2289 nihil

267 2304 370 2341 aliud
399 2312 454 2340 est
481 2317 596 2354 quam
625 2305 682 2342 bis
705 2318 837 2342 unum.
859 2327 882 2332 -
904 2306 971 2342 Est
999 2313 1126 2342 autem
1156 2305 1325 2342 conside—

267 2357 450 2404 randum,
487 2359 590 2406 quod
617 2359 735 2395 multa
763 2358 917 2406 quidem
946 2358 1157 2394 secundum
1186 2359 1326 2395 abstra-

268 2417 366 2446 ctam
381 2415 392 2430 ·
413 2411 752 2448 considerationem
772 2412 834 2448 vel
862 2411 971 2458 logici
990 2411 1051 2447 vel
1071 2411 1327 2447 mathematici

266 2475 345 2499 non
365 2470 451 2499 sunt
469 2464 689 2512 aequivoca,
719 2476 817 2512 quae
845 2471 974 2500 tamen
1003 2464 1213 2500 secundum
1238 2476 1326 2500 con·

267 2523 407 2552 cretam
423 2516 608 2553 rationem
624 2517 802 2553 naturalis
817 2517 865 2553 ad
880 2516 1076 2553 materiam
1092 2516 1324 2564 applicantis,

266 2569 474 2616 aequivoce
502 2569 791 2618 quodammodo
823 2569 1015 2615 dicuntur,
1046 2569 1135 2617 quia
1162 2582 1239 2605 non
1269 2582 1325 2605 se-

267 2621 434 2658 cundum
477 2622 638 2659 eandem
671 2622 854 2658 rationem
893 2622 931 2658 in
968 2622 1132 2670 qualibet
1168 2622 1325 2658 materia

266 2673 516 2722 recipiuntur:
545 2674 639 2711 sicut
667 2675 910 2722 quantitatem
941 2682 977 2710 et
1003 2674 1196 2720 unitatem,
1227 2687 1324 2722 quae

267 2734 322 2763 est
348 2726 574 2775 principium
608 2727 774 2774 numeri,
808 2739 886 2764 non
923 2727 1134 2764 secundum
1164 2727 1325 2764 eandem
1350 2716 1354 2768 Ι

266 2779 452 2816 rationem
482 2780 661 2827 contingit
688 2779 856 2825 invenire
890 2779 928 2816 in
957 2780 1178 2828 corporibus
1208 2781 1324 2816 caele-

267 2832 384 2869 stibus
413 2839 449 2868 et
475 2832 514 2869 in
541 2832 626 2880 igne
655 2840 690 2868 et
717 2832 755 2868 in
784 2844 869 2868 aere
899 2839 934 2868 et
962 2844 1071 2880 aqua.

326 2897 381 2922 10.
394 2885 541 2922 Deinde
558 2897 646 2922 cum
662 2884 764 2922 dicit:
784 2885 969 2926 Quoniam
975 2890 1130 2933 propter
1144 2885 1233 2932 quid
1242 2892 1323 2932 etc„

172 2958 178 2963 ·
213 2958 238 2989 g
267 2938 468 2975 confirmat
482 2939 586 2986 quod
596 2938 616 2958 ’¹‘
628 2938 771 2974 dictum
788 2945 843 2974 est
852 2938 906 2985 *ἦ
920 2938 1114 2974 movendo
1130 2937 1323 2985 quandam

266 2991 538 3039 quaestionem.
567 2991 605 3027 Si
626 2990 728 3027 enim
748 2990 891 3026 dicatur
909 2990 1012 3038 quod
1033 2990 1078 3026 sit
1096 3002 1173 3026 una
1191 2998 1324 3027 natura

267 3043 374 3080 multi
402 3050 439 3079 et
466 3043 570 3092 dupli
599 3051 635 3080 et
663 3043 823 3080 aliorum
851 3043 1089 3089 huiusmodi,
1121 3040 1324 3091 quae'non

267 3103 353 3132 sunt
368 3095 647 3144 comparabilia,
665 3096 758 3132 sicut
773 3108 905 3132 eorum
921 3108 1018 3144 quae
1034 3096 1197 3132 univoce
1217 3108 1324 3144 prae-

268 3148 455 3194 dicantur;
480 3156 650 3185 remanet
677 3149 845 3197 quaestio
866 3161 983 3196 quare
1012 3148 1202 3196 quaedam
1226 3161 1323 3196 quae

321 3251 343 3286 ε)
363 3253 504 3277 secundum
523 3253 684 3278 abstractam
705 3258 752 3278 etc.
764 3267 783 3271 -
795 3253 1161 3284 secundumlabstractionem
1187 3253 1227 3277 vel
1241 3253 1324 3277 consi-

269 3288 433 3312 derationem
453 3288 532 3320 logici
551 3295 601 3312 non
625 3291 687 3313 sunt
709 3288 868 3320 aequivoca,
888 3294 955 3319 quae
973 3290 1060 3311 tamen
1084 3287 1227 3312 secundum
1243 3287 1325 3311 ratio-

269 3330 327 3348 nem
347 3323 478 3347 naturalis
491 3323 528 3347 ad
546 3326 670 3347 naturam
688 3326 836 3347 concretam
856 3322 1021 3353 applicantis,
1040 3322 1179 3354 aequivoce
1197 3322 1324 3354 quodam-

269 3357 348 3382 modo
368 3357 467 3382 dicitur
478 3358 500 3382 D
516 3365 563 3382 suo
578 3358 656 3381 modo
676 3357 844 3389 singulariter.
854 3369 872 3375 —-
886 3358 913 3382 In
927 3356 977 3380 fine
996 3357 1110 3383 numeri:
1130 3357 1155 3380 in
1171 3357 1323 3382 caelestibus

268 3393 423 3424 corporibus
447 3395 473 3417 et
497 3392 522 3416 in
551 3392 612 3425 igne
631 3395 656 3417 et
674 3399 735 3416 aere
765 3395 790 3416 et
815 3399 884 3423 aqua
910 3391 1032 3416 editiones
1056 3396 1082 3415 et
1105 3392 1189 3421 Ani-13
1215 3395 1241 3416 et
1264 3398 1325 3416 aere

269 3428 323 3456 EG,
344 3433 369 3452 et
387 3427 507 3451 omittunt
525 3430 551 3452 et
569 3434 647 3458 aqua.

322 3462 347 3495 ζ)
368 3466 397 3486 ut
410 3463 541 3487 dicatur—
552 3462 694 3486 secundum
708 3469 786 3494 quam
806 3461 904 3485 dicitur
918 3461 996 3485 EG.-
1005 3461 1055 3485 Pro
1069 3461 1140 3492 quod
1153 3467 1252 3489 eorum,
1267 3461 1325 3493 quis

269 3505 360 3522 eorum
379 3498 415 3527 E,
434 3498 505 3529 quod
522 3497 580 3530 quis
599 3503 688 3521 eorum
709 3497 731 3521 G
751 3496 796 3520 sed
816 3496 936 3528 expungit
954 3496 1020 3527 quis,
1039 3496 1103 3527 quid
1121 3503 1210 3520 eorum
1231 3496 1326 3525 NsQ.-

269 3533 306 3557 Ibi
325 3533 372 3558 sed
389 3533 469 3557 eriam
488 3535 527 3557 est
546 3539 626 3556 unum
641 3532 760 3563 primum
779 3531 929 3559 subiectum,
950 3531 1029 3555 etiam
1049 3538 1101 3554 om.
1121 3530 1324 3560 AIKMQTVXY

269 3568 368 3600 ZpCH;
388 3576 434 3599 pro
455 3575 534 3591 unum
549 3567 668 3598 primum
687 3567 842 3594 subiectum,
857 3566 976 3597 primum
995 3566 1136 3590 subiectum
1157 3565 1224 3589 idem
1245 3564 1326 3598 (illud

270 3608 388 3636 corrupte
407 3602 462 3636 DS)
482 3602 749 3631 BDFHLMORSVZ,
764 3601 881 3633 primum
901 3601 1042 3626 subiectum
1062 3606 1109 3625 cet.
1124 3606 1149 3624 et
1166 3601 1216 3624 ab.

2365 283 2439 330 349

1379 359 1519 395 habent
1546 372 1663 396 unam
1692 368 1878 407 naturam,
1901 368 1986 397 sunt
2006 355 2293 410 comparabilia,
2324 372 2439 408 quae-

1380 411 1470 447 dam
1497 424 1590 448 vero
1620 425 1698 449 non
1725 421 1811 449 sunt
1840 413 2119 461 comparabilia.
2149 413 2307 450 Videtur
2337 412 2438 448 enim

1379 464 1483 511 quod
1512 465 1559 500 de
1588 465 1770 501 similibus
1800 465 1934 502 debeat
1962 478 2044 502 esse
2072 465 2176 502 idem
2204 465 2396 501 iudicium.

1432 515 1579 552 Deinde
1614 530 1701 553 cum
1731 517 1837 554 dicit:
1862 518 1944 567 *Aut
1969 519 2057 566 quia
2080 523 2168 554 sunt
2188 518 2224 554 in
2254 517 2328 554 alio
2354 524 2436 564 ete.,

1379 569 1583 616 respondet
1597 569 1645 605 ad
1661 569 1922 618 quaestionem
1938 578 2095 616 motam,
2107 569 2288 618 ponendo
2305 581 2437 606 secun-

1380 620 1472 656 dum
1492 621 1597 668 quod
1616 622 1664 658 ad
1684 622 2007 670 comparationem
2023 623 2222 670 requiritur
2231 623 2261 658 *.
2279 623 2327 658 Ε1
2341 622 2438 658 circa

1379 673 1454 708 hoc
1474 673 1549 709 duo
1570 674 1671 710 facit:
1691 674 1815 722 primo
1835 675 1942 722 ponit
1961 675 2171 712 secundum
2191 675 2295 722 quod
2315 674 2437 722 requi—

1381 725 1472 762 ritur
1499 726 1547 762 ad
1576 727 1916 774 comparationem;
1944 727 2114 764 secundo
2144 727 2306 764 ostendit
2334 727 2439 775 quod

1379 790 1450 814 nec
1478 778 1577 815 istud
1605 779 1757 826 sufficit,
1787 779 1856 815 ibi:
1884 781 1963 816 Aut
1988 780 2226 828 manffestum
2254 785 2308 816 est
2327 781 2346 801 ’³²
2368 787 2437 816 etc.

1380 830 1479 866 Dicit
1516 843 1604 878 ergo
1641 831 1787 880 primo,
1822 833 1925 880 quod
1962 832 2031 869 ista
2066 840 2191 880 potest
2225 844 2307 869 esse
2346 832 2438 869 ratio

1380 895 1498 930 quare
1534 884 1737 931 quaedam·
1754 896 1918 932 quorum
1957 892 2011 921 est
2045 897 2123 921 una
2156 892 2314 931 natura,
2353 892 2440 921 sunt

1381 936 1670 983 comparabilia,
1700 937 1888 984 quaedam
1917 949 2010 973 vero
2049 949 2142 973 non:
2178 937 2267 984 quia
2301 937 2330 973 si
2362 949 2439 973 una

1381 995 1513 1023 natura
1537 988 1735 1036 recipiatur
1753 989 1791 1025 in
1811 989 1967 1026 diversis
1987 990 2197 1026 secundum
2225 1002 2346 1026 unum
2365 989 2439 1038 pri-

1381 1052 1489 1076 mum
1519 1041 1741 1087 subiectum,
1777 1049 1885 1078 erunt
1917 1042 1978 1078 illa
2010 1042 2058 1078 ad
2091 1042 2255 1079 invicem
2285 1054 2439 1090 compa-

1381 1091 1532 1137 rabilia;
1566 1093 1660 1129 sicut
1693 1106 1813 1142 equus
1843 1101 1878 1130 et
1907 1094 2009 1130 canis
2039 1095 2251 1143 comparari
2278 1102 2439 1143 possunt

1381 1144 1592 1180 secundum
1622 1145 1848 1192 albedinem,
1868 1154 1910 1183 ut
1929 1147 2072 1183 dicatur
2087 1147 2101 1173 ζ
2116 1148 2220 1194 quod
2241 1159 2375 1184 eorum
2395 1147 2441 1184 sit

1381 1197 1513 1243 albius,
1544 1197 1631 1245 quia
1659 1210 1736 1234 non
1766 1199 1890 1234 solum
1926 1206 1980 1235 est
2009 1199 2144 1236 eadem
2173 1207 2306 1236 natura
2338 1201 2439 1236 albe-

1381 1249 1478 1286 dinis
1514 1249 1552 1285 in
1581 1257 1762 1298 utroque,
1793 1251 1859 1287 sed
1889 1251 2000 1287 etiam
2038 1260 2093 1288 est
2120 1265 2240 1288 unum
2272 1252 2439 1300 primum

1381 1302 1593 1339 subiectum
1613 1302 1651 1339 in
1679 1315 1756 1350 quo
1782 1303 1956 1352 recipitur
1975 1304 2124 1351 albedo,
2146 1305 2283 1341 scilicet
2310 1318 2439 1353 super-

1380 1354 1496 1391 ficies.
1526 1356 1575 1391 Et
1602 1355 1768 1392 similiter
1787 1356 2006 1403 magnitudo
2038 1365 2091 1393 est
2120 1358 2383 1405 comparabilis
2403 1358 2442 1394 in

1381 1415 1554 1456 utroque,
1578 1415 1619 1444 ut
1643 1408 1785 1445 dicatur
1812 1409 1918 1457 quod
1947 1421 2079 1446 eorum
2108 1409 2153 1446 sit
2181 1410 2323 1454 maius,
2354 1410 2442 1458 quia

1381 1460 1483 1497 idern
1513 1468 1568 1496 est
1587 1461 1796 1498 subiectum
1826 1462 2093 1509 magnitudinis
2112 1463 2151 1498 in
2178 1470 2352 1511 utroque,
2373 1463 2440 1499 sci-

1382 1513 1466 1549 licet
1493 1514 1698 1550 substantia
1727 1514 1895 1562 corporis
1929 1515 2042 1551 mixti.
2071 1515 2146 1552 Sed
2175 1527 2274 1564 aqua
2303 1523 2339 1551 et
2365 1528 2442 1552 vox

1382 1578 1460 1602 non
1484 1573 1571 1602 sunt
1599 1567 1868 1615 comparabilia
1886 1567 2098 1604 secundum
2127 1568 2439 1615 magnitudinem,

1381 1626 1422 1655 ut
1450 1619 1594 1655 dicatur
1621 1620 1724 1667 quod
1751 1631 1828 1656 vox
1858 1628 1912 1656 est
1939 1620 2061 1656 maior
2089 1633 2205 1669 quam
2234 1633 2349 1669 aqua,
2379 1628 2443 1657 aut

1383 1683 1403 1707 e
1433 1684 1639 1718 converso;
1667 1672 1755 1720 quia
1783 1672 1867 1709 licet
1885 1673 2105 1720 magnitudo
2126 1673 2337 1710 secundum
2366 1686 2405 1710 se
2422 1676 2440 1693 ἦ

1382 1723 1428 1760 sit
1447 1724 1594 1771 eadem,
1615 1737 1693 1761 non
1712 1733 1841 1762 tamen
1870 1733 1924 1762 est
1952 1725 2054 1762 idem
2080 1726 2331 1774 receptivum:
2353 1726 2442 1774 quia

1382 1776 1594 1813 secundum
1623 1778 1728 1824 quod
1757 1778 1890 1814 dicitur
1918 1778 1964 1814 de
1994 1790 2103 1826 aqua,
2126 1778 2337 1815 subiectum
2362 1779 2441 1816 eius

1383 1837 1438 1864 est
1465 1829 1687 1876 substantia3
1717 1831 1928 1867 secundum
1953 1838 2079 1867 autem
2108 1831 2212 1879 quod
2235 1831 2367 1868 dicitur
2395 1832 2441 1869 de

1380 1893 1489 1927 voce,
1511 1882 1722 1920 subiectum
1752 1883 1830 1919 eius
1860 1891 1914 1919 est
1942 1896 2068 1930 sonus,
2095 1884 2158 1932 qui
2189 1892 2242 1920 est
2270 1885 2439 1932 qualitas.

1441 1946 1453 1970 1
1467 1946 1496 1970 1.
1518 1935 1665 1971 Deinde
1696 1948 1782 1971 curn
1803 1935 1906 1972 dicit:
1926 1937 2005 1972 Aut
2021 1937 2259 1985 manifestum
2288 1944 2341 1974 est
2359 1945 2440 1985 etc.,

1381 1987 1543 2024 ostendit
1571 1988 1675 2036 quod
1696 2000 1766 2024 nec
1785 1989 1860 2024 hoc
1888 1989 2035 2035 sufficit,
2058 1989 2204 2026 duabus
2225 1990 2440 2027 rationibus.

1381 2040 1556 2086 Quarum
1584 2040 1707 2089 prima
1727 2049 1781 2077 est
1798 2042 1832 2077 *z
1854 2041 1883 2077 si
1902 2050 2057 2090 propter
2075 2043 2150 2078 hoc
2173 2043 2297 2079 solum
2317 2043 2442 2092 aliqua

1381 2100 1504 2129 essent
1525 2094 1805 2142 comparabilia,
1827 2094 1914 2143 quia
1935 2102 1990 2131 est
2008 2095 2219 2131 subiectum
2238 2108 2316 2132 non
2337 2096 2442 2132 diffe-

1381 2157 1466 2182 rens
1489 2151 1522 2191 ⁷¹,
1562 2154 1782 2194 sequeretur
1815 2148 1917 2195 quod
1951 2147 2080 2184 omnia
2108 2148 2292 2185 haberent
2323 2161 2441 2185 unam

1379 2205 1570 2243 naturam;
1601 2199 1689 2247 quia
1717 2199 1763 2236 de
1793 2200 2096 2248 quibuscumque
2127 2200 2283 2237 diversis
2310 2209 2440 2249 posset

1380 2248 1474 2297 dici,
1499 2251 1604 2300 quod
1632 2264 1709 2288 non
1738 2252 1916 2289 differunt
1940 2253 2010 2289 nisi
2039 2253 2126 2301 quia
2151 2261 2238 2290 sunt
2256 2254 2293 2290 in
2313 2254 2385 2290 alio
2407 2262 2443 2291 et

1379 2302 1452 2339 alio
1465 2303 1663 2340 *subiecto
1682 2304 1818 2352 primo.
1836 2306 1885 2341 Et
1899 2306 2109 2342 secundum
2128 2307 2203 2342 hoc
2223 2315 2443 2355 sequeretur

1379 2356 1483 2403 quod
1511 2356 1586 2392 hoc
1613 2356 1738 2405 ipsum
1773 2357 1876 2406 quod
1906 2365 1960 2394 est
1987 2359 2165 2407 aequale,
2193 2367 2228 2395 et
2256 2360 2360 2408 quod
2390 2367 2443 2397 est

1380 2408 1510 2456 dulce,
1540 2416 1576 2445 et
1604 2409 1709 2460 quod
1738 2417 1793 2446 est
1821 2410 1970 2457 album,
2002 2419 2099 2447 esset
2132 2423 2208 2447 una
2236 2420 2272 2448 et
2305 2413 2440 2450 eadem

1379 2469 1526 2506 natura;
1548 2462 1614 2498 sed
1639 2462 1804 2499 differret
1821 2463 1978 2499 *solum
2007 2475 2076 2511 per
2094 2464 2169 2500 hoc
2197 2464 2301 2511 quod
2330 2473 2386 2502 est
2403 2466 2441 2502 in

1379 2514 1451 2550 alio
1474 2522 1510 2551 et
1529 2514 1600 2551 alio
1621 2515 1822 2563 receptivo.
1836 2517 1884 2552 Et
1902 2516 1976 2552 hoc
1994 2516 2144 2553 videtur
2158 2517 2439 2565 inconveniens,

1379 2568 1482 2615 quod
1503 2567 1631 2604 omnia
1654 2568 1818 2604 habeant
1835 2581 1953 2605 unam
1977 2576 2162 2605 naturam.
2179 2590 2203 2596 -
2220 2571 2287 2606 Est
2314 2578 2439 2608 autem

1380 2619 1709 2667 considerandum,
1731 2621 1835 2668 quod
1858 2633 2001 2669 ponere
2030 2622 2284 2659 diversitatem
2313 2636 2440 2660 rerum

1377 2679 1534 2721 propter
1553 2673 1807 2710 diversitatem
1828 2674 2029 2722 susceptivi
2049 2682 2205 2721 tantum,
2233 2683 2287 2711 est
2310 2676 2438 2724 opinio

1378 2725 1577 2774 platonica,
1608 2738 1705 2774 quae
1722 2727 1741 2747 ss
1762 2726 1888 2774 posuit
1914 2739 2035 2763 unum
2065 2740 2110 2763 ex
2138 2735 2243 2775 parte
2271 2729 2438 2775 formae,

1380 2785 1415 2814 et
1434 2778 1651 2815 dualitatem
1681 2791 1725 2815 ex
1752 2787 1857 2827 parte
1886 2780 2081 2825 materiae3
2111 2788 2152 2816 ut
2179 2788 2256 2817 tota
2286 2781 2439 2818 diversi-

1378 2831 1460 2867 tatis
1481 2831 1573 2867 ratio
1595 2844 1639 2868 ex
1659 2832 1841 2868 materiali
1864 2832 2049 2881 principio
2073 2833 2302 2881 proveniret.
2329 2834 2439 2871 Unde

1379 2891 1415 2919 et
1433 2896 1554 2920 unum
1575 2891 1611 2920 et
1631 2897 1696 2920 ens
1729 2885 1854 2933 posuit
1881 2885 2043 2921 univoce
2074 2885 2165 2933 dici,
2196 2894 2232 2922 et
2255 2899 2372 2923 unam
2393 2887 2439 2923 si-

1379 2937 1555 2984 gnificare
1575 2945 1766 2973 naturam:
1787 2938 1854 2974 sed
1874 2939 2085 2975 secundum
2106 2938 2359 2976 diversitatem
2379 2953 2440 2976 su·

1379 2989 1637 3037 sceptivorum
1659 2992 1689 3036 ³²²,
1712 3002 1836 3026 rerum
1866 2991 2009 3038 species
2038 2991 2294 3029 diversificari.

1434 3043 1608 3079 Secunda
1628 3043 1732 3089 ratio,
1754 3055 1870 3091 quam
1889 3042 1902 3064 θ
1921 3044 2026 3091 ponit
2045 3044 2111 3080 ibi:
2131 3045 2302 3092 Amplius
2320 3057 2439 3081 susce-

1373 3095 1519 3142 ptivum
1549 3103 1636 3142 ete.,
1674 3103 1728 3132 est
1757 3096 1860 3144 quod
1889 3109 1967 3133 non
2001 3097 2195 3145 quodlibet
2228 3105 2282 3133 est
2315 3110 2439 3133 susce-

1380 3148 1528 3196 ptivum
1558 3148 1771 3193 cuiuslibet;
1795 3149 1862 3185 sed
1880 3161 2000 3185 unum
2030 3157 2084 3186 est
2111 3149 2235 3198 primo
2261 3150 2438 3197 suscepti-

1431 3253 1459 3284 ⁷1)
1478 3256 1564 3277 essent
1582 3253 1778 3284 comparabilia,
1794 3253 1856 3284 quia
1870 3256 1909 3277 est
1926 3252 2068 3276 subiectum
2089 3259 2139 3276 non
2155 3252 2315 3285 ἅψειν-επ.-
2329 3253 2364 3277 lta
2383 3253 2436 3283 LS;

1379 3291 1464 3312 essent
1477 3295 1528 3312 non
1542 3288 1733 3320 comparabilia
1751 3288 1813 3319 quia
1826 3291 1865 3311 est
1877 3287 2018 3311 subiectum
2039 3287 2191 3320 indifferens
2207 3287 2268 3317 Pab,
2282 3291 2366 3312 essent
2386 3295 2437 3313 non

1380 3323 1570 3354 comparabilia
1589 3323 1650 3355 quia
1671 3325 1710 3347 est
1727 3322 1870 3346 subiectum
1890 3321 2014 3354 differens
2028 3321 2252 3352 BFNORZsGIQ,
2268 3326 2354 3347 essent
2368 3330 2438 3348 com-

1375 3358 1511 3389 parabilia
1536 3358 1598 3390 quia
1622 3358 1690 3382 idem
1714 3360 1753 3381 est
1776 3357 1918 3381 subiectum
1938 3357 2058 3389 deserens
2077 3356 2113 3385 D,
2139 3360 2225 3381 essent
2248 3358 2438 3389 comparabilia

1379 3392 1442 3424 quia
1465 3400 1516 3417 non
1537 3396 1576 3417 est
1601 3393 1742 3417 subiectum
1767 3391 1891 3424 differens
1915 3391 1963 3421 sC,
1989 3394 2075 3415 essent
2099 3392 2289 3423 comparabilia
2313 3393 2376 3424 quia
2399 3397 2438 3418 est

1378 3427 1520 3452 subiectum
1536 3427 1658 3460 differens
1673 3432 1719 3450 cet.
1739 3427 1826 3450 Lectio
1845 3434 1923 3458 quam
1939 3427 2072 3458 elegimus,
2083 3426 2182 3451 videtur
2196 3427 2313 3451 omnium
2328 3429 2437 3453 maxime

1380 3463 1507 3486 contextui
1526 3470 1584 3486 esse
1603 3463 1727 3494 adaptata.

1432 3495 1456 3528 0)
1477 3496 1598 3523 Secunda
1612 3497 1688 3523 ratio,
1709 3503 1786 3527 quam
1803 3496 1919 3519 ete—Ita
1938 3496 2011 3520 codd.
2027 3500 2051 3520 et
2069 3496 2108 3520 ab
2115 3503 2124 3524 ‚⁴
2143 3496 2292 3521 Secundam
2306 3497 2436 3522 rationem

1375 3531 1453 3563 ponit
1468 3532 1503 3556 ibi
1522 3530 1647 3564 (sequitur
1661 3531 1754 3564 textus)
1775 3534 1800 3555 et
1814 3533 1853 3554 est
1866 3531 1937 3562 quod
1950 3538 2000 3555 non
2021 3536 2067 3555 etc.
2088 3531 2107 3554 Ρ
2127 3537 2214 3556 secuta
2228 3532 2319 3557 Vener.
2339 3532 2437 3564 1504.-

1380 3566 1415 3590 Ibi
1435 3567 1471 3590 ad
1490 3566 1599 3591 invicem
1619 3566 1754 3594 dicuntur,
1770 3565 1860 3589 EGRZ
1875 3566 2040 3597 praemittunt
2058 3567 2265 3598 quodammodo,
2280 3568 2385 3600 quidem
2401 3569 2436 3598 D,

1380 3601 1514 3633 quoddam
1533 3601 1628 3631 FHsC,
1652 3601 1785 3632 quandam
1804 3601 1838 3630 Β,
1862 3601 1992 3632 quaedam
2012 3606 2051 3626 cet
2070 3605 2096 3626 et
2113 3609 2138 3626 a.

2466 631 2475 639 '¹
2490 630 2525 651 Cf.
2541 630 2634 652 num.6.

2465 788 2475 798 '¹
2490 787 2560 809 Num.
2575 793 2623 815 seq.

2469 1676 2478 1684 ”
2488 1680 2535 1695 rem
2546 1681 2595 1701 sen,
2604 1675 2681 1696 ratio-

2469 1707 2520 1722 nem
2534 1707 2555 1723 r.

2470 2048 2478 2057 α

2494 2047 2557 2075 quod
2570 2047 2622 2069 add.
2638 2053 2681 2068 roi.

2469 2080 2501 2100 sz,
2511 2074 2566 2101 quia
2577 2074 2629 2095 add.
2641 2081 2677 2095 ΒΕ.

2567 2159 2582 2181 η

2469 2311 2479 2320 ‘¹
2490 2311 2570 2332 etalio
2583 2317 2630 2333 om.
2641 2318 2680 2333 co-

2470 2337 2532 2358 dices
2548 2341 2569 2359 et
2583 2344 2598 2359 a
2607 2338 2628 2360 b.

2470 2474 2479 2483 α

2468 2733 2477 2742 α

2495 2473 2618 2500 differrent
2631 2481 2653 2495 Ρ.

2492 2732 2598 2753 Platonis
2612 2733 2653 2760 qui
2665 2739 2678 2754 ε

2467 2764 2503 2785 Gn,
2510 2759 2630 2786 platonica
2640 2760 2680 2787 qui

2467 2791 2595 2806 ncnfflovz.

2467 3000 2476 3009 *
2493 2999 2678 3026 susceptivarum

2467 3031 2490 3047 D.

2563 3052 2576 3076 θ
