2898 3996
144 433 153 442 ‘
169 431 328 458 coniungendi
341 437 355 453 Ρ

144 458 189 483 alm
205 458 235 479 cf.
246 461 302 479 text.

144 536 155 547 ⁸
161 536 227 557 iuxta
236 535 303 557 aliud
307 541 355 557 om.

145 568 189 590 spo
204 565 225 583 et
239 568 264 583 a.

146 591 153 598 ·
184 588 356 616 quodammodo

147 621 194 636 om.
210 621 276 642 impr.

148 1015 157 1024 ‘
171 1015 242 1037 Num.
258 1021 306 1043 seq.

144 1069 157 1079 ⁴*
170 1068 240 1089 Num.
256 1073 282 1089 n.

144 1173 154 1184 ¹*
169 1175 247 1194 cetera
262 1171 342 1193 moab.

144 1813 155 1824 ⁸⁸
183 1812 301 1834 invenitur
332 1812 356 1833 in

143 1839 202 1861 solis
217 1845 254 1860 m.

383 291 458 337 246

382 382 451 419 per
475 370 642 419 aliquam
670 369 964 416 incollationem,
984 370 1046 405 vel
1074 380 1144 417 per
1166 381 1451 418 quemcumque

383 423 546 460 modum
568 421 807 470 contingendi
825 423 855 469 *,
876 422 926 458 ita
946 422 1050 470 quod
1069 422 1136 458 fiat
1154 434 1253 458 unus
1267 423 1451 460 terminus

383 475 596 524 utriusque;
625 476 687 512 vel
708 475 822 511 etiam
851 487 920 523 per
947 475 1022 511 hoc
1050 475 1156 522 quod
1184 475 1324 523 aliquid
1344 483 1452 513 natu-

385 528 509 565 raliter
535 528 701 565 nascitur
728 528 831 564 iuxta
859 527 961 564 aliud
981 528 1013 574 ⁴⁵,
1043 527 1139 564 sicut
1166 528 1307 565 fructus
1335 529 1451 566 adna-

385 581 499 618 scitur
526 581 653 618 arbori
673 587 709 616 et
729 581 970 617 continuatur
996 581 1290 630 quodammodo
1310 582 1330 602 ‘¹‘
1351 582 1396 619 ei.

439 647 474 682 9.
504 633 654 671 Deinde
693 646 782 670 cum
817 633 926 670 dicit:
964 634 1215 682 Manifestum
1251 640 1376 671 autem
1419 641 1454 672 et

384 687 485 735 quod
504 687 675 735 primum
705 694 795 734 etc.,
831 694 1028 735 comparat
1053 687 1124 723 tria
1151 688 1451 736 praemissorum

384 740 433 778 ad
452 740 631 786 invicem,
662 739 709 776 de
739 739 877 788 quibus
904 739 1159 788 principaliter
1183 740 1353 788 intendit,
1384 741 1453 778 sci-

384 795 470 831 licet
502 798 768 841 consequenter
793 804 833 829 se
864 793 1024 838 habens,
1060 798 1270 830 contactum
1301 801 1337 830 et
1365 805 1452 831 con-

384 848 539 883 tinuum.
570 846 619 882 Et
648 844 746 882 circa
769 846 845 882 hoc
871 845 941 881 tria
970 844 1077 882 facit:
1107 845 1233 894 primo
1255 854 1454 895 comparat

385 906 664 947 consequenter
701 910 742 934 se
779 898 927 935 habens
956 899 1005 935 ad
1043 906 1283 946 contactum3
1319 911 1453 937 secun-

385 954 434 991 do
465 959 683 999 contactum
722 951 770 988 ad
810 951 1055 998 continuum,
1089 951 1243 996 ibi:2Et
1272 953 1307 989 si
1338 954 1453 990 conti-

384 1017 501 1043 nuum
518 1006 538 1027 ’β
559 1012 641 1050 etc.;
661 1004 770 1041 tertio
790 1004 902 1040 infert
924 1003 1124 1053 quoddam
1145 1006 1388 1043 corollarium
1409 1019 1454 1044 ex

385 1058 512 1106 dictis,
541 1057 610 1094 ibi:
645 1058 772 1099 Quare
800 1058 834 1094 si
859 1062 914 1093 est
944 1058 1066 1094 unitas
1086 1058 1106 1079 '¹‘
1136 1066 1204 1095 etc.
1235 1059 1335 1096 Dicit
1364 1071 1452 1108 ergo

384 1111 509 1160 primo
548 1110 794 1147 manifestum
833 1122 936 1158 esse,
975 1110 1081 1158 quod
1118 1118 1383 1160 consequenter
1415 1125 1455 1151 se

383 1165 524 1202 habens
553 1171 608 1200 est
634 1163 803 1212 primurn
833 1163 928 1200 inter
955 1163 1024 1200 tria
1041 1165 1061 1185 ’²‘
1079 1164 1290 1212 praemissa
1319 1166 1453 1204 ordine

384 1225 552 1265 naturae,
573 1216 788 1253 secundum
813 1216 919 1265 quod
939 1216 1073 1254 dicitur
1093 1229 1175 1254 esse
1194 1218 1311 1267 prius,
1333 1231 1356 1255 a
1375 1232 1452 1268 quo

384 1283 463 1308 non
492 1269 725 1307 convertitur
746 1269 1018 1318 consequentia
1038 1271 1205 1316 essendi;
1227 1271 1316 1320 quia
1336 1284 1452 1309 omne

384 1330 602 1361 contactum
623 1334 779 1359 necesse
801 1330 856 1359 est
879 1335 961 1359 esse
983 1332 1281 1372 consequenter:
1303 1333 1454 1373 oportet

385 1377 487 1414 enim
514 1376 612 1413 inter
641 1389 686 1413 ea
715 1387 812 1424 quae
841 1388 881 1412 se
911 1376 1142 1424 contingunt,
1174 1389 1257 1414 esse
1286 1377 1451 1426 aliquem

384 1430 581 1476 ordinem,
619 1429 670 1466 ad
698 1429 823 1465 minus
851 1429 1051 1477 positione.
1092 1430 1169 1467 Sed
1197 1442 1275 1467 non
1305 1438 1454 1479 oportet

384 1495 500 1520 omne
530 1482 635 1532 quod
655 1489 933 1530 consequenter
961 1494 1000 1519 se
1021 1483 1146 1529 habet,
1168 1495 1252 1520 esse
1275 1491 1451 1532 tangens:

385 1536 473 1586 quia
502 1535 597 1572 ordo
626 1542 751 1584 potest
780 1547 861 1571 esse
891 1534 930 1571 in
957 1535 1096 1584 quibus
1124 1548 1204 1572 non
1233 1544 1288 1573 est
1315 1544 1451 1586 tactus,

385 1590 479 1626 sicut
506 1589 545 1625 in
570 1588 749 1637 separatis
779 1599 801 1623 a
828 1587 997 1624 materia.
1028 1588 1140 1625 Unde
1169 1589 1244 1625 hoc
1272 1590 1378 1638 quod
1399 1598 1455 1628 est

385 1649 683 1690 consequenter,
721 1640 913 1677 invenitur
939 1640 978 1677 in
1005 1640 1050 1678 iis
1078 1654 1176 1690 quae
1212 1650 1299 1679 sunt
1325 1643 1454 1692 priora

384 1695 596 1732 secundum
625 1694 830 1730 rationem:
867 1693 1057 1731 invenitur
1085 1694 1245 1732 enimin
1269 1697 1451 1744 numeris,

384 1749 422 1785 in
442 1748 579 1796 quibus
599 1759 679 1783 non
706 1746 898 1784 invenitur
924 1754 1056 1794 tactus,
1086 1748 1153 1796 qui
1180 1748 1372 1786 invenitur
1390 1763 1451 1787 so-

383 1803 464 1838 lum
493 1801 532 1837 in
548 1802 567 1821 ²³
588 1800 786 1837 continuis.
817 1800 981 1837 Numeri
1009 1808 1136 1837 autern
1161 1802 1373 1839 secundum
1394 1815 1452 1840 ra-

383 1855 529 1892 tionem
553 1861 640 1890 sunt
657 1853 802 1902 priores
832 1853 1019 1890 continuis
1047 1854 1326 1902 quantitatibuS,
1357 1855 1453 1893 sicut

384 1908 505 1955 magis
534 1906 724 1955 simplices
753 1913 790 1942 et
817 1905 937 1953 magis
966 1906 1152 1944 abstracti.

443 1972 500 1997 10.
522 1960 670 1997 Deinde
692 1971 780 1996 cum
805 1958 910 1996 dicit:
940 1959 991 1995 Et
1006 1960 1040 1997 si
1057 1961 1274 1997 continuum
1294 1967 1349 1998 est
1366 1969 1449 2008 etc.,

385 2020 582 2062 comparat
600 2018 811 2049 contactum
831 2011 879 2048 ad
908 2014 1136 2060 continuum.
1164 2014 1213 2050 Et
1232 2013 1320 2051 dicit
1347 2015 1452 2063 quod

385 2067 520 2104 eadem
549 2065 692 2112 ratione
723 2072 940 2102 contactum
969 2074 1024 2103 est
1054 2067 1158 2115 prius
1190 2079 1315 2116 quam›
1337 2068 1453 2105 conti-

383 2132 521 2157 nuum:
543 2119 632 2168 quia
660 2118 691 2155 si
710 2118 851 2167 aliquid
876 2125 931 2155 est
959 2120 1195 2167 continuum,
1221 2133 1377 2158 necesse
1397 2129 1454 2158 est

385 2173 491 2222 quod
514 2172 561 2209 sit
579 2180 755 2220 tangens3
777 2172 844 2209 sed
863 2185 941 2209 non
962 2180 1018 2209 est
1036 2174 1306 2221 necessarium,
1323 2174 1353 2210 si
1373 2182 1453 2211 tan-

385 2227 447 2275 git,
469 2226 574 2275 quod
602 2226 648 2263 sit
676 2225 910 2262 continuum.
941 2227 990 2263 Et
1021 2227 1096 2263 hoc
1128 2228 1266 2275 probat
1301 2239 1370 2275 per
1397 2239 1453 2264 ra-

384 2280 529 2316 tionem
548 2279 758 2328 utriusque.
775 2279 867 2316 Non
882 2279 985 2316 enim
1001 2281 1258 2317 necessarium
1276 2286 1332 2316 est
1346 2280 1452 2328 quod

383 2333 517 2369 ultima
555 2332 771 2381 aliquorum
800 2333 873 2369 sint
910 2345 1050 2380 unum,
1088 2333 1192 2382 quod
1230 2340 1286 2370 est
1317 2333 1364 2370 de
1398 2346 1453 2370 ra-

384 2386 488 2423 tione
517 2385 696 2433 continui,
717 2385 748 2422 si
776 2393 862 2422 sunt
882 2385 1005 2434 simul,
1027 2387 1131 2435 quod
1151 2394 1206 2423 est
1235 2387 1281 2424 de
1308 2386 1454 2424 ratione

1016 289 1363 326 PHYSICORUM
1390 289 1739 326 ARISTOTELIS
1768 290 1862 326 LIB.
1891 290 1927 326 V

1507 367 1684 404 contacti:
1714 368 1780 404 sed
1813 379 1969 404 necesse
2007 374 2062 404 est
2091 379 2110 403 e
2140 380 2348 416 converso,
2379 369 2410 406 si
2436 369 2570 406 ultima

1506 427 1592 456 sunt
1610 432 1745 467 unum,
1767 420 1871 469 quod
1897 420 1970 457 sint
1989 419 2119 467 simul,
2142 433 2187 457 ea
2202 422 2222 442 ’³‘
2242 422 2386 459 ratione
2408 434 2483 472 qua
2500 435 2569 472 po-

1506 480 1576 510 test
1596 473 1680 520 dici,
1701 473 1806 522 quod
1834 485 1955 510 unum
1975 473 2020 509 sit
2048 472 2159 510 simul
2179 473 2249 510 sibi
2276 474 2358 523 ipsi.
2381 475 2420 512 Si
2440 483 2568 513 autem

1505 527 1579 563 hoc
1595 526 1700 575 quod
1719 526 1803 563 dico
1823 526 1945 572 simul,
1962 526 2141 574 importat
2159 526 2422 564 habitudinem
2443 528 2569 566 distin-

1507 586 1666 626 ctorum,
1686 591 1765 616 non
1784 586 1945 628 possunt
1964 591 2045 616 esse
2065 591 2186 615 unum
2207 592 2304 628 quae
2324 587 2411 617 sunt
2438 581 2568 619 simul:

1506 639 1542 668 et
1569 632 1780 669 secundum
1800 633 1874 668 hoc
1894 644 1965 669 nec
1985 639 2155 668 contacta
2176 644 2257 669 esse
2285 640 2444 682 possunt
2471 645 2569 682 quae

1506 693 1593 722 sunt
1620 685 1809 733 continua,
1830 685 1896 722 sed
1921 685 2177 722 communiter
2205 685 2438 735 accipiendo.
2458 687 2570 724 Unde

1507 738 1696 776 concludit
1724 738 1830 787 quod
1857 739 2027 784 insertus,
2053 738 2149 775 idest
2178 739 2409 776 continuatio
2437 751 2570 776 secun.-

1508 791 1600 828 dum
1629 803 1745 840 quarn
1773 803 1851 828 una
1877 803 1964 840 pars
1992 791 2165 828 inseritur
2193 792 2296 829 alteri
2324 792 2362 829 in
2390 804 2469 829 uno
2497 799 2570 829 ter-

1507 845 1626 891 mino,
1657 852 1712 881 est
1737 844 1892 881 ultimus
1920 845 1960 881 in
1996 844 2128 882 ordine
2157 845 2430 893 generationis,
2458 852 2572 894 prout

1506 897 1682 946 specialia
1701 905 1788 934 sunt
1805 897 2016 945 posteriora
2035 898 2323 945 communibus,
2345 899 2440 935 sicut
2466 898 2570 947 prius

1506 958 1706 998 generatur
1733 950 1874 987 animal
1894 963 2010 999 quam
2038 951 2170 988 homo.
2191 952 2240 988 Et
2257 951 2344 989 ideo
2373 952 2458 989 dico
2489 963 2570 988 esse

1507 1003 1683 1040 ultimum
1703 1003 1896 1052 insertum,
1917 1004 2006 1053 quia
2024 1016 2179 1041 necesse
2201 1012 2255 1041 est
2277 1004 2403 1053 aliqua
2430 1017 2470 1041 se
2490 1012 2571 1041 tan-

1507 1068 1593 1104 gere
1622 1057 1671 1094 ad
1699 1056 1883 1104 invicem,
1913 1057 1944 1094 si
1970 1057 2103 1094 ultima
2132 1069 2267 1093 eorum
2296 1065 2382 1094 sunt
2409 1058 2569 1104 adnata,

1506 1110 1602 1147 idest
1629 1110 1845 1147 naturaliter
1871 1110 1997 1156 unita;
2028 1110 2095 1146 sed
2123 1122 2202 1147 non
2231 1117 2286 1146 est
2313 1110 2571 1147 necessarium

1507 1163 1611 1212 quod
1641 1163 1771 1199 omnia
1804 1175 1901 1211 quae
1930 1175 1971 1199 se
1999 1169 2167 1210 tangunt,
2188 1162 2293 1210 quod
2322 1163 2395 1200 sint
2422 1170 2571 1200 natura-

1506 1217 1588 1253 liter
1616 1216 1754 1253 adnata
1774 1217 1794 1236 ³⁸
1822 1216 1870 1252 ad
1889 1215 2068 1252 invicem.
2094 1216 2172 1252 Sed
2191 1215 2229 1252 in
2248 1215 2387 1263 quibus
2406 1227 2486 1252 non
2503 1229 2571 1266 po-

1506 1277 1577 1306 test
1605 1281 1686 1305 esse
1708 1275 1903 1305 contactus
1924 1269 1956 1315 ²³²,
1977 1267 2221 1305 manifestum
2243 1277 2298 1305 est
2316 1268 2420 1318 quod
2447 1269 2486 1306 in
2514 1269 2572 1307 his

1505 1334 1585 1359 non
1612 1328 1738 1370 potest
1766 1333 1849 1358 esse
1877 1326 2079 1367 consertus,
2100 1321 2196 1358 idest
2221 1321 2464 1359 continuatio.

1565 1387 1577 1411 1
1592 1386 1623 1412 1.
1644 1374 1792 1411 Deinde
1814 1386 1903 1411 cum
1924 1373 2031 1411 dicit:
2065 1375 2193 1416 Quare
2210 1374 2245 1411 si
2257 1380 2312 1411 est
2337 1375 2459 1412 unitas
2487 1381 2570 1422 etc.,

1506 1427 1696 1464 concludit
1715 1427 1911 1476 quoddam
1940 1427 2181 1464 corollarium
2210 1439 2256 1464 ex
2280 1427 2386 1465 dictis
2409 1428 2444 1474 *3
2478 1427 2573 1464 scili-

1507 1481 1594 1518 cet*
1610 1481 1715 1530 quod
1730 1480 1760 1517 si
1775 1480 1898 1517 unitas
1918 1488 1954 1517 et
1973 1488 2158 1530 punctum
2178 1488 2264 1518 sunt
2283 1488 2466 1530 separata,
2479 1481 2574 1518 sicut

1506 1534 1662 1583 quidam
1696 1533 1846 1581 dicunt,
1879 1541 2066 1582 ponentes
2103 1534 2371 1571 mathematica
2407 1534 2574 1583 separari

1505 1587 1718 1625 secundum
1748 1599 1842 1634 esse,
1864 1587 2032 1636 sequitur
2050 1587 2155 1636 quod
2181 1587 2305 1624 unitas
2325 1594 2360 1624 et
2387 1595 2572 1637 punctum

1506 1653 1584 1678 non
1612 1647 1699 1677 sunt
1725 1640 1841 1677 idem.
1873 1641 1921 1677 Et
1945 1641 2021 1677 hoc
2039 1640 2283 1677 manifestum
2312 1641 2355 1677 fit
2375 1642 2395 1662 '¹²
2424 1641 2574 1678 duabus

1505 1693 1724 1731 rationibus.
1755 1693 1885 1730 Primo
1914 1693 2092 1742 quidem,
2122 1693 2211 1742 quia
2237 1700 2379 1742 puncta
2417 1702 2504 1731 sunt
2535 1693 2574 1731 in

1504 1747 1562 1784 his
1596 1759 1693 1795 quae
1722 1753 1809 1783 nata
1827 1754 1915 1783 sunt
1942 1759 1983 1783 se
2002 1754 2166 1795 tangere,
2188 1756 2225 1783 et
2247 1747 2459 1784 secundum
2477 1759 2575 1796 pun-

1507 1808 1565 1837 cta
1603 1800 1727 1848 aliqua
1755 1812 1795 1836 se
1823 1806 1982 1847 tangunt
2009 1800 2057 1837 ad
2091 1800 2275 1837 invicem:
2303 1800 2342 1837 in
2370 1799 2575 1837 unitatibus

1506 1861 1635 1890 autem
1664 1865 1742 1890 non
1770 1852 1962 1890 invenitur
1999 1859 2209 1900 contactus,
2249 1854 2316 1890 sed
2345 1854 2470 1890 solum
2498 1853 2574 1890 hoc

1506 1907 1612 1956 quod
1641 1914 1696 1943 est
1724 1913 2011 1954 consequenter.
2033 1906 2211 1943 Secundo
2239 1918 2345 1952 vero,
2367 1906 2456 1955 quia
2479 1905 2576 1942 inter

1507 1961 1584 1997 duo
1604 1966 1744 2008 puncta
1765 1959 1945 2007 contingit
1964 1972 2045 1996 esse
2066 1959 2208 2008 aliquid
2226 1958 2417 2006 medium3
2448 1958 2574 1995 omnis

1507 2013 1609 2050 enirn
1630 2013 1728 2049 linea
1757 2020 1812 2049 est
1840 2012 1967 2049 media
1986 2012 2081 2049 inter
2109 2012 2185 2049 duo
2204 2019 2360 2062 puncta:
2391 2012 2459 2048 sed
2478 2011 2575 2048 inter

1508 2066 1602 2103 duas
1630 2066 1791 2102 unitates
1820 2078 1899 2102 non
1926 2077 2082 2102 necesse
2117 2073 2172 2102 est
2201 2078 2283 2102 esse
2312 2065 2466 2114 aliquod
2494 2077 2574 2101 me-

1508 2119 1625 2156 dium.
1648 2120 1756 2155 Patet
1783 2119 1887 2155 enim
1916 2119 2020 2167 quod
2040 2119 2137 2155 inter
2165 2118 2259 2156 duas
2279 2118 2453 2166 unitates,
2475 2130 2574 2167 quae

1508 2172 1739 2209 constituunt
1767 2172 2005 2218 dualitatem,
2037 2179 2072 2208 et
2099 2171 2223 2220 ipsam
2259 2171 2425 2220 primam
2453 2170 2575 2208 unita-

1507 2233 1596 2271 tem,
1618 2225 1708 2261 nihil
1737 2232 1794 2261 est
1821 2225 2005 2262 medium.

1560 2278 1702 2315 Ultimo
1723 2277 1773 2314 ibi
1796 2278 1835 2315 *ε
1862 2278 1960 2320 Quid
1978 2277 2125 2326 quidem
2146 2278 2263 2327 igitur
2290 2283 2343 2314 est
2358 2277 2471 2314 simul
2490 2283 2573 2323 etc.,

1507 2331 1671 2380 epilogat
1714 2343 1813 2379 quae
1849 2331 1948 2368 dicta
1983 2338 2071 2367 sunt
2107 2331 2149 2367 *ε
2185 2338 2222 2367 et
2256 2337 2311 2367 est
2343 2331 2502 2379 planum
2535 2329 2573 2366 in

1508 2384 1638 2422 littera.

2596 432 2605 441 ·
2617 431 2698 453 eadem
2708 437 2748 459 ua,
2759 438 2806 455 om.

2596 458 2631 479 pb.

2598 1227 2609 1238 ⁸
2623 1227 2689 1248 unita
2699 1232 2752 1254 rau,
2761 1231 2811 1248 mo—

2599 1255 2624 1275 ta
2638 1259 2661 1280 n,
2676 1253 2755 1275 iuncta
2766 1255 2812 1276 cet.

2599 1281 2608 1290 ·
2628 1281 2708 1301 tactus
2726 1278 2796 1302 codd.

2599 1310 2649 1328 exc.
2664 1311 2719 1328 mu.

2599 1443 2609 1452 ’
2623 1441 2695 1464 Num.
2711 1447 2731 1469 τι,
2746 1441 2768 1463 6.

2600 1496 2610 1505 '¹
2623 1495 2686 1517 idest
2697 1495 2733 1518 rb.

2599 1652 2610 1664 ‘
2624 1657 2654 1674 ex
2667 1652 2721 1674 add.
2734 1657 2774 1683 ,¹²⁶-

2600 2284 2610 2294 ·
2624 2284 2691 2307 mx...
2705 2286 2749 2307 etc.
2761 2291 2810 2307 om.

2600 2311 2670 2333 codd.
2684 2314 2707 2333 et
2720 2311 2759 2333 ab.

2596 2338 2611 2374 Ι·
2623 2339 2679 2359 nant
2691 2343 2739 2360 om.
2753 2344 2775 2360 r.

2876 3214 2898 3523 ἔ
