2898 3996
148 488 156 497 ·
171 486 233 507 Lect.
249 491 323 513 praec.

147 519 169 534 n.
183 519 204 541 3,
218 519 241 538 4.

147 650 156 658 ”
171 645 329 668 contrahendo
343 651 357 666 Α

147 701 155 710 '¹
170 688 234 721 Lect.
244 705 278 725 ιιι,
290 704 314 720 n.
323 704 354 720 10.

146 1382 154 1390 ·
166 1379 282 1400 divisione
296 1383 333 1403 aa,

140 1408 240 1433 propter
262 1404 329 1425 divis.

146 1589 212 1634 :fler
225 1586 275 1608 rab.

201 1617 244 1634 eet.
259 1617 334 1640 praec.
342 1627 347 1638 ,

145 1645 167 1660 n.
182 1646 205 1665 4.

145 1908 154 1916 ·
170 1908 192 1928 et
206 1912 253 1928 om.
272 1905 356 1927 puvab.

141 2118 151 2129 ⁶
166 2117 228 2138 Lect.
238 2123 284 2144 xxi,
295 2122 319 2138 n.
327 2123 347 2138 2.

146 2458 155 2467 ·
166 2463 212 2485 per
219 2463 244 2478 se
251 2457 357 2479 ommni).

145 2485 164 2493 '¹
181 2483 238 2505 lbid.
253 2490 276 2505 n.
291 2491 322 2510 4,
335 2490 356 2511 5.

384 246 462 292 458

386 323 526 360 mobile
555 323 659 371 quod
687 321 862 359 continue
895 321 1046 358 videtur
1073 321 1242 368 moveri,
1270 329 1333 358 aut
1359 333 1442 358 mo-

384 383 517 412 veatur
544 375 761 412 immediate
779 387 849 423 per
867 382 989 410 totum
1012 381 1160 410 motum
1180 374 1228 410 ab
1256 373 1339 422 ipso
1359 386 1442 411 mo-

384 436 497 465 vente
517 435 640 474 moto;
666 435 729 464 aut
746 439 815 475 per
842 427 960 463 multa
979 426 1115 473 media,
1137 438 1302 473 quorum
1321 438 1442 462 unum

386 480 620 528 contingatur
647 480 695 516 ab
724 479 809 525 alio,
839 479 932 515 sicut
969 478 1111 515 dietum
1142 485 1197 514 est
1221 478 1240 499 *
1269 478 1307 515 in
1335 485 1443 515 motu

383 532 636 581 proiectionis.
666 532 715 568 Et
742 531 810 568 ista
839 531 972 568 divisio
1010 531 1124 567 habet
1157 531 1362 578 aequaliter
1389 531 1442 567 lo-

386 597 489 632 cum,
519 585 599 622 sive
627 596 790 620 movens
819 591 968 620 motum
1005 590 1161 620 moveat
1192 582 1442 632 impellendo,

384 637 463 674 sive
491 636 676 673 trahendo
704 637 744 682 ³¹²,
773 636 852 673 sive
880 643 1042 683 utroque
1075 635 1212 682 mod0‚
1241 643 1283 671 ut
1310 635 1444 672 accidit

383 690 421 726 in
440 697 548 725 motu
565 687 767 736 vertiginis,
788 695 829 724 ut
848 700 960 737 supra
988 688 1027 725 in
1049 687 1210 736 septimo
1232 688 1250 708 ²¹*
1271 688 1443 724 habitum

385 749 450 778 est.
480 742 564 778 Ne'c
592 740 771 788 contingit
795 741 965 788 pluribus
993 740 1118 777 modis
1146 739 1287 788 aliquid
1318 740 1443 777 locali—

383 801 439 830 ter
466 793 614 831 moveri
642 805 664 830 a
691 800 871 830 movente
900 800 1018 840 moto,
1046 805 1115 842 per
1143 805 1182 829 se
1212 800 1248 829 et
1275 805 1353 829 non
1375 804 1445 841 per

384 846 559 884 accidens
584 845 710 894 (quod
738 845 840 882 enim
862 845 1024 891 vehitur,
1045 853 1224 882 movetur
1250 857 1319 893 per
1347 845 1444 882 acci-

385 900 478 936 dens
497 896 540 945 λ).
560 919 583 926 -
601 899 650 934 Et
668 897 756 945 quia
776 897 918 935 dixerat
945 897 1050 945 quod
1069 897 1107 934 in
1127 898 1184 934 his
1213 909 1310 945 quae
1330 897 1442 946 proii-

385 951 543 997 ciuntur,
565 958 620 987 est
643 950 745 987 aliud
765 957 800 986 et
821 950 921 986 aliud
941 962 1120 995 movens;
1143 957 1179 986 et
1201 950 1275 986 hoc
1293 949 1444 987 videtur

385 1016 467 1040 esse
495 1004 642 1049 falsum,
661 1010 817 1051 propter
838 1003 912 1039 hoc
941 1003 1045 1050 quod
1075 1014 1213 1050 corpus
1231 1002 1443 1051 proiectum

384 1055 559 1092 continue
587 1055 736 1092 videtur
762 1055 910 1091 moveri
938 1055 986 1091 ab
1016 1067 1102 1091 aere
1134 1067 1213 1091 uno
1243 1054 1442 1092 existente:

382 1108 469 1145 ideo
485 1108 533 1144 ad
548 1108 622 1144 hoc
642 1107 932 1154 excludendum,
945 1107 1134 1155 subiungit
1147 1107 1252 1156 quod
1272 1119 1359 1144 cum
1380 1119 1444 1144 aer

383 1168 447 1197 aut
475 1172 574 1208 aqua
593 1160 638 1196 sit
665 1159 770 1196 facile
791 1159 996 1206 divisibilis,
1018 1172 1063 1196 ex
1082 1160 1156 1196 hoc
1179 1167 1312 1196 movet
1335 1160 1443 1207 quasi

383 1213 484 1250 aliud
513 1219 548 1248 et
575 1212 675 1248 aliud
713 1224 896 1258 movens;
926 1212 994 1249 sed
1020 1219 1149 1249 tamen
1185 1219 1318 1249 movet
1349 1212 1443 1248 sicut

383 1277 535 1313 semper
554 1272 680 1301 motus
700 1265 884 1312 quamdiu
905 1265 1013 1301 durat
1030 1271 1157 1301 motus
1173 1264 1342 1312 corporis
1356 1276 1443 1312 pro-

382 1318 482 1362 iecti;
507 1324 544 1353 et
571 1317 746 1365 quamvis
773 1317 948 1354 videatur
976 1329 1057 1353 esse
1085 1329 1184 1353 unus
1212 1329 1287 1363 aer,
1313 1323 1441 1352 tamen

384 1378 439 1406 est
457 1369 550 1406 alius
571 1377 606 1406 et
625 1370 717 1406 alius
735 1381 804 1418 per
823 1369 1048 1406 divisionem
1063 1370 1092 1405 ²¹³.
1110 1390 1134 1397 -
1149 1368 1358 1416 Utrobique
1377 1381 1441 1405 au-

382 1430 472 1470 tem,
489 1422 584 1459 idest
602 1422 681 1459 sive
696 1434 858 1459 movens
878 1429 1025 1458 motum
1041 1429 1196 1458 moveat
1210 1421 1440 1469 impellendo

384 1475 464 1512 sive
492 1475 689 1521 trahendo,
709 1487 787 1511 non
814 1482 938 1522 potest
967 1486 1047 1510 esse
1074 1485 1173 1510 unus
1201 1481 1344 1520 motus,
1374 1474 1442 1511 sed

384 1534 532 1576 oportet
568 1527 672 1575 quod
700 1526 745 1563 sit
780 1526 948 1572 habitus,
975 1526 1071 1562 idest
1099 1534 1374 1573 consequenter
1401 1539 1440 1563 se

383 1580 539 1626 habens,
551 1586 706 1627 propter
722 1580 741 1599 ²³²
757 1579 941 1615 rationem
957 1590 1055 1626 quae
1071 1591 1184 1627 supra
1193 1579 1234 1600 ³¹²*
1249 1579 1371 1627 posita
1386 1586 1442 1615 est

383 1632 421 1668 in
436 1639 543 1668 motu
557 1631 809 1680 proiectionis,
831 1631 968 1667 scilicet
988 1643 1033 1667 ex
1048 1630 1261 1668 diversitate
1281 1643 1440 1669 moven-

382 1685 488 1721 tium.
510 1684 745 1732 Relinquitur
773 1696 861 1731 ergo
890 1684 994 1731 quod
1022 1684 1124 1720 solus
1148 1690 1274 1720 motus
1303 1684 1367 1732 qui
1388 1692 1442 1721 est

383 1750 405 1774 a
420 1743 568 1774 motore
588 1736 784 1783 immobili,
805 1735 924 1784 possit
943 1749 1025 1772 esse
1049 1748 1201 1784 semper
1221 1737 1439 1773 continuus:

384 1789 471 1838 quia
490 1801 653 1826 movens
673 1801 713 1825 se
732 1789 847 1825 habet
865 1801 1017 1837 semper
1040 1788 1208 1825 similiter
1229 1790 1441 1826 secundum

385 1842 546 1879 eandem
575 1842 862 1890 dispositionem
890 1841 930 1878 in
949 1842 1090 1890 seipso;
1122 1849 1157 1878 et
1174 1841 1261 1878 ideo
1291 1854 1443 1890 semper

384 1902 421 1931 et
440 1896 459 1916 ss
477 1894 652 1931 continue
671 1901 795 1942 potest
814 1906 853 1930 se
873 1893 1042 1930 similiter
1058 1894 1199 1930 habere
1219 1894 1268 1931 ad
1287 1894 1440 1942 mobile,

383 1955 424 1984 ut
442 1947 580 1983 scilicet
598 1959 750 1996 semper
777 1947 1014 1983 uniformiter
1032 1954 1189 1983 moveat
1214 1946 1351 1995 ipsum.

437 2000 504 2036 Est
532 2007 659 2036 autem
686 1999 748 2036 hic
776 1999 1046 2036 attendendum
1075 1999 1180 2046 quod
1207 1998 1442 2047 sempiterni-

382 2059 498 2088 tatem
535 2051 702 2088 continui
739 2059 866 2088 motus
900 2051 1064 2087 attribuit
1091 2051 1152 2088 hic
1186 2051 1442 2100 Philosophus

383 2104 633 2140 immobilitati
653 2103 823 2151 motoris,
840 2115 953 2152 supra
977 2105 995 2122 θ’
1017 2111 1144 2140 autem
1179 2103 1346 2140 infinitae
1373 2116 1442 2152 po-

383 2156 518 2194 tentiae
548 2156 639 2193 eius.
669 2157 772 2193 Nam
802 2155 1075 2204 sempiternitas
1103 2163 1230 2192 motus
1264 2156 1442 2203 continui,

384 2210 414 2246 si
447 2209 658 2246 attendatur
681 2209 892 2245 secundum
921 2208 1198 2244 reiterationem
1227 2216 1365 2254 motus,
1386 2220 1442 2245 re-

384 2261 492 2310 spicit
526 2261 827 2306 immobilitatem
866 2261 1072 2307 moventis3
1103 2260 1191 2309 quia
1224 2260 1255 2297 si
1292 2273 1444 2309 semper

385 2314 551 2351 similiter
564 2326 604 2351 se
619 2315 743 2360 habet,
755 2313 891 2362 poterit
906 2326 1058 2362 semper
1077 2313 1251 2350 reiterare
1277 2313 1442 2350 eundem

385 2374 532 2403 motum
547 2373 576 2403 μ.
600 2366 676 2403 Sed
695 2366 840 2403 infinita
853 2366 970 2403 virtus
999 2366 1188 2402 moventis
1218 2365 1368 2414 respicit
1395 2366 1443 2403 ad

384 2426 502 2456 totam
531 2427 657 2456 motus
685 2418 1020 2466 sempiternitatem
1037 2419 1100 2455 vel
1128 2418 1352 2455 infinitatem
1375 2431 1444 2466 per

386 2484 424 2508 se
445 2472 477 2518 ²¹⁸,
499 2472 595 2508 sicut
623 2483 736 2520 supra
757 2472 799 2492 ²³⁴*
831 2471 971 2508 dictum
993 2478 1058 2507 est.
1071 2492 1094 2498 -
1108 2472 1176 2507 Est
1195 2471 1307 2508 etiam
1327 2479 1443 2508 atten-

436 2601 464 2635 λ)
484 2602 554 2634 quod
572 2601 640 2626 enim
655 2600 766 2630 vehitur,
781 2603 900 2626 movetur
909 2607 961 2632 per
979 2600 1136 2626 accidens.—-
1149 2601 1206 2625 Hoc
1223 2609 1276 2625 orn.
1297 2601 1354 2625 edd.
1369 2604 1394 2625 et
1409 2601 1442 2631 Ο,

384 2638 443 2671 quia
465 2637 659 2661 homoteleuton
677 2641 723 2660 est.
743 2649 762 2656 —-
781 2636 816 2660 lbi
839 2643 934 2667 corpus
949 2636 1113 2667 proiectum,
1132 2636 1190 2660 edd.
1208 2643 1262 2660 om.
1275 2642 1379 2667 corpus.

420 2671 446 2706 μ)
467 2672 594 2696 reiterare
607 2671 719 2695 eundem
736 2674 845 2695 motum.
857 2671 925 2695 —lta
939 2671 1110 2700 ADLOXsQ
1130 2670 1259 2695 reiterare
1277 2670 1367 2695 eodem
1387 2677 1441 2694 mo-

383 2710 439 2732 tum
452 2707 509 2734 TY,
522 2707 650 2731 reiterare
665 2709 763 2730 motum
780 2706 870 2730 eodem
891 2706 970 2730 modo
982 2705 1036 2735 EG,
1052 2705 1180 2730 reiterare
1193 2705 1283 2729 eodem
1297 2705 1374 2729 modo
1388 2712 1442 2729 mo-

384 2746 439 2767 tum
458 2742 581 2772 FHNRZ,
600 2741 730 2766 reiterare
749 2741 838 2765 eodem
859 2744 931 2765 motu
951 2741 1004 2765 Pab
1024 2745 1049 2764 et
1068 2745 1117 2764 cet.
1132 2740 1242 2764 codices.

419 2778 443 2811 ν)
463 2777 539 2809 quasi
557 2777 603 2801 illa
621 2776 799 2801 consideratio
813 2778 939 2808 sequatur
957 2775 994 2799 ad
1013 2775 1129 2800 istam.—
1140 2775 1231 2799 Venet.
1250 2774 1316 2806 1504
1330 2779 1355 2799 et
1368 2775 1442 2799 codd.

385 2819 436 2836 exc.
452 2811 610 2844 INORYpA.
622 2825 640 2831 -
652 2811 723 2843 quod
741 2811 786 2835 illa
804 2811 973 2835 considerata
991 2812 1119 2842 sequatur
1137 2809 1174 2834 ad
1193 2810 1270 2834 istam
1290 2810 1329 2834 ed.
1342 2817 1367 2838 a,
1381 2810 1443 2842 quia

385 2847 431 2871 illa
455 2846 632 2871 consideratio
655 2849 807 2878 sequeretur
824 2845 861 2870 ad
889 2846 966 2870 istam
986 2845 1025 2870 ed.
1047 2845 1076 2874 b,
1096 2851 1180 2877 quare
1200 2844 1244 2869 illa
1267 2845 1444 2875 consideratio

385 2884 508 2913 sequetur
526 2881 562 2906 ad
581 2881 658 2906 istam
678 2881 714 2911 N3
734 2883 857 2912 sequetur
875 2880 951 2905 etiam
971 2880 1034 2911 0R;
1055 2887 1103 2911 pro
1122 2880 1175 2909 illa,
1191 2880 1262 2912 quod
1280 2887 1333 2904 om.
1348 2880 1367 2904 Ρ
1381 2880 1443 2910 sola,

385 2923 434 2940 sua
454 2916 487 2940 lY
506 2916 538 2940 A.

439 2949 462 2982 ξ)
482 2924 519 2975 epx
532 2950 784 2982 praedeterminatis
803 2949 972 2983 manifestum
991 2953 1042 2979 est,
1062 2949 1141 2982 quod.
1154 2963 1172 2968 -
1186 2950 1256 2974 Haec
1273 2957 1326 2973 om.
1347 2950 1400 2974 Pab
1420 2955 1445 2974 et

387 2985 460 3010 codd.
474 2993 526 3010 exc.
541 2985 756 3016 EFGHNRZsO;
769 2985 816 3009 sed
835 2985 865 3009 cf.
880 2989 984 3010 textum.
999 2986 1020 3010 B
1038 2993 1090 3009 orn.
1108 2985 1276 3017 manifestum
1295 2987 1333 3009 est
1352 2985 1430 3017 quod.

440 3020 465 3052 ο)
485 3020 654 3052 Relinquitur
671 3026 763 3052 ergo...
778 3020 876 3051 probat
890 3027 942 3050 per
961 3020 998 3045 id.
1022 3020 1077 3044 Hoc
1097 3020 1154 3044 loco
1174 3020 1256 3048 codd..
1276 3027 1340 3048 exc..
1353 3020 1404 3048 GZ,
1420 3024 1445 3044 et

387 3062 478 3080 omnes
498 3055 621 3080 editiones
641 3059 746 3087 peccant
763 3054 905 3079 omittendo
924 3054 1106 3079 homoteleuta.
1118 3054 1242 3079 Notamus
1261 3054 1390 3086 graviores
1410 3055 1445 3079 la-

387 3098 475 3115 cunas.
499 3090 521 3114 R
540 3098 594 3115 orn.
607 3089 777 3122 Relinquitur
795 3097 867 3122 ergo,
886 3090 910 3114 si
927 3090 1004 3115 habet
1023 3089 1248 3122 magnitudinem,
1261 3090 1445 3122 quod-habeat

387 3125 596 3158 magnitudinem
605 3124 877 3158 finitam.-Editiones
893 3130 917 3150 et
931 3124 1226 3149 codd.exc.GEZsCHO
1241 3132 1293 3148 orn.
1307 3125 1361 3149 Sed
1374 3125 1445 3157 quod

387 3167 439 3184 non
459 3160 554 3185 habeat
572 3160 782 3192 magnitudinem
794 3160 920 3192 finitam;
938 3165 966 3184 ut
985 3160 1049 3184 hanc
1072 3160 1188 3184 lacunam
1215 3160 1372 3192 compleant,
1392 3161 1444 3184 edi-

387 3195 469 3219 tiones
489 3203 536 3227 pro
554 3202 591 3219 ex
605 3195 653 3220 hoc
668 3195 801 3226 probatur
814 3195 908 3220 habent
922 3196 958 3220 Et
976 3202 1013 3219 ex
1025 3195 1073 3220 hoc
1087 3195 1228 3226 probatur,
1242 3195 1277 3219 B:
1297 3195 1351 3219 Sed
1363 3202 1444 3227 supra

383 3230 511 3262 proxime
525 3230 668 3262 probatum
688 3230 804 3255 est.-Pb
822 3238 875 3255 om.
890 3230 1009 3255 Primum
1028 3233 1116 3255 autem
1132 3237 1263 3254 movens...
1274 3230 1369 3255 habere
1388 3237 1443 3254 ma-

992 243 1336 280 PHYSICORUM
1362 242 1711 280 ARISTOTELIS
1741 243 1833 279 LIB.
1865 243 1950 279 VIII

1498 321 1667 358 dendum
1695 321 1811 369 quod,
1833 321 1921 369 quia
1949 321 2095 358 nullum
2123 328 2286 358 movens
2314 318 2463 358 motum
2490 333 2560 370 po-

1497 381 1568 411 test
1587 385 1742 410 causare
1757 381 1906 410 motum
1927 373 2148 410 continuum
2170 373 2455 422 sempiternum,
2471 373 2558 411 ideo

1498 426 1535 463 in
1555 427 1607 462 XI
1627 427 1842 474 Metaphys.
1865 428 1884 445 ἣ
1902 426 2066 474 probare
2094 425 2253 462 intendit
2277 426 2558 463 multitudinem

1498 486 1692 515 motorum
1733 478 1988 515 immobilium
2031 478 2242 515 secundum
2280 477 2558 515 multitudinem

1499 531 1715 568 caelestium
1734 539 1922 578 motuum,
1943 531 2051 580 quasi
2069 530 2131 571 illa
2154 529 2404 568 consideratio
2425 542 2559 578 sequa-

1498 590 1557 619 tur
1584 583 1631 620 ad
1659 583 1769 620 istam
1797 589 1819 620 ⁹.
2517 609 2520 612 Δ

1553 647 1588 683 9.
1600 635 1747 672 Deinde
1764 648 1852 673 cum
1868 635 1972 672 dicit:
1987 635 2253 672 Determinatis
2268 640 2393 671 autem
2407 634 2463 671 his
2474 641 2557 682 etc.,

1499 699 1545 723 ex
1575 688 1793 736 praemissis
1831 687 2095 725 demonstratis
2133 687 2322 724 concludit
2353 686 2559 736 principale

1498 739 1695 777 intentum.
1717 741 1765 777 Et
1793 741 1881 777 dicit
1899 741 2003 788 quod
2024 753 2068 776 ex
2086 738 2558 788 praedeterminatis*ma-

1498 792 1675 829 nifestum
1704 800 1770 840 est,
1792 793 1896 841 quod
1914 791 1928 816 ξ
1946 793 2178 841 impossibile
2207 800 2263 829 est
2287 791 2455 841 primum
2476 803 2558 828 mo-

1497 857 1592 882 vens
1630 845 1827 882 immobile
1859 846 1999 882 habere
2037 845 2202 894 aliquam
2237 844 2557 892 magnitudinem,

1497 897 1559 934 vel
1586 897 1637 933 ita
1664 897 1768 946 quod
1796 897 1922 946 ipsum
1951 898 1996 934 sit
2022 910 2170 946 corpus,
2190 897 2252 935 vel
2280 896 2386 945 quod
2413 897 2459 934 sit
2483 896 2559 933 vir-

1498 956 1557 986 tus
1585 949 1624 986 in
1652 962 1824 998 corpore.
1851 950 1951 997 Quia
1979 950 2010 987 si
2037 950 2194 986 haberet
2221 949 2386 997 aliquam
2415 948 2558 996 magni-

1497 1001 1681 1049 tudinem,
1711 1010 1776 1039 aut
1805 999 1902 1040 esset
1929 1002 2034 1039 finita
2062 1010 2126 1038 aut
2159 1001 2315 1038 infinita.
2350 1002 2557 1038 Ostensum

1500 1061 1554 1090 est
1577 1062 1705 1091 autem
1725 1067 1839 1103 supra
1857 1055 1896 1091 in
1923 1054 2031 1091 tertio
2052 1055 2084 1100 ’ἢ
2105 1054 2144 1090 in
2163 1053 2431 1090 communibus
2451 1060 2558 1089 natu-

1498 1119 1573 1152 rae,
1595 1107 1699 1155 quod
1719 1119 1798 1143 non
1826 1115 1881 1143 est
1908 1106 2087 1155 possibile
2113 1117 2194 1142 esse
2223 1105 2388 1153 aliquam
2415 1104 2558 1152 magni-

1498 1159 1667 1195 tudinem
1687 1159 1886 1196 infinitam.
1907 1157 2145 1207 Relinquitur
2173 1169 2274 1204 ergo,
2295 1157 2326 1194 si
2344 1157 2460 1194 habet
2477 1169 2558 1193 ma-

1497 1211 1744 1258 gnitudinem,
1765 1211 1870 1259 quod
1897 1211 2035 1247 habeat
2066 1209 2365 1258 magnitudinem
2397 1209 2556 1246 finitam.

1499 1263 1576 1300 Sed
1604 1263 1708 1311 quod
1737 1275 1815 1300 non
1841 1264 1979 1299 habeat
2006 1262 2305 1310 magnitudinem
2332 1261 2490 1309 finitam,
2513 1273 2558 1298 ex

1497 1316 1571 1352 hoc
1589 1316 1783 1364 probatur,
1804 1316 1909 1364 quod
1930 1316 1950 1336 ²⁸
1969 1315 2200 1364 impossibile
2227 1322 2281 1351 est
2303 1313 2450 1351 finitam
2477 1325 2557 1350 ma·
2583 1319 2594 1329 '

1497 1368 1731 1415 gnitudinem
1758 1369 1899 1405 habere
1926 1367 2134 1416 potentiam
2163 1367 2360 1404 infinitam.
2385 1366 2558 1403 Primum

1497 1428 1625 1457 autem
1655 1417 1817 1457 movens
1836 1420 2032 1467 immobile
2060 1431 2215 1457 necesse
2240 1426 2295 1456 est
2322 1419 2463 1456 habere
2489 1430 2558 1467 po-

1496 1473 1650 1510 tentiam
1670 1473 1872 1510 infinitam:
1903 1486 1992 1521 ergo
2012 1485 2090 1510 non
2108 1480 2232 1521 potest
2251 1472 2391 1509 habere
2415 1471 2559 1518 magni-

1495 1526 1666 1563 tudinem
1693 1525 1853 1563 finitam.
1884 1525 1999 1573 Quod
2036 1532 2162 1562 autern
2190 1524 2358 1573 primum
2395 1535 2559 1561 movens

1496 1578 1692 1615 immobile
1712 1590 1866 1615 necesse
1895 1578 1940 1615 sit
1963 1578 2103 1615 habere
2122 1577 2330 1626 potentiam
2353 1575 2558 1623 infinitam,

1495 1632 1632 1680 probat
1650 1643 1718 1680 per
1745 1631 1784 1668 id
1806 1637 1819 1651 ⁰
1839 1632 1943 1680 quod
1967 1631 2267 1668 demonstratum
2300 1636 2355 1665 est
2382 1640 2506 1677 supra⁴
2525 1629 2558 1676 ²¹⁸,
2585 1660 2595 1670 ,

1497 1684 1602 1732 quod
1619 1683 1852 1732 impossibile
1882 1690 1937 1720 est
1960 1695 1982 1720 a
2000 1682 2167 1731 potentia
2194 1681 2300 1719 finita
2328 1681 2477 1718 moveri
2496 1681 2560 1718 ali-

1497 1736 1588 1784 quid
1622 1736 1835 1773 secundum
1862 1735 2052 1772 infinitum
2085 1743 2248 1784 tempus.
2287 1733 2459 1770 Primum
2493 1745 2559 1771 au·

1496 1796 1573 1825 tem
1598 1801 1759 1825 movens
1789 1796 1917 1824 causat
1942 1795 2170 1836 perpetuum
2199 1793 2349 1823 motum
2379 1793 2415 1822 et
2442 1785 2559 1823 conti-

1497 1853 1628 1887 nuum,
1650 1849 1686 1877 et
1710 1836 1891 1889 tempore*
1908 1840 2054 1877 infinito
2068 1851 2167 1876 unus
2192 1846 2228 1875 et
2254 1838 2356 1875 idem
2380 1837 2558 1876 existens:

1497 1893 1663 1942 alioquin
1699 1900 1826 1929 motus
1862 1892 1922 1929 ille
1961 1905 2039 1929 non
2077 1898 2173 1928 esset
2210 1890 2420 1927 continuus.
2455 1891 2557 1938 Ergo

1496 1947 1611 1982 habet
1628 1946 1835 1994 potentiam
1864 1944 2060 1982 infinitam.
2085 1945 2134 1980 Et
2160 1943 2213 1980 sic
2232 1955 2311 1980 non
2337 1943 2452 1979 habet
2479 1954 2559 1980 mit-.-

1496 1998 1730 2046 gnitudinem
1758 1998 1922 2043 finitam;
1947 2010 2018 2034 nec
2045 1996 2230 2033 infinitam
2259 1994 2558 2043 magnitudinem

1495 2051 1674 2100 possibile
1703 2058 1758 2086 est
1785 2062 1868 2087 esse
1897 2055 1926 2086 π.
1949 2049 2193 2086 Manifestum
2223 2055 2278 2085 est
2300 2047 2425 2096 itaque
2454 2047 2559 2096 quod

1495 2103 1663 2152 primum
1693 2114 1855 2140 movens
1885 2110 1939 2139 est
1966 2101 2210 2139 indivisibile:
2241 2108 2277 2137 et
2305 2100 2393 2149 quia
2415 2100 2559 2137 nullam

1495 2163 1643 2204 partem
1680 2156 1814 2202 habet,
1845 2154 1940 2191 sicut
1968 2154 2080 2191 etiam
2111 2161 2166 2190 est
2200 2152 2426 2190 indivisibile
2461 2164 2558 2201 pun-

1497 2216 1617 2254 ctum;
1648 2216 1683 2244 et
1702 2207 1816 2244 etiarn
1845 2207 1938 2244 sicut
1966 2207 2124 2244 omnino
2153 2207 2294 2243 nullam
2314 2206 2459 2242 habens
2477 2216 2558 2242 ma-

1497 2260 1748 2309 gnitudinem,
1779 2260 1886 2308 quasi
1911 2267 2014 2296 extra
2041 2271 2160 2307 genus
2187 2257 2455 2306 magnitudinis
2484 2257 2558 2295 exi.-

1498 2321 1645 2350 stens.-
1661 2314 1710 2350 Et
1733 2313 1785 2349 sic
1812 2312 1988 2349 terminat
2010 2312 2265 2360 Philosophus
2291 2309 2558 2348 considerati&

1497 2378 1587 2412 nem
1608 2378 1856 2402 communem
1887 2365 1932 2402 de
1962 2365 2075 2401 rebus
2102 2363 2346 2411 naturalibus,
2373 2363 2413 2399 in
2429 2362 2557 2411 primo

1496 2418 1681 2466 principio
1723 2418 1836 2454 totius
1877 2425 2057 2463 naturae,
2096 2418 2160 2464 qui
2195 2421 2250 2452 est
2281 2427 2393 2464 super
2429 2415 2556 2452 omnia

1497 2472 1601 2508 Deus
1618 2476 1634 2501 Ρ
1652 2470 1860 2507 benedictus
1887 2470 1924 2506 in
1951 2469 2112 2506 saecula.
2142 2469 2276 2505 Amen.

1496 2601 1561 2625 tiam
1582 2600 1711 2633 infinitam
1730 2600 1801 2632 quod
1820 2599 1978 2631 impossibile
1991 2602 2031 2624 est
2041 2600 2151 2632 finitam
2163 2599 2376 2632 magnitudinem
2396 2598 2492 2624 habere
2506 2605 2558 2631 po-

1496 2635 1606 2659 tentiam
1626 2635 1702 2667 (adde
1721 2634 1772 2668 in-)
1775 2635 1884 2667 finitam
1894 2635 2014 2666 primum
2032 2637 2120 2659 autem
2137 2641 2243 2659 movens
2258 2634 2389 2659 immobile
2403 2640 2506 2659 necesse
2518 2636 2558 2660 est

1496 2670 1591 2695 habere
1605 2670 1753 2701 potentiam
1774 2670 1920 2703 infinitam:
1939 2671 2040 2694 sublata
2053 2669 2203 2694 confusione
2221 2674 2247 2694 et
2266 2669 2358 2694 auditis
2378 2676 2444 2701 quae
2456 2668 2556 2694 uncinis

1497 2705 1644 2735 clausimus,
1661 2709 1700 2729 est
1718 2705 1792 2729 lectio
1810 2705 1963 2729 codicum.-
1974 2705 2024 2729 Pro
2038 2705 2156 2736 primum
2176 2711 2280 2730 movens
2306 2704 2436 2729 immobile
2455 2710 2558 2729 necesse

1495 2740 1537 2769 sit,
1554 2740 1672 2771 primum
1692 2747 1797 2764 movens
1816 2747 1918 2764 necesse
1935 2740 1971 2764 sit
1990 2740 2064 2765 codd.
2084 2744 2109 2764 et
2127 2747 2152 2764 a.

1549 2775 1578 2807 π)
1599 2782 1645 2800 nec
1664 2775 1793 2808 infinitam
1818 2775 2030 2807 magnitudinem
2045 2775 2171 2807 possibile
2189 2778 2228 2800 est
2251 2781 2315 2800 esse.
2328 2781 2407 2800 *nec
2425 2773 2556 2806 infinitam

1497 2809 1716 2842 magnitudinem,
1732 2810 1794 2842 quia
1814 2810 1944 2842 infinitam
1960 2809 2170 2842 magnitudinem
2186 2809 2345 2841 impossibile
2357 2812 2396 2834 est
2414 2816 2469 2834 esse
2482 2809 2557 2840 BsK3

1497 2845 1705 2877 magnitudinem
1718 2853 1771 2870 om.
1784 2845 1803 2870 l.
1817 2845 1948 2870 Editiones
1962 2853 2013 2869 non
2027 2845 2122 2870 habent
2133 2845 2181 2870 nisi
2195 2852 2243 2870 nec
2256 2845 2395 2878 infinitam,
2409 2844 2481 2877 quod
2495 2851 2557 2869 con-

1496 2880 1603 2912 iungunt
1622 2888 1680 2904 cum
1700 2881 1859 2912 praecedenti
1875 2880 2084 2913 magnitudinem
2092 2880 2209 2913 finitam.
2221 2893 2240 2899 -—
2253 2880 2303 2904 Pro
2321 2883 2348 2905 et
2365 2879 2428 2911 quia
2446 2879 2556 2911 nullam,

1496 2918 1522 2939 et
1540 2915 1610 2947 quod
1629 2916 1728 2940 nullam
1743 2915 1873 2940 PDEGsO
1887 2920 1912 2939 et
1929 2915 1985 2945 ab‚·
2004 2915 2046 2947 pO
2059 2922 2113 2940 om.
2126 2917 2152 2939 et
2172 2915 2261 2947 quia...
2275 2917 2415 2946 punctum.
2432 2913 2556 2946 Legimus

1497 2950 1567 2982 quia,
1579 2958 1639 2974 nam
1658 2950 1684 2975 id
1702 2950 1834 2982 requirere
1852 2950 1952 2975 videtur
1970 2957 2077 2980 sensus,
2098 2950 2232 2975 nimirum:
2251 2950 2364 2982 primum
2388 2955 2497 2974 movens
2515 2953 2556 2974 est

1497 2985 1654 3015 indivisibile,
1668 2993 1720 3010 non
1739 2986 1824 3010 solum
1842 2986 1902 3018 quia
1919 2985 2016 3010 nullam
2035 2989 2135 3018 partem
2151 2985 2228 3010 habet
2246 2984 2330 3017 (sicut
2347 2983 2498 3012 indivisibile
2517 2988 2558 3009 est

1497 3025 1629 3053 punctum,
1643 3021 1714 3052 quod
1729 3025 1815 3045 tamen
1829 3028 1881 3045 non
1895 3020 1978 3045 existit
1996 3025 2065 3044 extra
2083 3027 2166 3052 genus
2185 3019 2374 3052 magnitudinis,
2389 3026 2448 3044 cum
2462 3019 2495 3043 sit
2506 3023 2557 3044 ter-

1497 3055 1583 3080 minus
1603 3055 1683 3087 eius),
1698 3055 1745 3080 sed
1755 3055 1831 3080 etiam
1847 3055 1908 3087 quia
1926 3055 2010 3080 existit
2028 3055 2134 3080 omnino
2153 3059 2222 3080 extra
2235 3061 2317 3087 genus
2336 3053 2527 3086 magnitudinis.
2537 3067 2558 3074 -·

1498 3090 1532 3115 lbi
1547 3091 1646 3115 nullam
1661 3090 1758 3115 habens
1773 3090 1991 3123 magnitudinem,
2005 3090 2103 3115 habens
2116 3097 2170 3115 om.
2182 3089 2236 3115 Pab
2250 3095 2275 3114 et
2287 3090 2363 3115 codd.
2374 3097 2427 3115 exc.
2439 3088 2556 3114 DLsCO.

1496 3139 1515 3144 -
1529 3126 1579 3150 Pro
1594 3125 1677 3158 quasi,
1693 3125 1761 3150 idest
1775 3125 1816 3154 ΙΥ,
1831 3125 1903 3157 quod
1916 3125 1992 3155 FNR,
2008 3125 2070 3158 quia
2084 3125 2122 3155 0;
2142 3132 2189 3157 pro
2202 3124 2328 3154 existens,
2343 3128 2383 3150 est
2394 3124 2513 3150 existens
2526 3123 2557 3149 F.

1550 3159 1574 3194 ρ)
1594 3167 1673 3193 super
1687 3160 1777 3185 omnia
1797 3160 1878 3186 Deus.
1891 3174 1910 3179 —
1925 3161 1997 3185 Deus
2010 3167 2089 3192 super
2107 3160 2197 3185 omnia
2212 3160 2240 3190 B,
2253 3166 2357 3192 semper
2373 3167 2453 3192 super·
2466 3159 2557 3185 omnia

1498 3196 1570 3220 Deus
1588 3195 1645 3225 HN,
1659 3202 1762 3227 semper
1776 3202 1828 3227 per
1845 3196 1935 3220 omnia
1950 3195 2022 3220 Deus
2037 3195 2091 3220 EG.
2103 3209 2122 3214 —
2138 3195 2211 3225 Quae
2231 3195 2406 3228 sequunturE
2418 3194 2518 3223 omittit.
2533 3193 2557 3219 G

1498 3238 1560 3255 vero
1574 3230 1650 3255 habet
1664 3230 1811 3256 immediate
1825 3230 1888 3255 infra
1901 3236 2006 3259 textum.
2019 3230 2050 3255 ab
2066 3231 2155 3255 endem
2170 3235 2256 3255 tamen
2270 3237 2361 3261 manu3
2380 3230 2486 3255 saecula
2499 3235 2557 3254 sae-

387 3265 552 3297 gnitudinem
564 3265 673 3297 finitam
679 3273 688 3295 ‚·
706 3272 723 3290 a
742 3265 818 3289 habet
836 3265 940 3298 quidem
961 3273 990 3290 ea
1009 3265 1095 3295 verba,
1110 3265 1156 3289 sed
1175 3265 1262 3289 omnia
1281 3265 1345 3289 miro
1365 3266 1443 3290 modo
1497 3266 1615 3291 culorum
1631 3265 1690 3291 hab.
1704 3265 1828 3290 editiones
1843 3271 1868 3290 et
1881 3265 2058 3296 FGHKNOQ,
2069 3266 2114 3290 sed
2129 3265 2299 3298 expungimus
2313 3265 2486 3294 saeculorum,
2496 3263 2558 3297 quia

388 3300 530 3324 confundit:
549 3303 575 3324 et
593 3307 630 3324 ex
647 3300 695 3325 hoc
708 3300 841 3332 probatur
859 3307 922 3333 ergo
942 3308 992 3325 non
1009 3303 1098 3332 potest
1117 3299 1211 3325 habere
1234 3300 1442 3332 magnitudinem
1498 3301 1565 3326 istud
1583 3301 1692 3326 verbum
1711 3308 1762 3326 non
1781 3301 1890 3333 pertinet
1907 3302 1939 3328 ad
1958 3301 2044 3326 locum
2063 3308 2093 3326 ex
2112 3308 2134 3325 s.
2148 3301 2239 3333 Script.
2259 3300 2404 3330 inductum.
2428 3304 2454 3325 et
2471 3299 2557 3332 potius

381 3335 489 3367 finitam
507 3334 579 3367 quod
597 3334 674 3368 (adde
692 3334 791 3369 autem)
807 3335 926 3368 primum
946 3342 1052 3361 movens
1069 3342 1170 3360 necesse
1188 3334 1223 3360 sit
1241 3335 1336 3360 habere
1350 3338 1444 3367 poten-

1498 3336 1555 3360 nddi
1575 3343 1654 3368 quam
1672 3337 1753 3361 omitti
1771 3341 1856 3369 potest
1870 3344 1915 3369 per
1934 3337 2071 3369 scriptores
2090 3335 2216 3361 codicum.

996 3438 1946 3492 »ᾑ--ἣθῇῃψ-ῄ

2586 431 2596 440 '
2616 429 2674 458 Cap.
2685 436 2736 458 vm,
2748 436 2771 453 n.
2783 437 2797 454 2

2633 463 2652 483 ,ς
2669 463 2688 478 s.
2698 456 2743 478 Th.
2757 457 2798 479 lib.
2844 463 2847 467 ·

2635 499 2642 510 ,
2657 482 2710 505 lect.
2720 489 2752 505 xx.

2585 742 2595 751 ·
2610 741 2673 764 Lect-
2681 748 2729 770 xxi,
2737 748 2790 771 sqq.

2585 1059 2595 1068 '
2609 1057 2774 1086 Lectstmn.
2794 1067 2799 1069 -
2830 1057 2845 1067 ²
