2982 4022
293 481 304 491 *
320 480 491 501 distinctionem

293 506 361 528 codd.
377 510 399 528 et
413 513 428 528 a
437 506 457 527 b.

292 954 303 964 ⁸
317 954 382 974 certo
397 958 445 973 om.
460 958 505 972 nnn

293 984 420 1000 rcmmmz.
427 990 436 994 -
443 984 504 999 num.

292 1005 385 1033 quidem
396 1004 464 1026 codd.

290 1111 301 1121 ⁸
315 1110 389 1132 Num.
411 1115 431 1131 2.

294 1535 305 1545 ⁸
331 1533 434 1560 Quorum
455 1532 507 1559 pri-

294 1566 354 1581 mum
373 1559 440 1581 codd.
457 1564 505 1579 exc.

295 1697 304 1705 ‘¹
330 1695 367 1717 vel
389 1695 425 1716 cd.
450 1700 464 1715 a
487 1698 509 1715 ct

295 1722 363 1744 codd.
385 1728 411 1743 cx
450 1727 463 1741 F
482 1727 507 1741 nz

291 1755 348 1776 pua.

295 1855 303 1864 ·
312 1853 405 1875 νεΙεά.α
412 1857 432 1875 et
439 1853 506 1875 codd.

294 1887 343 1902 cxc.
358 1886 407 1902 rnz.

297 2225 307 2235 ’⁸
321 2223 420 2245 alterum
431 2229 508 2245 uranu

533 299 583 335 74

533 365 686 413 ctabilis,
705 377 775 414 per
794 364 969 402 accidens
998 372 1126 401 autem
1155 365 1260 402 cibus
1287 365 1494 412 sanativus3
1515 378 1596 403 me-

533 418 605 455 dici
633 425 760 455 autem
791 430 810 453 e
841 429 1038 454 converso.

586 483 622 519 7.
640 471 825 517 Quartam
842 469 1068 507 divisionem
1086 471 1105 491 '¹‘
1123 469 1231 518 ponit
1249 469 1317 507 ibi:
1337 470 1509 518 Amplius
1527 483 1595 508 au-

532 530 604 560 tem
625 523 844 571 complexae
859 530 928 559 etc.
949 523 998 559 Et
1018 522 1105 559 dicit
1119 522 1224 571 quod
1244 523 1474 572 quandoque
1491 535 1596 560 corn-

292 585 504 615 ‘,comp1eximco-
531 577 640 625 plexe
655 577 675 597 ’¹‘
694 575 928 624 accipiuntur
956 587 1092 612 causae
1110 587 1180 624 per
1207 588 1247 612 se
1278 588 1365 613 eum
1387 576 1507 613 causis
1526 588 1595 624 per

293 611 365 637 dmes,
379 611 504 638 complexi-

293 643 321 659 ve
336 644 363 659 sc
378 641 399 659 ct
413 644 437 659 a.

533 629 726 674 accidens;
746 636 789 664 ut
816 628 847 665 si
866 640 944 664 non
974 627 1144 665 dicamus
1165 640 1320 665 causam
1349 636 1492 665 statuae
1520 630 1594 665 Po—

532 682 722 730 lycletum‚
744 681 808 729 qui
837 688 893 719 est
921 693 1033 718 causa
1066 693 1134 729 per
1161 681 1358 728 accidens,
1384 694 1509 730 neque
1543 682 1596 718 fa-

534 734 695 771 cientem
724 741 899 781 statuam,
920 734 984 782 qui
1004 741 1060 770 est
1089 746 1202 770 causa
1219 746 1290 782 per
1317 746 1369 781 se,
1391 734 1459 771 sed
1482 735 1595 782 Poly-

534 787 673 823 cletum
702 793 863 823 statuam
891 786 1104 823 facientem.

587 841 622 876 8.
638 838 787 876 Deinde
808 851 896 875 curn
913 839 1015 876 dicit:
1036 839 1111 875 Sed
1127 844 1252 876 tamen
1272 840 1343 876 hae
1362 851 1490 876 omnes
1510 846 1593 886 etc.,

533 892 678 929 reducit
705 891 918 940 praedictos
953 891 1092 928 modos
1121 891 1170 928 ad
1199 899 1344 928 certum
1377 903 1593 928 numerum.

533 946 582 981 Et
610 944 698 982 dicit
716 945 821 993 quod
839 944 1020 993 praedicti
1045 944 1151 981 modi
1172 951 1273 981 certo
1289 945 1308 965 ³⁸
1327 956 1489 982 numero
1510 951 1597 982 sunt

533 1010 616 1044 sex3
637 998 705 1035 sed
724 997 879 1046 quilibet
899 1009 1034 1034 eorum
1054 996 1251 1045 dupliciter
1270 997 1414 1034 dicitur.
1437 998 1511 1034 Sex
1531 1009 1595 1034 au-

532 1058 610 1087 tem
631 1051 735 1087 modi
760 1058 847 1087 sunt
874 1049 948 1087 isti:
969 1050 1156 1104 singulare
1184 1057 1221 1087 et
1243 1062 1373 1098 genus,
1399 1050 1504 1099 quod
1536 1063 1597 1087 su-

532 1105 631 1152 pra*
644 1103 733 1140 dixit
746 1103 849 1151 prius
870 1110 906 1139 et
923 1103 1127 1152 posterius;
1148 1102 1323 1140 accidens
1343 1110 1379 1139 et
1397 1115 1517 1150 genus
1537 1115 1596 1140 ac-

534 1156 708 1202 cidentis3
730 1156 889 1204 simplex
910 1163 946 1193 et
965 1156 1220 1205 complexum.
1242 1156 1292 1192 Et
1315 1156 1510 1204 quodlibet
1527 1156 1595 1192 ho-

534 1221 619 1246 rum
640 1208 818 1246 dividitur
835 1221 906 1258 per
922 1209 1132 1258 potentiam
1153 1216 1189 1245 et
1207 1215 1352 1245 actum:
1373 1216 1410 1245 et
1428 1208 1482 1246 sic
1500 1209 1597 1246 fiunt

534 1274 670 1298 omnes
698 1261 805 1298 modi
833 1261 1050 1299 duodecim.
1073 1261 1275 1309 Distinguit
1303 1269 1430 1298 autem
1460 1273 1596 1298 omnes

534 1315 672 1352 modos
699 1327 769 1363 per
795 1314 1004 1363 potentiam
1026 1321 1063 1351 et
1081 1321 1220 1362 actum,
1241 1314 1330 1363 quia
1358 1314 1463 1363 quod
1483 1321 1538 1350 est
1557 1314 1596 1351 in

533 1367 712 1416 potentia,
742 1380 821 1404 non
849 1367 1068 1416 simpliciter
1096 1374 1162 1404 est.

587 1433 623 1468 9.
645 1420 794 1457 Deinde
823 1433 911 1457 cum
940 1419 1044 1457 dicit:
1064 1420 1259 1469 Dg'fferunt
1275 1425 1399 1456 autem
1429 1426 1511 1465 etc„
1533 1418 1597 1455 de-

533 1473 709 1510 terminat
737 1473 805 1510 tria
834 1473 1103 1522 consequentia
1131 1472 1181 1509 ad
1207 1471 1439 1521 praedictam
1470 1471 1596 1508 distin—

535 1526 701 1563 ctionem
726 1526 945 1563 modorum.
975 1546 999 1553 —
1028 1525 1201 1562 Primum
1229 1525 1248 1545 *
1277 1532 1343 1571 est,
1370 1524 1476 1572 quod
1503 1524 1598 1560 inter

536 1592 667 1616 causas
695 1579 732 1616 in
761 1586 846 1615 actu
875 1586 912 1615 et
940 1590 1071 1614 causas
1099 1578 1139 1614 in
1165 1577 1333 1625 potentia
1361 1583 1418 1613 est
1441 1577 1510 1613 ista
1530 1576 1597 1613 dif-

535 1632 709 1679 ferentia,
741 1631 844 1680 quod
878 1643 1013 1667 causae
1051 1637 1251 1679 operantes
1287 1629 1326 1666 in
1363 1637 1448 1666 actu
1485 1629 1597 1666 simul

536 1694 622 1722 sunt
651 1693 686 1721 et
704 1685 724 1705 Ψ·
752 1697 830 1721 non
859 1691 946 1720 sunt
975 1696 1062 1720 cum
1088 1683 1140 1720 eis
1159 1695 1324 1732 quorum
1354 1694 1490 1719 causae
1510 1690 1598 1719 sunt

536 1738 574 1775 in
602 1746 704 1784 actu;
731 1738 780 1774 ita
808 1745 937 1774 tamen
966 1736 1070 1785 quod
1099 1736 1329 1784 accipiantur
1357 1747 1494 1772 causae
1523 1735 1596 1772 sin-

535 1792 694 1839 gulares,
715 1790 811 1827 idest
838 1789 1035 1838 propriae;
1060 1789 1155 1826 sicut
1182 1788 1243 1825 hic
1262 1788 1457 1825 medicans
1485 1788 1597 1825 simul

536 1852 591 1882 est
619 1845 688 1880 et*
708 1856 786 1880 non
810 1851 865 1880 est
890 1855 977 1879 cum
1005 1843 1080 1879 hoc
1100 1841 1164 1891 qui
1183 1842 1226 1878 fit
1254 1853 1380 1889 sanus,
1401 1848 1438 1878 et
1455 1841 1517 1878 hic
1536 1853 1597 1878 ae-

536 1898 693 1935 dificans
722 1909 810 1933 cum
838 1896 913 1932 hoc
941 1895 1045 1945 quod
1074 1895 1305 1932 aedificatur.
1327 1894 1367 1931 Si
1395 1906 1488 1931 vero
1517 1906 1596 1942 non

535 1950 794 1999 acciperentur
829 1961 964 1986 causae
1001 1948 1196 1997 propriae,
1220 1947 1306 1984 licet
1338 1947 1598 1995 acciperentur

535 2004 573 2040 in
601 2011 698 2049 actu,
720 2015 797 2039 non
818 2010 915 2038 esset
934 2014 1070 2038 verum
1091 2001 1196 2050 quod
1216 2000 1360 2037 dicitur.
1381 2001 1473 2037 Non
1495 1999 1595 2037 enirn

536 2056 740 2094 aedificans
770 2062 825 2092 est
862 2062 898 2091 et
926 2067 1003 2091 non
1033 2062 1088 2091 est
1124 2053 1235 2091 simul
1265 2065 1353 2090 cum
1381 2053 1456 2090 hoc
1493 2053 1597 2102 quod

536 2109 775 2146 aedificatur:
805 2115 929 2157 potest
957 2107 1059 2144 enim
1080 2119 1162 2144 esse
1191 2106 1295 2155 quod
1319 2114 1375 2143 est
1393 2105 1598 2143 aedificans

535 2163 574 2199 in
595 2169 691 2209 actu,
712 2161 779 2198 sed
793 2169 923 2198 tamen
937 2162 1011 2208 hoc
1032 2160 1248 2198 aedificium
1267 2171 1346 2196 non
1366 2158 1597 2207 aedificatur,

537 2215 604 2252 sed
632 2215 733 2252 aliud
749 2216 779 2251 ³².
812 2214 888 2251 Sed
916 2214 946 2250 si
975 2213 1206 2262 accipiamus
1230 2212 1497 2250 aedificantem
1524 2213 1600 2248 hoc

1174 287 1521 324 PHYSICORUM
1546 287 1896 325 ARISTOTELIS
1926 288 2020 324 LIB.
2051 289 2083 324 II

1653 373 1688 402 et
1715 367 1873 403 alterum
1895 367 1932 413 Ψ,
1963 373 1998 402 et
2026 373 2173 403 remoto
2208 378 2287 403 uno
2325 375 2568 406 removeatur
2597 375 2633 406 et
2660 370 2711 406 al·

1651 425 1786 456 terum.
1809 419 1895 456 Hoc
1923 426 2051 456 autem
2084 431 2163 456 non
2191 419 2326 456 accidit
2343 432 2495 469 semper
2521 421 2560 458 in
2589 421 2710 459 causis

1652 483 1749 520 quae
1778 479 1864 508 sunt
1883 472 1921 508 in
1939 471 2124 520 potentia:
2152 483 2229 508 non
2250 471 2352 508 enim
2371 473 2482 510 simul
2496 474 2710 523 corrumpi-

1651 530 1711 560 tur
1739 523 1878 561 domus
1898 532 1933 560 et
1952 525 2071 561 homo
2088 525 2108 545 *
2129 523 2193 572 qui
2212 524 2427 562 aedificavit
2445 525 2579 574 ipsam.

1704 577 1815 614 Unde
1834 577 1994 614 habetur
2009 577 2113 625 quod
2128 577 2223 614 sicut
2243 577 2392 624 agentia
2410 577 2598 626 inferiora,
2614 591 2712 627 quae

1651 635 1738 666 sunt
1756 642 1870 666 causa
1890 641 2017 667 rerum
2037 637 2223 679 quantum
2249 629 2296 667 ad
2316 642 2430 667 suum
2449 630 2543 678 fieri,
2564 639 2713 679 oportet

1650 681 1762 718 simul
1790 694 1872 719 esse
1902 695 1990 719 cum
2009 682 2052 719 iis
2077 694 2173 730 quae
2193 683 2290 727 fiunt
2309 682 2328 703 *⁸
2348 682 2517 731 quandiu
2535 683 2644 730 fiunt;
2663 683 2714 722 ita

1651 745 1766 781 agens
1785 734 1970 782 divinum,
1992 735 2097 783 quod
2116 742 2171 772 est
2200 747 2313 772 causa
2339 735 2523 772 existendi
2547 735 2587 772 in
2614 743 2712 784 actu,

1651 786 1765 823 simul
1794 794 1850 824 est
1877 799 1965 824 cum
1999 800 2079 824 esse
2109 787 2162 824 rei
2190 787 2229 824 in
2257 795 2354 825 actu.
2385 789 2495 826 Unde
2524 789 2715 826 subtracta

1652 839 1780 876 divina
1799 839 1947 877 actione
1966 852 1988 877 a
2008 841 2132 887 rebus,
2153 852 2213 877 res
2239 840 2278 877 in
2298 840 2457 878 nihilum
2482 840 2711 889 deciderent,

1651 892 1746 929 sicut
1774 899 1931 929 remota,
1947 892 2160 941 praesentia
2188 893 2277 930 solis
2304 894 2435 931 lumen
2464 893 2503 930 in
2530 905 2620 930 aere
2648 894 2712 931 de-

1651 945 1791 982 ficeret.

1711 1010 1767 1035 10.
1799 997 2019 1035 Secundum
2053 998 2160 1046 ponit
2186 997 2254 1035 ibi:
2288 998 2440 1046 Oportet
2464 1004 2589 1036 autem
2616 1011 2711 1037 sem-

1645 1062 1718 1099 per
1738 1057 1827 1096 etc.;
1858 1050 1986 1088 dicens
2006 1050 2111 1099 quod
2134 1051 2173 1088 in
2192 1051 2424 1088 naturalibus
2444 1059 2594 1100 oportet
2613 1064 2713 1089 sem—

1650 1115 1720 1152 per
1735 1104 1755 1125 *
1773 1115 1994 1151 supremam
2019 1115 2173 1140 causam
2192 1103 2488 1152 uniuscuiusque
2507 1104 2711 1153 requirere,

1652 1157 1748 1194 sicut
1780 1155 1959 1203 contingit
1986 1156 2025 1192 in
2053 1155 2318 1192 artificialibus.
2348 1156 2398 1193 Ut
2425 1156 2456 1193 si
2484 1169 2713 1205 quaeramus

1651 1221 1768 1258 quare
1796 1209 1916 1245 horno
1945 1208 2138 1255 aedificat,
2169 1208 2434 1256 respondetur,
2460 1208 2550 1257 quia
2578 1217 2634 1246 est
2651 1222 2712 1247 ae-

1653 1262 1845 1308 dificator3
1875 1267 1911 1297 et
1948 1260 2114 1297 similiter
2142 1260 2171 1296 si
2192 1272 2420 1308 quaeramus
2440 1273 2556 1310 quare
2578 1269 2633 1300 est
2650 1274 2712 1300 ae-

1652 1314 1836 1360 dificator,
1857 1312 2119 1362 respondetur,
2140 1312 2228 1362 quia
2254 1313 2370 1350 habet
2385 1321 2504 1351 artem
2536 1314 2712 1352 aedifica-

1651 1367 1786 1404 tivam:
1817 1373 1853 1402 et
1879 1365 1941 1402 hic
1969 1372 2096 1412 statur,
2126 1365 2214 1413 quia
2241 1366 2336 1402 haec
2366 1373 2421 1407 est
2446 1366 2570 1415 prima
2598 1380 2714 1405 causa

1652 1419 1690 1456 in
1717 1420 1792 1455 hoc
1820 1417 1964 1455 ordine.
1992 1418 2041 1454 Et
2068 1417 2155 1455 ideo
2174 1418 2195 1438 ”³
2223 1425 2373 1466 oportet
2400 1418 2439 1455 in
2466 1419 2579 1456 rebus
2606 1427 2714 1458 natu-
2743 1432 2752 1441 ·

1652 1471 1791 1508 ralibus
1818 1470 2026 1519 procedere
2062 1482 2184 1519 usque
2219 1471 2267 1508 ad
2296 1483 2451 1509 causam
2479 1483 2712 1520 supremam.
2755 1473 2761 1480 '

1651 1525 1700 1561 Et
1717 1525 1793 1560 hoc
1812 1523 1899 1560 ideo
1920 1530 1986 1571 est,
2006 1523 2096 1572 quia
2121 1522 2277 1560 effectus
2305 1523 2469 1561 nescitur
2486 1523 2558 1561 nisi
2577 1524 2715 1563 sciatur

1653 1589 1767 1614 causa
1782 1577 1818 1624 *;
1838 1576 1942 1613 unde
1962 1576 1992 1613 si
2007 1571 2163 1613 alicuius
2178 1575 2334 1613 effectus
2351 1589 2465 1614 causa
2483 1577 2529 1614 sit
2548 1577 2662 1615 etiarn
2671 1577 2713 1599 *²
2740 1589 2751 1600 ·

1652 1629 1801 1667 alterius
1839 1641 1975 1666 causae
2013 1628 2170 1666 effectus
2185 1657 2194 1675 ,
2237 1628 2322 1666 sciri
2358 1641 2437 1666 non
2469 1629 2607 1678 poterit
2642 1630 2714 1670 nisi

1652 1695 1766 1720 causa
1794 1682 1874 1719 eius
1899 1681 2069 1728 .sciatur;
2099 1689 2135 1718 et
2163 1681 2216 1718 sic
2243 1694 2443 1731 quousque
2470 1683 2713 1731 perveniatur

1651 1736 1699 1773 ad
1726 1735 1891 1784 primam
1921 1747 2087 1772 causam.

1711 1801 1723 1825 1
1737 1801 1766 1825 1.
1784 1787 1957 1824 Tertium
1971 1787 2078 1836 ponit
2092 1786 2159 1824 ibi:
2179 1786 2352 1835 Amplius
2376 1792 2501 1824 autem
2524 1787 2623 1826 aliae
2642 1794 2711 1826 etc.

1651 1842 1700 1878 Et
1728 1849 1794 1888 est,
1827 1840 1932 1889 quod
1969 1840 2091 1878 causis
2118 1840 2259 1877 debent
2292 1840 2624 1888 proportionaliter
2657 1852 2713 1879 re-

1651 1894 1839 1943 spondere
1869 1893 2046 1941 effectus,
2074 1892 2125 1930 ita
2144 1893 2164 1912 ⁴⁸
2192 1893 2297 1940 quod
2325 1893 2560 1941 generalibus
2589 1893 2713 1932 causis

1651 1947 1845 1995 generales
1866 1946 2022 1983 effectus
2037 1945 2253 1993 reddantur,
2270 1953 2306 1982 et
2320 1945 2571 1994 singularibus
2587 1946 2712 1994 singu-

1651 2001 1763 2046 lares3
1791 2006 1894 2048 puta,
1915 1999 1945 2035 si
1966 1999 2110 2036 dicatur
2127 1998 2233 2048 quod
2252 2006 2395 2036 statuae
2425 2011 2539 2036 causa
2566 2006 2622 2036 est
2640 2006 2712 2036 sta-

1651 2061 1756 2090 tuam
1775 2052 1927 2099 faciens,
1949 2059 1985 2088 et
2002 2051 2115 2090 huius
2134 2059 2278 2088 statuae
2297 2051 2358 2088 hic
2377 2059 2539 2089 statuam
2559 2051 2710 2090 faciens.

1652 2107 1700 2143 Et
1719 2105 1886 2142 similiter
1905 2104 2026 2142 causis
2041 2104 2080 2142 in
2094 2104 2262 2153 potentia
2276 2105 2506 2153 respondent
2521 2106 2540 2127 *²
2557 2103 2713 2143 effectus
2738 2113 2750 2125 ⁶

1653 2159 1690 2196 in
1719 2158 1902 2207 potentia,
1933 2165 1968 2194 et
1997 2157 2119 2195 causis
2138 2157 2177 2194 in
2205 2164 2290 2194 actu
2319 2157 2475 2195 effectus
2503 2157 2542 2196 in
2570 2165 2668 2196 actu.

1707 2212 1756 2248 Et
1782 2211 1916 2248 ultimo
1946 2210 2170 2259 epilogando
2191 2209 2380 2254 concludit
2403 2210 2507 2259 quod
2526 2210 2714 2248 sufficien-

538 2268 765 2315 aedificium,
788 2274 823 2304 et
842 2268 917 2304 hoc
944 2266 1161 2304 aedificium
1182 2266 1394 2303 secundum
1420 2265 1525 2314 quod
1545 2271 1600 2301 est
1653 2272 1708 2301 ter
1736 2263 2027 2301 determinatum
2047 2271 2103 2300 est
2122 2263 2169 2300 de
2191 2263 2390 2312 speciebus
2419 2271 2456 2300 et
2482 2263 2608 2300 modis
2627 2275 2713 2302 cau-

537 2321 576 2358 in
595 2320 796 2369 aedificari,
818 2333 972 2357 necesse
993 2328 1048 2357 est
1068 2319 1170 2369 quod
1194 2319 1319 2368 posito
1338 2331 1416 2355 uno
1436 2325 1600 2367 ponatur
1654 2329 1794 2355 sarum.

2741 375 2751 384 ·
2774 373 2842 396 alind
2862 381 2954 403 nunu,

2741 400 2854 428 reliquum
2867 407 2904 423 ια.

2739 534 2750 546 “
2764 535 2836 582 ιζιοηιο
2850 542 2897 559 om.
2912 543 2940 559 rr

2741 692 2752 704 ⁸
2767 694 2822 714 sunt
2833 693 2900 715 rzab.

2739 1117 2751 1127 ⁴
2765 1122 2856 1144 semper
2865 1122 2913 1139 om.
2920 1122 2952 1139 οι
