2898 3996
173 426 221 447 'in
235 431 255 446 P.

170 531 179 539 '
194 529 249 556 quia
261 533 377 552 AsuthQs

167 560 237 576 rna.

171 1104 180 1112 ⁶
197 1101 302 1123 similiter
316 1101 350 1122 pb.

168 1256 177 1264 ·
192 1256 266 1275 motus
276 1260 322 1275 om.
337 1259 375 1274 co-

167 1281 230 1302 dices
244 1286 293 1301 exc.
308 1286 346 1300 no.

167 1568 177 1576 ‘
192 1566 261 1587 Num.
272 1572 291 1587 2.

170 1994 179 2002 ⁸
189 1991 380 2018 ef.1ect.seq.n.2.

172 2098 181 2105 ·’
196 2095 292 2121 Lect.1t,
302 2101 324 2116 n.
333 2095 354 2116 8.

172 2153 181 2161 '
197 2150 276 2178 aliqua
288 2156 334 2171 om.
345 2150 379 2171 pb.

173 2669 182 2677 ²
198 2667 266 2689 Num.
276 2673 296 2695 3.

174 2881 183 2889 '
196 2882 278 2907 postea
291 2886 382 2902 norom«

174 2911 225 2927 naz.

408 287 481 333 378

404 363 619 410 probatum.
651 359 727 396 Sed
755 358 843 407 quia
870 363 1001 405 posset
1034 355 1165 403 aliquis
1204 353 1327 390 dicere
1357 352 1460 401 quod

407 414 518 450 etiam
538 420 663 449 motus
690 411 752 459 qui
779 417 832 446 est
852 410 945 445 inter
974 410 993 428 ’ἒ
1014 406 1209 452 contraria,
1229 411 1353 454 potest
1378 416 1459 441 esse

405 477 554 513 semper
576 477 673 501 unus
693 474 852 500 numero
872 468 1027 509 propter
1045 458 1277 496 identitatem
1297 456 1458 503 mobilis,

405 519 507 566 quod
529 517 694 553 *iterato
724 516 770 552 de
791 513 976 550 contrario
1003 512 1041 548 in
1069 510 1298 547 contrarium
1327 521 1459 545 move-

404 578 482 615 tur3
510 570 602 605 sicut
627 568 656 604 si
674 567 775 616 prius
805 566 1031 602 movebatur
1050 563 1097 600 de
1126 563 1212 599 albo
1232 562 1270 598 in
1298 561 1458 608 nigrum,

403 630 534 671 postea
562 627 763 657 moveatur
781 618 828 655 de
857 617 962 664 nigro
991 617 1030 652 in
1050 615 1191 661 album,
1219 621 1253 650 et
1281 614 1334 650 sic
1362 625 1460 649 sem-

403 686 487 722 per:
517 673 602 710 ideo
631 670 818 718 subiungit
838 669 941 718 quod
968 680 1047 705 non
1076 670 1131 704 est
1157 666 1335 716 possibile
1356 664 1460 713 quod

404 737 554 774 semper
581 731 706 760 motus
732 723 795 771 qui
825 729 879 758 est
905 721 1018 757 unius
1047 727 1083 756 et
1102 719 1271 756 eiusdem
1296 716 1457 763 mobilis,

403 790 471 826 per
499 776 773 813 reiterationem
802 774 846 811 sit
873 786 971 810 unus
997 780 1032 809 et
1060 772 1172 808 idem.
1200 771 1248 807 Et
1275 771 1349 806 hoc
1379 781 1459 805 ma-

404 830 550 866 nifestat
562 841 631 877 per
646 827 874 875 exemplum.
895 827 1064 862 Ponatur
1079 823 1179 860 enim
1199 822 1303 871 quod
1319 821 1460 858 chorda

405 882 564 918 citharae
589 880 752 917 similiter
780 878 1005 923 se*habeat;
1036 883 1071 912 et
1099 887 1262 912 movens
1290 874 1354 924 qui
1376 885 1460 922 per-

405 933 494 970 cutit
522 933 720 979 chordam,
751 931 916 968 similiter
943 941 982 966 se
1011 929 1149 965 habeat
1176 927 1214 964 in
1242 926 1458 963 movendo:

402 993 526 1034 potest
554 998 634 1021 esse
672 983 874 1030 dubitatio,
902 979 1026 1019 utrum
1066 980 1175 1016 unius
1205 979 1369 1016 chordae
1403 978 1459 1015 bis

402 1050 602 1086 percussae
632 1037 674 1073 sit
702 1049 799 1072 unus
829 1043 864 1072 et
892 1035 994 1071 idem
1023 1040 1149 1069 motus
1179 1040 1214 1068 et
1241 1044 1369 1078 sonus,
1397 1038 1460 1067 aut

404 1102 556 1138 semper
585 1090 604 1110 *
631 1089 724 1125 alius
754 1096 788 1124 et
817 1088 920 1124 alius.
943 1086 1019 1123 Sed
1047 1093 1175 1122 tamen
1204 1083 1388 1133 quidquid
1416 1083 1461 1119 sit

405 1143 450 1179 de
478 1142 557 1178 aliis
576 1140 791 1187 mobilibus,
813 1140 903 1176 nihil
927 1147 1056 1176 tamen
1084 1137 1259 1186 prohibet
1287 1136 1378 1184 quin
1397 1135 1459 1172 ali-

404 1194 485 1243 quis
514 1201 639 1230 motus
667 1193 730 1241 qui
759 1205 837 1229 non
859 1199 913 1228 est
939 1192 1034 1227 inter
1053 1190 1248 1237 contraria,
1270 1189 1364 1226 sicut
1392 1188 1459 1224 cir-

404 1246 534 1283 cularis
549 1253 675 1282 motus
692 1247 722 1291 ²²,
740 1245 842 1282 idem
863 1255 1015 1292 semper
1034 1250 1184 1279 maneat
1205 1242 1404 1278 continuus
1425 1248 1460 1276 et

402 1306 625 1347 perpetuus:
655 1297 759 1345 quod
788 1296 908 1344 magis
937 1308 982 1332 ex
1011 1295 1254 1343 sequentibus
1284 1294 1353 1330 erit
1381 1305 1460 1329 ma-

403 1351 589 1388 nifestum.
610 1350 714 1387 Licet
742 1362 830 1397 ergo
860 1348 985 1385 omnis
1018 1355 1144 1384 motus
1176 1347 1222 1384 sit
1248 1346 1376 1383 finitus
1404 1357 1461 1382 se-

404 1403 571 1440 cundum
600 1402 801 1448 terminos,
831 1409 959 1438 tamen
987 1412 1056 1449 per
1090 1399 1369 1436 reiterationem
1398 1397 1461 1434 ali-

404 1456 488 1503 quis
516 1463 642 1492 motus
669 1462 792 1503 potest
822 1466 902 1490 esse
932 1453 1131 1491 continuus
1161 1460 1196 1488 et
1223 1458 1440 1500 perpetuus.

461 1509 493 1544 5.
514 1508 660 1544 Deinde
690 1519 777 1543 cum
806 1506 907 1543 dicit:
937 1505 1092 1543 Moveri
1115 1510 1239 1541 autem
1268 1504 1369 1552 quod
1386 1515 1460 1539 non

403 1566 572 1596 movetur
591 1569 672 1607 etc.,
694 1559 802 1596 solvit
820 1558 1028 1595 secundam
1057 1557 1241 1594 rationem
1255 1557 1285 1593 *.
1307 1557 1355 1592 Et
1374 1555 1463 1593 dicit

405 1613 507 1660 quod
540 1613 683 1649 nullum
720 1611 991 1648 inconveniens
1029 1617 1084 1646 est
1121 1610 1150 1646 si
1177 1609 1316 1656 aliquid
1344 1608 1461 1644 inani-

404 1672 550 1701 matum
577 1665 727 1713 incipiat
755 1663 903 1700 moveri
932 1675 1019 1699 cum
1046 1662 1150 1710 prius
1179 1674 1257 1698 non
1286 1673 1461 1698 movere-

404 1725 483 1763 tur,
514 1717 542 1753 si
570 1718 643 1754 hoc
671 1716 813 1753 accidat
844 1723 998 1764 propter
1032 1716 1126 1762 hoc,
1158 1714 1262 1762 quod
1299 1725 1461 1750 movens

406 1769 632 1806 extrinsecus
652 1769 853 1817 aliquando
871 1768 915 1804 sit
934 1779 1125 1816 praesens,
1146 1766 1349 1814 aliquando
1369 1777 1459 1801 non.

406 1822 649 1858 Manifestum
683 1821 784 1858 enirn
814 1828 869 1856 est
896 1820 1001 1868 quod
1037 1826 1187 1867 oportet
1212 1817 1461 1866 praeexistere

406 1882 553 1910 motum
591 1887 635 1910 ex
671 1881 774 1922 parte
812 1872 1021 1918 moventis,
1051 1871 1157 1919 quod
1190 1869 1391 1918 aliquando
1420 1869 1463 1905 fit

405 1938 524 1975 prope
545 1939 632 1963 cum
652 1927 752 1974 prius
772 1937 850 1962 non
870 1932 977 1961 esset.
1000 1923 1077 1960 Sed
1095 1923 1194 1960 istud
1212 1922 1360 1959 videtur
1380 1934 1462 1958 esse

407 1979 672 2026 inquirendum
692 1977 800 2027 quasi
828 1977 985 2014 dubium
1001 1977 1032 2022 ³²,
1054 1976 1189 2012 scilicet
1216 1975 1256 2021 si,
1287 1974 1463 2011 existente

408 2038 600 2076 movente,
620 2031 722 2067 idem
750 2030 797 2066 ab
828 2029 967 2066 eodem
992 2028 1220 2076 quandoque
1250 2034 1460 2073 moveatur,

410 2090 445 2119 et
471 2083 702 2131 quandoque
730 2094 823 2118 non:
851 2083 926 2118 hoc
955 2081 1055 2117 enim
1086 2091 1199 2128 supra
1225 2079 1244 2099 *
1274 2079 1360 2116 dixit
1386 2091 1465 2116 non

407 2147 520 2184 posse
549 2135 736 2181 accidere,
766 2134 833 2170 nisi
860 2133 1109 2182 praecedente
1144 2131 1268 2179 aliqua
1297 2133 1316 2151 *
1345 2139 1464 2167 muta-

408 2188 519 2234 tione,
549 2188 610 2224 vel
631 2199 674 2223 ex
693 2194 796 2235 parte
817 2186 964 2222 mobilis
982 2186 1044 2222 vel
1074 2197 1118 2221 ex
1135 2192 1241 2232 parte
1260 2184 1464 2220 moventis:

410 2247 446 2276 et
474 2240 525 2276 sic
552 2252 702 2287 semper
720 2238 931 2287 praeexistit
962 2245 1109 2283 motus,
1136 2237 1214 2272 sive
1242 2236 1466 2284 praeexistat

409 2304 581 2338 movens,
603 2292 682 2328 sive
711 2303 799 2327 non.
822 2291 911 2327 Ideo
933 2297 1057 2326 autem
1083 2290 1156 2325 hoc
1183 2289 1332 2325 videtur
1351 2300 1464 2336 quae-

409 2345 586 2390 rendum,
616 2343 702 2392 quia
730 2343 788 2379 ille
817 2343 879 2391 qui
906 2343 1004 2378 hanc
1032 2341 1216 2378 rationem
1243 2341 1396 2388 induxit,
1418 2340 1464 2377 de

409 2397 510 2433 nullo
539 2397 611 2433 alio
639 2395 787 2432 videtur
825 2395 1012 2441 dubitare,
1041 2406 1156 2442 quarn
1185 2401 1338 2442 propter
1374 2393 1465 2442 quid

409 2448 634 2497 quiescentia
653 2460 731 2484 non
754 2459 905 2496 semper
927 2446 1135 2494 quiescunt,
1158 2453 1192 2482 et
1211 2446 1367 2483 mobilia
1386 2458 1464 2482 non

408 2513 558 2549 semper
586 2507 798 2537 moventur.

462 2554 496 2590 6.
518 2553 663 2590 Deinde
684 2565 770 2589 cum
800 2551 902 2588 dicit:
931 2551 1108 2587 Maxime
1135 2556 1259 2587 autem
1289 2558 1370 2596 etc.,
1391 2550 1464 2586 sol-

407 2605 461 2642 vit
475 2605 620 2642 tertiam
641 2605 824 2642 rationem
840 2605 870 2640 ²¹⁶.
887 2605 936 2640 Et
955 2604 1042 2640 dicit
1057 2603 1162 2651 quod
1181 2603 1217 2640 id
1237 2604 1342 2651 quod
1356 2602 1462 2639 tertio

409 2657 598 2694 obiectum
628 2665 693 2704 est,
714 2657 879 2694 maxime
907 2656 993 2692 facit
1017 2655 1187 2692 dubitare
1215 2656 1319 2703 quod
1346 2655 1464 2703 possit

410 2723 490 2746 esse
519 2718 644 2747 motus
683 2722 769 2746 cum
798 2710 900 2758 prius
929 2721 1006 2745 non
1035 2708 1163 2754 fuerit,
1193 2707 1286 2744 sicut
1312 2708 1463 2744 videtur

410 2763 576 2799 accidere
614 2763 650 2799 in
688 2763 800 2799 rebus
829 2761 1012 2798 animatis.
1038 2761 1195 2797 Videtur
1224 2760 1323 2796 enim
1357 2760 1463 2808 quod

410 2815 546 2851 animal
566 2815 669 2863 quod
694 2815 796 2863 prius
824 2814 1052 2862 quiescebat,
1073 2813 1321 2861 postmodum
1341 2814 1360 2833 ³²
1379 2825 1462 2848 mo-

409 2875 542 2903 veatur
560 2867 776 2916 processivo
806 2874 925 2914 motu,
946 2867 1047 2902 nullo
1069 2873 1176 2902 motu
1206 2865 1302 2902 facto
1332 2866 1379 2901 ab
1401 2877 1462 2901 ex-

409 2920 554 2956 teriori:
580 2927 615 2956 et
643 2919 692 2956 sic
719 2919 868 2956 videtur
887 2919 991 2968 quod
1011 2919 1115 2955 illurn
1144 2925 1292 2954 motum
1321 2918 1462 2954 anima—

410 2972 452 3007 lis
482 2984 559 3008 non
577 2972 827 3020 praecedebat
847 2971 975 3019 aliquis
1004 2978 1142 3017 motus,
1167 2983 1290 3019 neque
1318 2970 1355 3007 in
1379 2970 1461 3019 ipso

411 3024 559 3060 animali
589 3036 710 3072 neque
738 3024 775 3060 in
804 3024 896 3070 alio,
922 3024 1015 3060 sicut
1043 3023 1080 3060 in
1110 3023 1221 3059 rebus
1250 3023 1463 3060 inanimatis

412 3075 614 3113 dicebatur.
637 3077 711 3113 Sed
727 3077 800 3113 hoc
816 3084 870 3113 est
890 3077 1035 3122 falsum,
1057 3076 1194 3112 scilicet
1213 3075 1317 3123 quod
1337 3083 1463 3112 motus

411 3128 581 3165 animalis
609 3141 687 3165 non
715 3129 779 3165 fiat
814 3129 860 3165 ab
895 3129 1019 3176 aliquo
1058 3128 1239 3165 exteriori.
1278 3128 1462 3165 Videmus

413 3180 512 3217 enirn
550 3193 700 3230 semper
736 3181 775 3218 in
808 3181 1031 3218 animalibus
1072 3180 1212 3229 aliquid
1250 3181 1464 3218 naturaliter

464 3308 488 3340 ὅ)
509 3310 543 3334 Et
561 3310 622 3342 quia
641 3310 696 3335 hoc.
711 3324 728 3329 -
743 3310 776 3334 lta
796 3311 891 3341 BRsL;
912 3311 966 3335 Sed
984 3311 1046 3343 quia
1065 3311 1114 3336 hoc
1132 3311 1166 3341 D;
1187 3311 1223 3335 Et
1241 3311 1289 3336 hoc
1308 3311 1360 3335 Pal>
1380 3316 1404 3336 et
1417 3317 1464 3336 cet.

413 3345 597 3369 eodm-Paulo
612 3350 670 3376 post
684 3353 730 3377 pro
745 3345 802 3369 ideo
813 3346 955 3378 subiungit,
964 3349 990 3370 et
1001 3346 1059 3370 ideo
1072 3346 1207 3378 subiungit
1221 3346 1273 3370 Pala
1287 3351 1312 3370 et
1325 3346 1398 3370 codd.
1412 3354 1464 3371 exc.

413 3378 643 3403 BDGHNORZsL.
654 3381 798 3404 Secundum
815 3381 948 3405 lectionem
964 3382 1109 3413 adoptatam
1125 3381 1207 3405 forma
1222 3381 1342 3413 loquendi
1358 3386 1396 3405 est
1410 3389 1464 3406 rna-

413 3413 454 3444 gis
474 3414 601 3443 naturalis,
621 3420 645 3439 et
665 3415 744 3446 magis
764 3415 901 3440 conformis
916 3416 978 3466 etilo
998 3424 1018 3440 s.
1033 3416 1159 3440 Thomne.

1011 275 1353 315 PHYSICORUM
1379 273 1727 311 ARISTOTELIS
1757 275 1850 310 LIB.
1880 274 1966 310 VIII

1515 359 1684 398 motum,
1719 351 1823 399 quod
1851 350 1989 387 scilicet
2016 362 2094 387 non
2125 357 2302 388 movetur
2332 363 2402 400 per
2437 352 2575 389 volun-

1514 411 1641 440 tatem.
1668 404 1716 440 Et
1738 403 1850 439 huius
1874 403 1978 450 quod
2007 410 2183 439 movetur
2206 403 2431 452 naturaliter,
2461 416 2575 442 causa

1514 468 1593 492 non
1622 463 1677 492 est
1703 455 1829 504 ipsum
1858 454 1997 491 animal
2024 467 2092 503 per
2120 467 2232 492 suum
2261 455 2485 504 appetitum:
2507 457 2575 494 sed

1514 508 1668 545 forsitan
1697 520 1809 544 causa
1828 507 1939 544 huius
1969 507 2144 544 naturalis
2164 507 2382 544 mutationis
2406 515 2461 545 est
2488 521 2575 546 con-

1514 561 1642 606 tinens,
1663 560 1759 597 idest
1787 572 1861 607 aer,
1883 566 1920 595 et
1936 560 2089 595 ulterius
2110 571 2247 608 corpus
2276 561 2452 606 caeleste;
2481 561 2576 598 sicut

1514 613 1711 650 manifeste
1740 619 1895 661 apparet
1924 624 2011 648 cum
2040 612 2216 648 alteratur
2237 624 2374 660 corpus
2402 612 2575 651 animalis

1513 677 1583 713 per
1611 666 1776 702 calorem
1803 665 1866 701 vel
1893 665 1912 685 *
1940 664 2054 711 frigus
2083 664 2189 701 aeris.
2211 665 2260 700 Et
2287 664 2375 701 dicit
2390 665 2572 713 forsitan,

1515 717 1603 765 quia
1622 717 1660 753 in
1679 717 1831 754 animali
1856 716 1969 753 etiam
1990 716 2130 765 aliquid
2158 717 2374 753 naturaliter
2398 724 2575 755 movetur

1514 770 1562 806 ab
1581 768 1747 806 interiori
1774 768 1971 817 principio,
1992 769 2086 806 sicut
2113 776 2215 817 patet
2237 769 2276 805 in
2304 769 2576 807 mutationibus

1514 833 1612 868 quae
1632 829 1718 857 sunt
1736 821 1775 857 in
1794 821 1922 857 anima
1939 821 2151 869 vegetabifi,
2171 829 2213 858 ut
2231 830 2388 870 apparet
2415 822 2454 859 in
2474 822 2575 870 dige-

1514 873 1634 910 stione
1664 872 1747 920 cibi,
1778 880 1814 909 et
1841 873 1880 909 in
1907 874 2150 922 sequentibus
2174 874 2573 922 transmutationibus3

1514 938 1612 974 quae
1642 925 1816 962 dicuntur
1834 926 2034 972 naturales,
2055 925 2143 974 quia
2167 938 2246 963 non
2273 934 2483 976 sequuntur
2510 939 2575 976 ap-

1513 977 1808 1026 prehensionem
1839 985 1874 1014 et
1901 978 2120 1026 appetitum.
2152 979 2201 1015 Et
2228 979 2317 1026 quia
2339 980 2414 1017 hoc
2434 978 2447 1002 δ
2470 980 2576 1017 vide-

1514 1038 1573 1067 tur
1603 1042 1683 1067 esse
1704 1037 1833 1067 contra
1848 1029 1886 1067 id
1901 1030 2006 1077 quod
2027 1038 2082 1066 est
2095 1030 2291 1078 proprium
2307 1032 2490 1079 animalis,
2507 1032 2576 1069 sci-

1514 1083 1598 1120 licet
1612 1083 1717 1131 quod
1736 1089 1892 1119 moveat
1920 1082 2105 1130 seipsum3
2126 1082 2212 1118 ideo
2241 1083 2446 1131 subiungit,
2471 1085 2578 1133 quod

1516 1148 1603 1172 cum
1623 1135 1784 1172 dicimus
1808 1134 1947 1171 animal
1966 1146 2124 1171 movere
2144 1134 2324 1183 seipsum,
2345 1148 2424 1173 non
2446 1135 2577 1173 intelli-

1515 1189 1638 1236 gimus
1666 1188 1740 1224 hoc
1769 1187 1815 1224 de
1835 1186 2004 1235 quolibet
2031 1194 2151 1233 motu,
2171 1187 2239 1224 sed
2260 1187 2306 1224 de
2326 1195 2435 1226 motu
2454 1189 2576 1237 locali,

1515 1240 1727 1278 secundum
1748 1251 1865 1287 quem
1884 1239 2023 1276 animal
2046 1240 2064 1260 ’¹‘
2085 1246 2217 1276 movet
2239 1239 2406 1289 seipsum
2425 1253 2494 1290 per
2511 1253 2576 1290 ap-

1514 1292 1810 1342 prehensionem
1840 1299 1875 1328 et
1902 1291 2123 1340 appetitum.
2146 1291 2208 1328 Sic
2235 1292 2345 1340 igitur
2372 1293 2462 1330 nihil
2489 1306 2577 1342 pro-

1515 1346 1629 1392 hibet,
1651 1345 1771 1382 immo
1788 1344 2043 1381 necessarium
2060 1352 2125 1391 est,
2143 1345 2247 1393 quod
2261 1345 2301 1382 in
2321 1357 2479 1394 corpore
2499 1346 2577 1384 ani-

1515 1398 1624 1435 malis
1652 1398 1746 1434 fiant
1773 1398 1912 1433 multae
1941 1398 2271 1434 transmutationes
2295 1410 2318 1434 a
2344 1398 2576 1447 continente,

1515 1451 1654 1487 scilicet
1691 1462 1777 1486 aere
1806 1456 1841 1486 et
1878 1461 2037 1497 corpore
2068 1450 2237 1496 caelesti3
2267 1462 2430 1498 quarum
2463 1463 2578 1500 quae-

1516 1503 1605 1540 dam
1634 1509 1793 1539 movent
1819 1501 2048 1538 intellectum
2081 1510 2145 1539 aut
2172 1503 2397 1551 appetitum,
2428 1515 2473 1541 ex
2501 1516 2578 1553 quo

1514 1556 1669 1592 ulterius
1698 1555 1773 1591 iam
1801 1561 1924 1591 totum
1952 1554 2092 1591 animal
2121 1563 2308 1592 movetur.

1569 1620 1605 1656 7.
1627 1609 1694 1644 Est
1713 1614 1841 1644 autem
1870 1606 2188 1644 considerandum
2213 1607 2317 1656 quod
2336 1608 2397 1645 hic
2416 1607 2580 1645 declarat

1515 1660 1676 1698 modum
1699 1672 1776 1708 quo
1807 1671 1967 1708 corpora
1986 1659 2158 1696 caelestia
2185 1660 2224 1697 in
2242 1672 2314 1698 nos
2333 1668 2458 1708 agunt.
2487 1661 2579 1698 Non

1516 1713 1618 1750 enim
1637 1719 1753 1760 agunt
1781 1712 1919 1748 directe
1937 1712 1975 1748 in
1995 1712 2140 1749 animas
2164 1720 2322 1761 nostras,
2344 1713 2412 1750 sed
2439 1713 2478 1750 in
2497 1725 2578 1751 cor-

1515 1777 1629 1813 pora:
1659 1764 1772 1801 motis
1804 1771 1933 1800 autem
1966 1764 2205 1812 corporibus,
2234 1777 2304 1813 per
2335 1765 2509 1803 accidens
2536 1766 2581 1804 fit

1516 1824 1642 1854 motus
1661 1816 1699 1853 in
1725 1816 1869 1853 viribus
1888 1815 2036 1852 animae
2065 1829 2164 1865 quae
2192 1825 2280 1854 sunt
2312 1826 2417 1855 actus
2445 1830 2580 1867 corpo—

1518 1869 1651 1907 ralium
1681 1880 1927 1916 organorum;
1956 1880 2034 1904 non
2062 1876 2190 1906 autem
2219 1881 2263 1906 ex
2291 1870 2512 1908 necessitate
2539 1871 2578 1908 in

1518 1922 1705 1958 intellectu
1724 1928 1760 1957 et
1779 1921 1818 1957 in
1836 1920 2062 1957 intellectivo
2083 1921 2261 1969 appetitu,
2283 1922 2348 1970 qui
2366 1934 2445 1959 non
2467 1930 2579 1960 utun-

1518 1982 1578 2011 tur
1610 1973 1758 2021 organis
1788 1972 1990 2021 corporeis.
2021 1973 2237 2020 Aliquando
2275 1981 2403 2012 tamen
2439 1975 2579 2013 intelle-

1520 2034 1599 2063 ctus
1629 2034 1664 2062 et
1689 2026 1866 2063 voluntas
1895 2033 2103 2073 sequuntur
2131 2026 2274 2074 aliquas
2300 2027 2580 2075 praedictarum

1519 2078 1790 2123 mutationum;
1811 2077 1906 2114 sicut
1925 2090 2012 2114 cum
2032 2078 2165 2126 aliquis
2179 2091 2248 2126 per
2272 2079 2456 2116 rationem
2482 2080 2582 2128 eligit

1519 2132 1581 2168 vel
1610 2130 1716 2178 sequi
1735 2131 1796 2166 vel
1823 2130 2002 2178 repellere
2029 2130 2092 2167 vel
2120 2130 2261 2178 aliquid
2289 2143 2399 2179 agere
2426 2140 2581 2182 propter

1518 2183 1749 2231 passionem,
1769 2182 1831 2218 vel
1859 2182 1897 2218 in
1927 2194 2086 2230 corpore
2113 2183 2176 2219 vel
2204 2183 2242 2220 in
2269 2191 2374 2232 parte
2403 2185 2582 2223 sensitiva

1520 2243 1700 2272 exortam.
1730 2235 1780 2270 Et
1806 2234 1892 2272 ideo
1921 2246 2000 2271 non
2029 2235 2116 2271 dicit
2143 2236 2247 2283 quod
2284 2248 2420 2274 omnes
2451 2245 2579 2275 motus

1520 2288 1583 2336 qui
1617 2288 1713 2324 fiunt
1741 2299 1763 2323 a
1791 2286 2004 2324 continente
2041 2295 2224 2324 moveant
2250 2288 2479 2327 intellectum
2515 2298 2582 2328 aut

1519 2340 1742 2389 appetitum,
1772 2340 1840 2376 sed
1867 2340 2035 2388 quidam,
2064 2347 2106 2376 ut
2133 2341 2289 2378 omnino
2318 2343 2581 2381 necessitatem

1519 2394 1566 2429 ab
1591 2392 1814 2429 intellectiva
1833 2399 1939 2441 parte
1968 2392 2140 2429 excludat
2169 2394 2200 2429 *.

1572 2445 1683 2482 Ponit
1711 2452 1839 2481 autem
1869 2445 2086 2493 exemplum
2115 2457 2248 2481 eorum
2276 2458 2374 2493 quae
2394 2446 2536 2484 dixerat
2553 2453 2578 2495 ¹,

1518 2498 1556 2534 in
1586 2497 1879 2542 dormientibus,
1909 2497 1948 2533 in
1975 2497 2112 2544 quibus
2149 2497 2315 2535 maxima
2352 2499 2458 2547 quies
2496 2512 2579 2537 esse

1518 2550 1667 2587 videtur
1703 2557 1887 2598 quantum
1924 2550 1973 2586 ad
2000 2549 2182 2586 animales
2219 2558 2358 2588 motus.
2393 2552 2492 2589 Cum
2525 2559 2578 2590 ta-

1518 2615 1608 2639 men
1645 2603 1683 2639 in
1721 2602 1772 2638 eis
1809 2602 1930 2638 nullus
1965 2610 2091 2638 motus
2126 2602 2403 2650 sit.sensibilis‚
2432 2604 2528 2642 idest
2555 2617 2579 2642 a

1517 2655 1680 2692 sensibili
1717 2654 2018 2703 apprehensione
2051 2655 2282 2703 procedens,
2320 2656 2456 2694 iterum
2498 2669 2577 2695 sur-

1516 2716 1608 2755 gunt
1635 2708 1810 2744 animalia
1839 2707 2026 2754 evigilata,
2053 2716 2207 2756 propter
2235 2708 2399 2757 aliquem
2426 2717 2576 2748 motum

1517 2760 1668 2797 interius
1698 2761 1936 2807 existentem,
1966 2761 2028 2796 vel
2057 2772 2101 2796 ex
2130 2763 2247 2809 opere
2284 2761 2434 2799 animae
2461 2763 2576 2800 nutri-

1516 2813 1627 2859 tivae,
1648 2813 1742 2850 sicut
1770 2825 1858 2849 cum
1887 2813 2030 2861 digesto
2069 2813 2154 2850 cibo
2184 2813 2364 2851 deficiunt
2392 2827 2575 2864 evapora-

1516 2865 1638 2902 tiones
1667 2878 1764 2914 quae
1793 2877 1972 2902 somnum
2002 2866 2218 2913 causabam,
2249 2874 2284 2903 et
2311 2866 2450 2904 animal
2479 2868 2574 2905 exci-

1516 2926 1628 2964 tatur3
1658 2918 1737 2955 sive
1759 2931 1846 2955 cum
1875 2919 2050 2955 alteratur
2071 2931 2206 2967 corpus
2226 2931 2248 2955 a
2272 2919 2486 2957 continente
2505 2932 2575 2969 per

1518 2972 1681 3007 calorem
1719 2971 1821 3007 aut*
1846 2971 2006 3018 frigus·
2027 2971 2075 3007 Et
2102 2971 2155 3007 sic
2183 2970 2375 3019 diligenter
2403 2972 2574 3010 conside-

1518 3023 1610 3060 ranti
1630 3031 1796 3072 apparet,
1813 3025 1917 3071 quod
1937 3035 2132 3071 nunquam
2154 3023 2191 3060 in
2210 3023 2319 3061 nobis
2339 3024 2472 3073 aliquis
2491 3037 2572 3063 mo-

1516 3084 1575 3112 tus
1604 3083 1760 3125 apparet
1788 3075 1835 3112 de
1854 3088 1970 3122 novo,
1993 3075 2061 3112 nisi
2085 3077 2334 3124 praecedente
2354 3077 2481 3126 aliquo
2501 3078 2573 3115 alio

1517 3136 1634 3165 motu.
1657 3129 1704 3165 Et
1731 3129 1806 3165 hoc
1832 3128 2013 3176 promittit
2031 3142 2071 3166 se
2099 3129 2136 3165 in
2156 3129 2399 3178 sequentibus
2416 3131 2436 3152 ²¹·
2455 3130 2574 3179 magis

1518 3181 1854 3218 manifestaturum.

1571 3311 1592 3343 ε)
1612 3318 1702 3336 eorum
1717 3318 1784 3344 quae
1797 3311 1915 3336 dixerat.
1928 3325 1947 3330 —
1959 3318 2049 3336 eorum
2063 3311 2108 3344 qui
2122 3311 2251 3337 dixerant
2264 3311 2340 3336 Pinna
2354 3316 2379 3337 et
2391 3312 2468 3338 editio
2482 3312 2510 3343 b,-
2528 3312 2575 3345 (μί

1517 3346 1592 3371 etiam
1612 3346 1706 3371 habent
1730 3346 1830 3371 codices
1851 3347 1907 3378 ΜΚ
1915 3345 1980 3379 ?)pQ
1998 3352 2023 3371 et
2042 3347 2118 3371 editio
2136 3354 2161 3371 a.
2182 3361 2200 3366 -
2220 3347 2271 3371 Pro
2294 3347 2428 3377 maxima.
2454 3347 2573 3373 maxime

1517 3381 1597 3405 PGsF
1617 3386 1641 3406 et
1660 3382 1750 3406 Venet.
1769 3381 1842 3413 1545.
1856 3395 1875 3400 -
1889 3381 1969 3406 Paulo
1994 3381 2097 3407 inferius
2117 3389 2164 3414 pro
2190 3382 2257 3407 idest
2274 3382 2351 3407 Pinna
2376 3382 2436 3415 legit
2458 3382 2571 3412 scilicet,-

1519 3416 1613 3441 iterum
1633 3422 1691 3441 ante
1709 3420 1824 3450 surgunt
1842 3417 1935 3442 omittit
1953 3417 1986 3442 G.

1044 3499 1624 3553 *W

2603 675 2613 685 '
2623 676 2647 696 et
2655 680 2711 702 opu,
2719 674 2784 696 aeris
2793 676 2819 696 et

2602 700 2774 727 ιωιοατιταὸς
2783 700 2812 722 cf.

2603 732 2626 748 n.
2642 732 2663 754 7.
2678 726 2730 748 fine.

2605 1250 2615 1259 ·
2634 1249 2668 1270 m
2682 1249 2735 1271 add.
2750 1254 2816 1271 m

2605 1281 2695 1304 rvxrpr.
2708 1278 2731 1297 et
2744 1281 2769 1297 a.

2606 2399 2617 2408 ·
2638 2397 2767 2420 excludant
2779 2397 2818 2420 ed.
2861 2398 2866 2408 ⁴

2605 2427 2660 2446 aet
2679 2423 2748 2446 codd.
2767 2429 2819 2446 exe.
2864 2446 2867 2447 a

2605 2456 2702 2472 Dm.

2601 2984 2668 3011 *per
2680 2982 2734 3006 cdd.
2748 2989 2770 3006 1·-

2601 3146 2610 3155 ·
2624 3144 2737 3167 Locum.
