2950 4004
237 3359 391 3386 ‘diffinitionis
400 3366 446 3381 om.

238 3387 266 3406 ab
283 3390 303 3407 ct
319 3386 388 3407 codd.
399 3393 447 3407 exc.

238 3418 270 3433 m.

243 3519 248 3525 ”
265 3518 325 3539 Lect.
342 3524 361 3543 ι’,
378 3523 399 3538 η.
419 3519 448 3538 18.

480 258 552 293 104

1100 247 1445 285 PHYSICORUM
1472 247 1819 284 ARISTOTELIS
1849 247 1942 284 LIB.
1973 247 2022 283 111

1204 505 1503 562 LECTIO
1541 505 1921 564 SECUNDA

1364 656 1515 688 MOTUS
1538 657 1758 688 DEFINITIO

476 788 680 834 Διῃρημένου
705 785 742 820 δὲ
766 787 840 820 καθ’
870 787 1014 820 ἕκαστον
1039 785 1134 832 γένος
1168 786 1230 817 τοῦ
1255 785 1313 840 μεν
1340 785 1534 829 ἐντελεχείᾳ
1589 786 1607 806 *
1629 787 1740 818 Diviso
1757 795 1864 820 autem
1876 790 2054 821 secundum
2065 786 2320 832 unumquodque
2332 801 2431 832 genus
2443 791 2504 823 hoc
2520 791 2650 833 quidem
2676 798 2687 810 ἰ
2702 797 2756 827 Seq.
2771 804 2821 827 cap.
2836 805 2853 822 ι.

543 834 606 865 τοῦ
632 829 669 865 δὲ
693 828 845 875 δυνάμει,
865 833 885 869 ἡ
911 831 972 863 τοῦ
998 826 1138 874 δυνάμει
1164 829 1259 868 ὄντος
1285 828 1494 875 εντελέχεια,
1513 828 1535 871 ᾔ

543 878 713 919 τοιοῦτον,
739 877 863 914 κίνησίς
890 875 1001 916 ἐστιν,

477 923 544 954 οἷον
571 922 633 953 τοῦ
684 922 716 953 ε“ν
744 920 949 960 ἀλλοιωτοῦ,
981 919 1001 962 ᾗ
1029 917 1229 959 ἀλλοιωτόν,
1257 917 1445 957 ἀλλοίωσις,
1471 917 1535 948 τοῦ

543 960 580 997 δὲ
605 966 648 997 αὖ
670 966 757 1003 ητοῦ
781 966 839 996 καὶ
863 965 926 996 τοῦ
954 962 1186 1006 ἀντικειμένου
1204 960 1323 1006 φθιτοῦ
1341 955 1452 1004 (οὐδὲν
1469 961 1534 1005 γάρ

544 1009 649 1053 ὄνομα
672 1010 782 1042 κοινὸν
808 1008 859 1040 ἐπ’
883 1008 1019 1052 ἀμφοῖν)
1036 1007 1174 1048 αὔξησις
1197 1007 1256 1038 καὶ
1279 1005 1398 1049 φθίσις,
1418 1007 1480 1038 τοῦ
1497 1001 1534 1036 δὲ

541 1055 688 1099 γενητοῧ
711 1055 770 1085 καὶ
794 1051 945 1096 φθαρτοῦ
969 1051 1095 1098 γένεσις
1119 1052 1178 1083 καὶ
1199 1049 1317 1095 φθορά,
1336 1050 1399 1082 τοῦ
1424 1046 1461 1082 δὲ
1478 1060 1535 1092 φο-

541 1098 644 1138 ρητοῧ
669 1097 764 1142 φορά.

467 1141 544 1175 Ὅτι
568 1137 606 1173 δέ
631 1141 736 1174 τοῦτό
769 1141 860 1173 ἐστιν
886 1141 907 1177 ἡ
931 1142 1076 1180 κίνησις,
1105 1137 1256 1171 ἐντεῦθεν
1281 1133 1397 1174 δῆλον.
1425 1136 1532 1170 Ὅταν

540 1185 604 1230 γάρ
631 1185 671 1217 τὸ
692 1180 929 1228 οἰκοδομητόν,
954 1183 974 1226 ᾗ
992 1183 1150 1216 τοιοῦτον
1168 1182 1255 1215 αὐτὸ
1271 1182 1414 1227 λέγομεν
1432 1178 1531 1222 εἶναι,

542 1231 734 1275 ἐντελεχείᾳ
761 1228 801 1272 ᾖ,
828 1225 1072 1272 οἰκοδομεῖται,
1093 1230 1152 1259 καὶ
1177 1227 1251 1260 ἔστι
1277 1227 1382 1258 τοῦτο
1406 1220 1535 1258 οἰκοδό-

541 1286 651 1318 μησις·
679 1275 797 1318 ὁμοίως
823 1269 860 1305 δὲ
883 1275 941 1305 καὶ
966 1271 1108 1314 μάθησις
1132 1274 1190 1304 καὶ
1214 1271 1382 1315 ἰάτρευσις
1402 1271 1461 1302 καὶ
1476 1269 1535 1302 κύ-

539 1321 622 1356 λισις
646 1321 704 1350 καὶ
730 1317 822 1354 ἅλα-ις
847 1319 905 1350 καὶ
931 1314 1081 1360 ἅδρυνσις
1106 1317 1164 1348 καὶ
1187 1314 1360 1363 γήρανσις.

468 1365 565 1396 Ἐπεὶ
589 1359 617 1395 δ’
640 1362 711 1395 ἐνια
738 1361 856 1394 ταύτά
877 1364 935 1393 καὶ
961 1356 1099 1404 δυνάμει
1123 1361 1181 1392 καὶ
1207 1359 1399 1403 ἐντελεχείᾳ
1425 1358 1532 1398 ἐστίν,

542 1407 605 1451 οὐχ
631 1406 702 1452 ἅμα
726 1402 763 1439 δὲ
789 1406 809 1443 ἦ
836 1406 872 1438 οὗ
898 1405 993 1438 κατά
1018 1406 1058 1437 τὸ
1084 1403 1192 1445 αὐτό,
1225 1403 1296 1436 ἀλλ’
1326 1404 1393 1435 οἷον
1414 1401 1531 1447 θερμὸν

541 1452 599 1495 μέν
625 1445 777 1495 δυνάμει,
796 1450 917 1496 ψυχρόν
934 1445 971 1482 δὲ
990 1449 1197 1494 ἐντελεχείᾳ,
1217 1447 1331 1480 πολλοὶ
1350 1442 1415 1484 ἤδη
1434 1445 1532 1482 ποιή-

540 1507 589 1527 σει
612 1498 670 1527 καὶ
696 1498 852 1528 πείσεται
877 1494 934 1527 ὐπ’
957 1493 1126 1530 ἀλλήλων·
1146 1492 1238 1525 ἅπαν
1258 1491 1322 1538 γάρ
1341 1491 1441 1523 ἔσται
1459 1489 1532 1535 ἅμα

541 1540 717 1576 ποιητικὸν
749 1542 805 1571 καὶ
831 1536 1034 1576 παθητικόν.
1065 1537 1168 1569 ’Ὥστε
1193 1538 1251 1568 καὶ
1277 1536 1318 1567 τὸ
1341 1536 1452 1568 κινοῦν
1477 1546 1532 1579 φυ-

540 1585 637 1622 σικῶς
661 1583 811 1620 κινητόν·
838 1584 905 1616 πᾶν
924 1583 988 1628 γάρ
1007 1582 1048 1614 τὸ
1066 1582 1224 1615 τοιοῦτον
1240 1584 1324 1612 κινεῖ
1338 1578 1530 1624 κινούμενον

539 1631 597 1660 καὶ
624 1627 724 1660 αὐτό,
752 1629 849 1660 Δοκεῖ
870 1627 929 1671 μὲν
957 1624 1012 1659 οὖν
1029 1629 1115 1658 τισὶν
1139 1625 1231 1658 ἅπαν
1247 1623 1409 1656 κινεῖσθαι
1427 1623 1469 1656 τὸ
1484 1636 1533 1656 κι-

539 1673 629 1704 νοῦν·
656 1673 693 1704 οὗ
719 1672 784 1716 μήν
811 1671 901 1704 ἀλλα
925 1673 998 1716 περὶ
1024 1670 1150 1702 τούτου
1167 1670 1226 1714 μὲν
1245 1668 1279 1709 ἐξ
1304 1668 1412 1701 ἄλλων
1432 1667 1532 1701 ἔσται

539 1712 642 1753 δῆλον
670 1716 758 1754 ὅπως
784 1716 866 1770 ἔχει·
893 1715 968 1748 ἔστι
992 1714 1040 1761 γά
1085 1727 1119 1746 τι
1138 1714 1249 1746 κινοῦν
1273 1715 1331 1745 καὶ
1359 1714 1531 1749 ἀκίνητοψ

540 1762 560 1798 ἡ
585 1756 623 1792 δὲ
649 1762 711 1793 τοῦ
736 1756 876 1804 δυνάμει
902 1760 1011 1800 ὄντος,
1032 1770 1116 1791 οταν
1142 1759 1336 1802 ἐντελεχείᾳ
1362 1757 1397 1790 ὂν
1412 1757 1531 1804 ἐνεργῇ

540 1805 560 1842 ἦ
587 1804 674 1837 αὐτὸ
700 1803 720 1841 ἦ
748 1805 844 1846 ἄλλο,
872 1803 891 1846 ᾔ
917 1803 1067 1844 κινητόν,
1093 1805 1218 1840 κίνησίς
1239 1802 1324 1834 ἐστι.

473 1891 569 1938 Λέγω
594 1887 631 1923 δὲ
656 1892 697 1924 τὸ
717 1891 737 1934 ᾖ
755 1890 828 1923 ‹Mc-
855 1890 929 1922 ἔστι
953 1890 1017 1936 γάρ
1036 1891 1052 1921 ὀ
1069 1889 1197 1934 χαλκᾶς
1215 1883 1354 1931 δυνάμει
1381 1883 1531 1932 ἀνδριάς,

542 1937 613 1968 ἀλλ’
637 1935 721 1979 ὅμως
748 1935 811 1979 οὐχ
835 1936 855 1971 ἡ
881 1935 944 1966 τοῦ
968 1935 1100 1978 χαλκοῦ
1123 1932 1332 1978 ἐντελέχεια,
1353 1931 1532 1988 ᾖτχαλκός,

539 1982 664 2018 κίνησίς
690 1980 795 2011 ἐστιν·
823 1979 860 2010 οὐ
884 1979 949 2024 γάρ
976 1978 1016 2010 τὸ
1043 1979 1130 2010 αὐτὸ
1157 1978 1197 2009 τὰ
1221 1978 1339 2022 χαλκῷ
1364 1989 1450 2009 ειναι
1474 1979 1532 2009 καὶ

540 2020 679 2068 δυνάμει
706 2026 770 2055 τινὶ
794 2023 933 2063 κινητῷ,
962 2020 1034 2054 ἐπεὶ
1059 2023 1086 2054 εἰ
1111 2020 1242 2055 ταύτὸν
1269 2019 1309 2060 ἦν
1337 2022 1451 2059 οἱπλῶς
1475 2023 1535 2053 καὶ

539 2069 636 2100 κατὰ
659 2068 718 2101 τὸν
743 2066 862 2113 λόγον,
890 2064 930 2105 ἦν
957 2065 995 2099 ὀὲν
1021 2068 1042 2103 ἡ
1069 2068 1131 2099 τοῦ
1159 2067 1311 2112 χαλκοῦ’,
1339 2066 1359 2109 ᾗ
1384 2065 1530 2111 χαλκός,

541 2111 736 2157 ἐντελέχεια
760 2115 899 2149 κίνησις·
927 2111 986 2143 οὐκ
1012 2111 1085 2143 ἐστι
1107 2107 1145 2143 δέ
1162 2109 1310 2152 ταύτόν,
1328 2113 1369 2150 ὠς
1388 2113 1530 2155 εἴρηται.

475 2193 581 2229 Δῆλον
607 2186 636 2222 δ’
658 2189 712 2223 ἐπὶ
739 2191 804 2223 τῶν
831 2191 1006 2222 ἐναντίων·
1027 2190 1066 2222 τὸ
1083 2190 1140 2231 μὲν
1158 2190 1222 2235 γάρ
1241 2185 1405 2222 δύνασθαι
1427 2191 1536 2236 ύγιαί-

540 2247 605 2267 νειν
635 2237 694 2266 καὶ
724 2230 890 2266 δύνασθαι
921 2234 1059 2278 κάμνειν
1092 2233 1205 2276 ἕτερον
1231 2234 1309 2275 (καὶ
1334 2234 1398 2280 γάρ
1426 2233 1464 2266 ἂν
1490 2234 1530 2267 τό

540 2281 676 2324 κάμνειν
701 2281 759 2311 καὶ
785 2280 826 2311 τό
853 2280 1011 2324 ύγιαίνειν
1039 2276 1171 2310 ταύτὸν
1198 2275 1268 2320 vin·
1289 2278 1330 2311 τὸ
1348 2275 1385 2311 δὲ
1403 2279 1534 2310 ὑποκεί-

541 2335 636 2368 μενον
662 2325 720 2355 καὶ
746 2323 787 2355 τὸ
813 2325 975 2368 ὑγιαῖνον,
1001 2324 1059 2354 καὶ
1086 2323 1126 2354 το
1152 2323 1284 2363 νοσοῦν,
1311 2322 1367 2354 εἴθ’
1391 2322 1534 2368 ὑγρότης

540 2366 596 2400 εἴθ’
619 2367 717 2411 αἷμα,
737 2365 869 2401 ταύτόν
886 2369 944 2399 καὶ
962 2366 1008 2400 ἐ’ν.
1029 2367 1125 2398 Ἐπεὶ
1150 2361 1180 2397 δ’
1203 2367 1239 2398 οὐ
1260 2365 1406 2408 ταύτόν,
1425 2366 1533 2411 ὥσπερ

543 2407 618 2444 οὐδὲ
642 2413 760 2457 χρῶμα
785 2410 916 2444 ταύτὸν
942 2413 1000 2443 καὶ
1031 2409 1170 2455 ὁρατόν,
1197 2413 1217 2448 ἠ
1244 2412 1306 2443 τοῦ
1332 2407 1493 2453 δυνατοῦ,
1514 2412 1535 2454 ᾗ

541 2453 703 2497 δυνατόν,
731 2454 925 2501 ἐντελέχεια
950 2455 1088 2500 φανερὸν
1117 2454 1170 2487 ὅτι
1194 2457 1318 2493 κίνησίς
1346 2454 1449 2488 ἐστιν.

526 2555 666 2582 SYNOPSIS
681 2570 715 2574 —
738 2563 760 2581 1.
775 2554 985 2590 Argumentum
1007 2559 1034 2580 et
1055 2552 1157 2581 divisio
1178 2558 1279 2580 textus.
1295 2569 1314 2573 —
1329 2559 1355 2580 2.
1370 2552 1468 2589 Aliqui
1489 2561 1532 2580 er-

472 2600 571 2622 rarunt
592 2593 621 2621 in
643 2593 810 2621 definitione
832 2599 937 2628 motus,
960 2592 1086 2620 dicentes
1100 2598 1213 2620 motum
1229 2601 1290 2619 esse
1309 2591 1419 2619 exitum
1433 2592 1468 2619 de
1478 2600 1532 2629 po-

474 2634 561 2662 tentia
582 2634 610 2661 in
632 2638 726 2661 actum
755 2642 810 2661 non
832 2632 934 2660 subito.
961 2634 992 2659 ln
1013 2632 1066 2659 hac
1088 2631 1165 2659 enim
1186 2630 1354 2658 definitione
1384 2637 1532 2667 ponuntur

472 2673 615 2710 quaedam
637 2672 797 2709 posteriora
818 2678 908 2700 motu.
924 2688 942 2693 —-
959 2672 984 2699 3.
1000 2672 1086 2699 Recta
1107 2670 1236 2698 definitio
1259 2679 1311 2706 per
1325 2669 1423 2706 priora
1437 2676 1464 2698 et
1478 2679 1532 2698 no-

473 2713 547 2741 tiora
561 2719 611 2747 est,
634 2718 726 2740 motus
747 2717 789 2740 est
810 2717 890 2739 actus
910 2710 1060 2739 existentis
1081 2710 1110 2737 in
1128 2709 1256 2747 potentia
1279 2710 1435 2738 secundum
1457 2710 1532 2747 quod

473 2751 644 2780 huiusmodi.
676 2753 749 2779 Nam
771 2751 851 2788 quod
872 2756 1004 2778 movetur
1031 2758 1125 2786 neque
1147 2755 1189 2777 est
1209 2748 1239 2776 in
1260 2749 1388 2785 potentia
1409 2756 1530 2784 tantum,

473 2801 567 2828 neque
588 2791 618 2819 in
639 2797 704 2819 actu
724 2797 846 2825 tantum,
868 2790 919 2818 sed
941 2788 1038 2817 medio
1060 2789 1150 2817 modo
1172 2797 1202 2816 se
1223 2789 1317 2823 habet,
1339 2789 1468 2817 videlicet
1489 2795 1532 2817 est

473 2831 502 2859 in
523 2837 588 2859 actu
609 2830 639 2858 in
660 2830 761 2858 ordine
783 2830 821 2857 ad
842 2828 1015 2857 anteriorem
1042 2827 1218 2864 potentiam,
1241 2834 1268 2856 et
1289 2834 1331 2856 est
1351 2828 1381 2856 in
1402 2829 1532 2865 potentia

474 2871 503 2900 in
524 2870 626 2899 ordine
646 2870 683 2898 ad
704 2869 870 2897 ulteriorem
892 2874 987 2896 actum
1009 2868 1174 2904 perfectum.
1190 2884 1209 2889 -
1222 2877 1250 2902 4.
1273 2867 1417 2904 Exemplis
1437 2869 1530 2897 decla-

474 2916 552 2938 ratur
561 2909 698 2937 definitio.
707 2925 726 2930 -
736 2909 760 2937 5.
772 2908 967 2936 Manifestatur
976 2907 1070 2944 prima
1080 2907 1217 2944 particula
1231 2907 1415 2943 definitionis,
1427 2917 1531 2944 nempe

474 2955 562 2977 actus.
584 2949 655 2976 lllud
677 2948 753 2976 enim
775 2957 826 2984 per
847 2948 926 2984 quod
948 2947 978 2975 fit
999 2947 1028 2975 in
1050 2953 1115 2975 actu
1129 2946 1158 2974 id
1173 2947 1252 2984 quod
1267 2947 1345 2983 prius
1360 2953 1419 2975 erat
1434 2947 1463 2975 in
1478 2957 1530 2984 po-

474 2988 570 3024 tentia,
592 2994 634 3016 est
654 2994 742 3016 actus.
771 2986 878 3015 Mobile
899 2993 995 3015 autem
1017 2993 1172 3023 antequam
1194 2994 1343 3015 moveatur
1365 2992 1406 3014 est
1427 2986 1457 3014 in
1478 2996 1530 3023 po-

474 3028 562 3056 tentia
583 3033 610 3056 et
631 3027 667 3056 ad
688 3034 783 3056 actum
810 3026 982 3063 perfectum,
1011 3025 1059 3063 qui
1082 3032 1123 3054 est
1143 3025 1282 3054 terminus
1312 3032 1424 3061 motus,
1446 3032 1474 3054 et
1494 3027 1531 3054 ad

474 3074 569 3096 actum
591 3067 787 3104 imperfectum
800 3088 807 3102 ‚
829 3066 878 3103 qui
899 3073 941 3094 est
962 3065 1022 3102 ipse
1044 3072 1149 3094 motus.
1166 3082 1184 3087 -
1199 3066 1226 3094 6.
1241 3065 1437 3094 Manifestatur
1451 3066 1531 3103 quod

475 3114 570 3135 motus
591 3107 626 3134 sit
647 3113 726 3135 actus
748 3106 898 3134 existentis
919 3106 946 3133 in
965 3105 1102 3143 potentia.
1124 3106 1213 3133 Actus
1234 3105 1311 3133 enim
1332 3105 1393 3133 eius
1414 3105 1530 3142 proprie

474 3154 553 3176 actus
575 3153 617 3174 est
638 3146 667 3174 in
688 3155 747 3183 quo
769 3155 882 3182 semper
903 3145 1061 3179 invenitur;
1076 3151 1171 3173 motus
1192 3151 1287 3173 autem
1315 3154 1375 3173 non
1390 3144 1531 3173 invenitur

710 3389 720 3400 s
739 3353 914 3389 sitionem
944 3351 1172 3389 definitionis
1190 3352 1209 3373 ²⁸
1228 3359 1366 3398 mot-118,
1384 3351 1445 3388 hic
1465 3352 1528 3389 de-

677 3405 693 3438 l
710 3400 719 3411 ’
739 3405 819 3442 finit
848 3413 1017 3442 motum:
1053 3412 1090 3442 et
1116 3404 1240 3453 primo
1277 3404 1314 3441 in
1342 3404 1527 3452 generali3

477 3457 641 3493 secundo
663 3457 699 3493 in
719 3457 886 3505 speciali,
916 3457 986 3494 ibi:
1014 3457 1112 3499 Quid
1137 3458 1284 3506 quidem
1314 3458 1429 3507 igitur
1452 3470 1530 3494 mo-

476 3514 533 3545 tus
547 3509 566 3529 *
595 3516 661 3545 cte.
688 3509 795 3546 Circa
814 3510 979 3558 primurn
1002 3510 1077 3547 duo
1098 3510 1198 3547 facit:
1223 3509 1347 3559 primo
1370 3511 1531 3548 ostendit

477 3560 568 3609 quid
597 3561 640 3597 sit
668 3569 809 3607 motus;
839 3563 1006 3613 secundo
1035 3563 1185 3611 inquirit
1213 3563 1317 3600 cuius
1351 3571 1453 3600 actus
1487 3563 1531 3601 sit

1657 840 1723 861 esse
1759 839 1830 863 actu
1841 855 1851 872 ,
1879 832 1966 863 aliud
1997 840 2104 864 autem
2138 835 2295 874 potentia;
2319 835 2460 876 potentia
2493 836 2650 868 existentis

1657 875 1827 906 entelechia
1841 877 2016 908 secundum
2035 878 2123 919 quod
2137 878 2322 910 huiusmodi
2337 886 2394 918 est,
2410 886 2517 911 motus
2533 887 2590 912 est.

1590 919 1634 950 Ut
1648 919 1814 950 alterabilis
1828 920 1959 960 quidem
1977 921 2168 962 inquantum
2184 928 2230 953 est
2244 922 2411 962 alterabile‚
2427 923 2569 955 alteratio
2588 931 2648 956 est:

1656 963 2018 1003 augmentabilismutem
2031 972 2062 996 et
2073 965 2212 1006 oppositi
2229 965 2368 1008 (nullum
2380 967 2466 998 enim
2477 978 2650 999 commune

1656 1017 1774 1038 nomen
1798 1007 1988 1051 utriusque),
2005 1015 2212 1049 augmentum
2228 1017 2258 1040 et
2282 1010 2534 1043 decrementum:
2558 1021 2650 1052 gene·

1654 1050 1759 1082 rabilis
1783 1058 1890 1082 autem
1913 1058 1943 1083 et
1970 1052 2191 1093 corruptibilis,
2216 1053 2374 1094 generatio
2409 1061 2439 1086 et
2469 1056 2648 1096 corruptio:

1654 1094 1728 1126 loco
1752 1095 1923 1134 mutabilis,
1939 1096 2002 1127 loci
2025 1096 2170 1127 mutatio.

1587 1136 1605 1172 'l‘
1619 1137 1717 1175 Quod
1733 1145 1840 1170 autem
1862 1139 1924 1170 hoc
1939 1140 1978 1171 sit
1994 1147 2100 1171 motus
2124 1139 2162 1170 ab
2177 1139 2250 1170 hinc
2273 1140 2477 1173 manifestum
2492 1148 2547 1174 est.
2564 1141 2650 1174 Cum
2677 1150 2686 1160 ·

1655 1182 1740 1213 enim
1763 1182 1964 1222 aeffificabile,
1987 1183 2178 1225 inquantum
2193 1183 2378 1215 huiusmodi
2393 1185 2500 1226 ipsum
2516 1185 2650 1217 dicimus

1655 1235 1732 1265 esse,
1752 1234 1822 1258 actu
1845 1226 1891 1265 fit,
1915 1227 2110 1266 aedificatur3
2133 1234 2164 1259 et
2178 1234 2225 1258 est
2246 1227 2309 1259 hoc
2330 1229 2514 1261 aedificatio.
2535 1230 2650 1261 Simili-

1654 1277 1701 1301 ter
1723 1277 1830 1302 autem
1853 1277 1884 1302 et
1907 1271 2093 1302 doctrinatio
2126 1278 2157 1302 et
2188 1271 2356 1304 medicatio
2380 1280 2410 1304 et
2437 1274 2592 1306 volutatio
2619 1281 2650 1306 et

1654 1314 1776 1345 saltatio
1801 1321 1832 1345 et
1853 1314 2064 1346 adolescentia
2086 1321 2116 1346 et
2138 1321 2292 1347 senectus.

1587 1358 1605 1378 *
1620 1358 1784 1396 Quoniam
1802 1365 1909 1389 autem
1932 1358 2088 1399 quaedam
2113 1359 2223 1390 eadem
2245 1365 2318 1390 sunt
2333 1367 2364 1391 et
2379 1361 2520 1402 potentia
2534 1369 2565 1394 et
2578 1369 2650 1394 actu

1657 1400 1815 1444 (quamvis
1834 1412 1900 1433 non
1924 1402 2019 1433 simul
2042 1409 2097 1434 aut
2119 1413 2185 1434 non
2209 1403 2385 1435 secundum
2406 1405 2511 1445 idem,
2537 1406 2591 1437 sed
2614 1413 2651 1438 ut

1655 1446 1793 1476 calidum
1816 1446 1947 1487 quidem
1969 1447 2121 1487 potentia,
2141 1446 2290 1488 fn'gidum
2306 1454 2413 1479 autem
2436 1447 2533 1492 actu),
2549 1449 2651 1481 multa

1653 1489 1718 1520 iam
1740 1496 1839 1530 agunt
1866 1497 1896 1521 et
1918 1490 2081 1531 patiuntur
2108 1491 2147 1522 ad
2176 1491 2330 1522 invicem:
2354 1501 2451 1523 omne
2479 1493 2564 1524 enim
2594 1493 2652 1525 erit

1655 1533 1750 1565 simul
1773 1534 1912 1565 activum
1934 1541 1965 1566 et
1996 1534 2167 1576 passivum.
2190 1535 2275 1575 Ergo
2298 1543 2330 1567 et
2358 1546 2492 1568 movens
2521 1537 2651 1579 physice

1655 1578 1772 1609 mobile
1796 1578 1871 1609 erit:
1895 1588 1991 1609 omne
2024 1578 2109 1610 enim
2138 1579 2323 1610 huiusmodi
2346 1587 2454 1612 movet
2482 1591 2558 1612 cum
2579 1590 2647 1612 mo-

1653 1628 1744 1653 vetur
1759 1629 1790 1653 et
1803 1621 1920 1662 ipsum.
1937 1622 2069 1654 Videtur
2079 1622 2209 1664 quidem
2231 1622 2326 1663 igitur
2340 1623 2531 1665 quibusdam
2553 1635 2650 1656 omne

1654 1666 1775 1696 moveri
1799 1673 1946 1696 movens:
1970 1667 2024 1697 sed
2052 1667 2091 1697 de
2114 1666 2162 1697 his
2184 1667 2315 1708 quidem
2348 1677 2385 1698 ex
2413 1668 2480 1699 aliis
2503 1668 2560 1700 erit
2582 1679 2648 1700 ma-

1655 1709 1804 1740 nifestum
1822 1710 1989 1751 quomodo
2004 1720 2036 1741 se
2059 1710 2212 1750 habeant;
2229 1718 2275 1742 est
2297 1711 2383 1742 enim
2398 1712 2561 1753 quoddam
2579 1723 2649 1744 mo-

1654 1754 1797 1784 ventium
1812 1761 1843 1785 et
1857 1753 2031 1785 immobile.
2045 1754 2134 1785 *Sed
2149 1755 2288 1795 potentia
2305 1756 2461 1787 existentis
2486 1766 2560 1787 cum
2578 1763 2650 1789 actu

1655 1807 1710 1828 ens
1733 1805 1804 1838 agat
1826 1804 1880 1829 aut
1902 1797 2009 1838 ipsum
2027 1805 2082 1829 aut
2105 1798 2201 1838 aliud,
2218 1799 2408 1841 inquantum
2431 1800 2560 1840 mobile,
2580 1810 2649 1832 mo-

1655 1848 1706 1872 tus
1730 1848 1784 1872 est.

1589 1885 1669 1916 Dico
1693 1892 1800 1916 autem
1823 1885 1884 1916 hoc
1907 1885 2097 1926 inquantum
2121 1886 2173 1918 sic.
2193 1887 2250 1918 Est
2265 1887 2350 1918 enirn
2365 1897 2417 1918 aes
2433 1887 2575 1929 potentia
2589 1895 2648 1920 sta-

1655 1936 1726 1960 tua:
1751 1929 1805 1960 sed
1828 1935 1933 1960 tamen
1967 1939 2034 1960 non
2061 1930 2138 1961 aeris
2163 1938 2250 1962 actus
2281 1931 2471 1972 inquantum
2505 1942 2556 1963 aes
2585 1939 2649 1972 est,

1656 1980 1763 2004 motus
1787 1980 1849 2011 est;
1873 1983 1939 2004 non
1963 1973 2048 2004 enim
2075 1974 2161 2005 idem
2189 1981 2235 2006 est
2263 1975 2325 2006 aeri
2353 1985 2420 2006 esse
2449 1982 2479 2007 et
2505 1976 2647 2016 potentia

1656 2017 1748 2048 alicui
1770 2017 1892 2048 mobili.
1917 2017 2080 2054 Quoniam
2098 2018 2124 2048 si
2146 2018 2232 2049 idem
2255 2026 2335 2050 esset
2349 2019 2531 2060 simpliciter
2553 2027 2584 2052 et
2603 2029 2650 2052 se·

1657 2062 1798 2092 cundum
1821 2062 1995 2100 rationem,
2026 2069 2106 2093 esset
2129 2062 2239 2104 utique
2262 2063 2360 2102 aeris,
2383 2063 2574 2105 inquantum
2597 2074 2648 2096 aes

1656 2112 1712 2143 est,
1736 2112 1835 2144 actus,
1858 2112 1982 2136 motus:
2001 2115 2067 2136 non
2082 2113 2128 2137 est
2143 2113 2250 2138 autem
2264 2107 2360 2145 idem,
2376 2108 2651 2149 quemadmodum

1656 2149 1776 2180 dictum
1795 2156 1849 2180 est.

1588 2193 1605 2212 *
1617 2193 1820 2224 Manifestum
1834 2200 1941 2224 autem
1960 2199 1991 2224 et
2010 2192 2043 2223 in
2058 2193 2229 2225 contrariis.
2244 2195 2341 2226 Posse
2357 2194 2487 2236 quidem
2503 2196 2589 2227 enim
2603 2205 2650 2227 sa-

1655 2237 1721 2267 nari
1737 2244 1767 2268 et
1782 2247 1876 2278 posse
1898 2237 2050 2276 laborare,
2075 2238 2208 2269 alterum
2231 2245 2278 2270 est
2300 2237 2353 2282 (et‘
2366 2249 2516 2280 namque,
2540 2240 2650 2282 utique

1654 2282 1795 2312 laborare
1811 2282 1940 2323 quidem
1956 2289 1986 2312 et
2001 2282 2102 2312 sanari
2115 2282 2200 2313 idem
2215 2281 2323 2325 esset):
2339 2283 2516 2315 subiectum
2531 2291 2650 2324 autem,

1656 2331 1686 2355 et
1709 2325 1846 2356 sanabile
1869 2332 1900 2356 et
1922 2325 2096 2364 infirmum,
2121 2326 2184 2356 sive
2207 2326 2390 2365 humiditas,
2414 2327 2479 2358 sive
2502 2328 2650 2368 sanguis,

1655 2379 1757 2400 unum
1773 2375 1804 2399 et
1816 2369 1902 2399 idem
1918 2376 1972 2400 est.
1989 2369 2151 2406 Quoniam
2166 2377 2272 2401 autem
2286 2380 2353 2401 non
2367 2377 2414 2402 est
2426 2371 2523 2410 idem,
2537 2381 2648 2413 quem-

1655 2413 1830 2443 admodum
1853 2423 1956 2454 neque
1981 2413 2068 2443 color
2090 2413 2175 2444 idern
2199 2421 2230 2444 et
2251 2413 2392 2452 visibile,
2422 2415 2580 2455 possibilis
2602 2415 2649 2446 in·
2703 2432 2707 2435 ·

1654 2463 1810 2497 quantum
1834 2456 1982 2496 possibile
2006 2464 2108 2496 actus,
2132 2457 2336 2489 manifestum
2358 2459 2446 2499 quod
2468 2465 2576 2490 motus
2593 2465 2648 2491 est.

1585 2552 1640 2580 nisi
1654 2552 1683 2580 in
1698 2552 1731 2580 iis
1753 2561 1827 2589 quae
1841 2558 1908 2580 sunt
1928 2552 1958 2580 in
1972 2552 2115 2588 potentia,
2143 2561 2218 2590 quae
2237 2552 2296 2581 sive
2317 2560 2403 2591 agant
2416 2553 2475 2582 sive
2488 2553 2648 2591 patiantur,

1585 2598 1745 2620 moventur.
1761 2608 1780 2613 -
1794 2601 1821 2628 7.
1844 2591 2008 2629 Explicatur
2029 2592 2130 2620 ultima
2150 2592 2289 2629 particula
2309 2592 2340 2621 in
2361 2592 2531 2623 definitione
2550 2600 2648 2622 motus

1584 2631 1686 2668 posita,
1702 2630 1815 2666 scilicet,
1837 2631 1865 2659 in
1890 2637 2024 2668 quantum
2041 2632 2218 2660 huiusmodi.-
2233 2638 2261 2670 et
2283 2632 2379 2669 primo
2400 2642 2452 2669 per
2473 2633 2647 2670 exemplum.

1583 2672 1640 2699 Aes
1668 2671 1745 2699 enim
1768 2672 1812 2706 (et
1833 2671 1909 2699 idem
1939 2671 2093 2699 dicendum
2115 2672 2150 2699 de
2176 2681 2361 2710 quocumque
2375 2672 2504 2701 subiecto
2525 2672 2647 2709 mobili)
2673 2694 2676 2699 .

1584 2717 1611 2738 et
1633 2717 1675 2738 est
1695 2710 1724 2738 in
1745 2717 1811 2739 actu
1832 2710 2003 2748 inquantum
2024 2718 2066 2739 est
2086 2720 2135 2739 aes
2157 2718 2184 2739 et
2206 2717 2249 2739 est
2278 2711 2309 2740 in
2328 2711 2459 2748 potentia
2483 2711 2514 2741 in
2544 2712 2647 2741 ordine

1584 2750 1621 2778 ad
1648 2757 1780 2786 statuam,
1795 2759 1868 2787 quae
1889 2751 1925 2778 de
1946 2750 2010 2786 ipso
2031 2750 2071 2786 fit;
2094 2757 2190 2779 motus
2211 2757 2308 2779 autem
2329 2760 2390 2780 non
2409 2758 2552 2787 estbactus
2573 2751 2648 2781 aeris

1584 2790 1754 2826 inquantum
1776 2796 1818 2818 est
1838 2799 1895 2825 aes,
1918 2791 1968 2818 sed
1989 2790 2162 2827 inquantum
2183 2797 2225 2819 est
2245 2790 2276 2819 in
2295 2790 2425 2828 potentia
2441 2791 2483 2820 ‘ad
2509 2797 2648 2827 statimim

1584 2839 1665 2858 secus
1687 2829 1815 2866 quandiu
1837 2836 1910 2858 esset
1931 2839 1979 2858 aes
1993 2830 2094 2858 tandiu
2114 2836 2286 2859 moveretur.
2302 2847 2321 2852 -
2335 2831 2363 2859 8.
2385 2831 2519 2860 Secundo
2533 2830 2648 2860 ratione

1584 2876 1698 2906 sumpta
1718 2878 1735 2897 a
1756 2869 1914 2897 contrariis.
1936 2869 2120 2898 Manifestum
2137 2875 2180 2898 est
2200 2869 2277 2898 enim
2298 2870 2378 2907 quod
2398 2879 2468 2899 non·
2480 2876 2523 2899 est
2543 2870 2647 2899 eadem

1584 2908 1656 2937 ratio
1678 2908 1796 2937 subiecti
1817 2908 1989 2946 inquantum
2011 2915 2054 2937 est
2074 2918 2126 2937 ens
2147 2909 2177 2937 in
2197 2915 2263 2938 actu
2288 2909 2406 2948 aliquid,
2428 2916 2456 2938 et
2474 2909 2647 2947 inquantum

1584 2954 1626 2976 est
1639 2948 1668 2976 in
1682 2948 1811 2984 potentia
1831 2949 1869 2976 ad
1890 2948 1975 2984 illud3
1997 2948 2127 2985 alioqum
2141 2948 2271 2986 potentia
2285 2950 2322 2977 ad
2337 2949 2481 2979 contraria
2494 2956 2568 2978 esset
2587 2957 2647 2978 una

1583 2988 1742 3016 secundum
1764 2987 1922 3022 rationem,
1945 2994 1972 3016 et
1994 2988 2032 3016 ita
2053 2987 2130 3016 idem
2152 2994 2226 3017 esset
2246 2997 2332 3026 posse
2350 2988 2482 3018 laborare
2512 2995 2540 3018 et
2560 2997 2646 3026 posse

1584 3027 1688 3062 sanari,
1703 3033 1731 3055 et
1751 3034 1962 3064 consequenter
1982 3027 2058 3056 idem
2080 3028 2210 3057 laborare
2232 3034 2260 3056 et
2273 3027 2376 3057 sanari.
2397 3029 2473 3066 Ergo
2495 3028 2524 3056 in
2545 3027 2646 3057 defini—

1583 3066 1661 3095 tione
1690 3066 1882 3095 necessarium
1903 3066 1955 3095 fuit
1984 3067 2105 3096 addere:
2128 3074 2224 3096 motus
2250 3074 2292 3096 est
2319 3074 2398 3097 actus
2427 3067 2589 3105 possibilis,
2616 3068 2648 3096 in

1583 3111 1718 3143 quantum
1740 3112 1782 3134 est
1798 3106 1946 3144 possibile,
1962 3116 2022 3135 non
2044 3113 2139 3135 autem
2154 3107 2327 3144 inquantum
2348 3114 2391 3136 est
2405 3108 2554 3145 quoddam
2575 3108 2642 3136 sub-

1584 3152 1697 3174 lectum.

1582 3254 1719 3293 motus,
1748 3254 1876 3284 utrum
1897 3247 2087 3284 moventis
2108 3255 2171 3285 aut
2194 3247 2214 3268 *
2235 3247 2396 3296 mobilis,
2417 3247 2485 3285 ibi:
2511 3249 2644 3286 Move-

1582 3305 1642 3336 tur
1656 3306 1780 3336 autem
1808 3311 1962 3337 movens
1989 3301 2009 3321 *
2038 3309 2107 3337 etc.
2129 3300 2240 3338 Circa
2263 3300 2431 3350 primum
2451 3301 2520 3338 tria
2539 3300 2642 3338 facit:

1582 3352 1706 3401 primo
1735 3353 1840 3402 ponit
1868 3353 2129 3391 definitionem
2149 3361 2297 3400 motus;
2331 3354 2500 3391 secundo
2524 3352 2642 3391 mani-

1584 3406 1691 3443 festat
1721 3406 1740 3427 *
1767 3414 1890 3455 partes
1920 3406 2160 3453 definitionis,
2191 3406 2261 3444 ibi:
2295 3407 2406 3449 Quod
2425 3412 2549 3444 autem
2572 3406 2643 3442 hoc

1583 3459 1629 3495 sit
1656 3464 1775 3496 motus
1795 3459 1814 3480 *
1835 3466 1917 3505 etc.;
1947 3459 2054 3496 tertio
2083 3459 2245 3496 ostendit
2273 3458 2534 3496 definitionem
2560 3469 2641 3495 esse

1585 3511 1681 3548 bene
1715 3511 1959 3559 assignatam,
1997 3511 2065 3549 ibi:
2109 3512 2218 3554 Quod
2247 3512 2394 3560 quidem
2426 3511 2542 3561 igitur·
2572 3511 2642 3547 hoc

1584 3565 1662 3600 sit*
1684 3571 1751 3601 ete.
1782 3564 1892 3601 Circa
1918 3563 2086 3613 primum
2124 3564 2201 3601 duo
2234 3564 2339 3601 facit:
2373 3563 2498 3612 primo
2535 3563 2642 3612 ponit

2677 823 2744 847 Text.
2758 824 2781 847 ⁶.

2700 1149 2768 1174 Text.
2781 1156 2804 1178 7.

2676 1368 2805 1408 ‘1⁵²8th

2676 1756 2685 1766 '
2698 1758 2766 1781 Text.
2781 1762 2803 1784 9.

2674 2196 2687 2208 ⁸
2700 2195 2767 2219 Text.
2781 2201 2816 2219 ιο.

2671 3257 2814 3281 ‘meod-⁴1.

2671 3311 2681 3322 '
2696 3310 2757 3333 Lect.
2775 3317 2806 3334 ιν.

2669 3419 2852 3468 ,fflfflfffl

2670 3473 2678 3481 ·
2694 3471 2763 3494 Num.
2779 3479 2797 3500 5.

2670 3574 2677 3582 ·
2694 3573 2756 3595 Lect.
2772 3579 2820 3602 seq.
