2982 4022
11 1922 14 1923 Ἴ
0 1810 16 1879 ‘'F'fklz.
0 1430 20 1801 fflfflfflrkr-:ancwnwvrs
0 1413 2 1419 -
0 1371 4 1384 -·

1156 281 1267 318 CAP.
1296 282 1382 329 vn,
1412 282 1561 318 LECT.
1592 283 1679 318 xm
2451 295 2502 332 47

336 359 441 408 quod
469 359 654 396 contraria
681 366 768 396 sunt
785 359 979 408 principia,
1000 366 1036 396 et
1062 366 1194 407 postea
1213 359 1318 407 quod
1339 358 1391 395 eis

98 423 225 471 *fitur-m
244 423 305 449 m,
335 411 475 460 aliquid
503 411 714 458 subiicitur3
744 419 781 448 et
806 412 859 449 sic
886 413 1008 448 sunt*
1025 412 1094 448 tria
1120 411 1313 459 principia.
1343 412 1391 447 Et

91 450 146 478 μ’
163 454 309 471 mmmm
336 476 381 501 ex
400 464 458 501 his
477 476 574 513 quae
594 477 695 501 nunc
715 464 812 501 dicta
831 472 927 511 sunt,
948 464 1190 500 manifestum
1210 471 1265 499 est
1292 475 1389 511 quae

97 528 109 539 ·
123 529 148 549 et
159 528 196 549 εει
207 526 270 554 quod
287 531 307 548 c·
336 516 547 554 differentia
583 517 628 554 sit
663 517 759 554 inter
795 516 999 553 contraria:
1035 516 1122 564 quia
1140 517 1160 537 '¹‘
1186 527 1307 552 unum
1336 523 1391 552 est

334 569 562 618 principium
593 582 663 618 per
694 582 755 616 se,
785 576 821 605 et
848 569 948 606 aliud
970 569 990 589 ²¹²
1016 580 1086 617 per
1117 568 1303 605 accidens.
1341 564 1391 604 Et

334 622 470 659 iterum
499 622 641 659 dictum
661 629 716 659 est
733 622 930 670 quomodo
949 620 1131 670 principia
1159 633 1200 657 se
1226 621 1391 657 habeant

96 680 181 730 :⁶3⁶⁴ss
202 683 308 711 prmo-0
335 674 384 711 ad
407 674 589 712 invicem:
610 674 698 723 quia
721 674 934 711 subiectum
954 680 991 710 et
1009 673 1237 710 contrarium
1258 675 1277 693 θ
1305 680 1391 710 sunt

143 723 150 730 ’
182 724 188 730 ’
333 739 455 764 unum
483 739 642 764 numero
663 734 699 764 et
718 726 794 764 duo
823 725 978 763 ratione.
1008 727 1057 763 Et
1083 726 1219 763 iterum
1247 725 1390 763 dictum

97 579 109 591 ⁸
122 578 220 600 alterum
233 583 269 600 n.

1445 366 1501 395 est
1528 359 1618 408 quid
1647 367 1702 396 est
1729 360 1951 407 subiectum,
1973 361 2184 397 secundum
2213 360 2317 409 quod
2345 361 2503 398 manife-

1445 412 1531 448 stari
1558 412 1690 460 potuit.
1722 412 1798 449 Sed
1825 413 1998 449 nondum
2027 413 2169 450 dictum
2200 414 2220 434 *
2247 421 2303 449 est
2334 413 2425 462 quid
2457 413 2502 450 sit
2527 420 2683 441 *nondictum
2694 420 2740 442 ‹11¹-

2529 446 2572 467 huc
2577 446 2643 472 mab,
2652 453 2697 467 non
2704 447 2740 468 ai-

1445 464 1563 511 magis
1585 465 1801 511 substantia,
1831 473 1958 502 utrum
1986 466 2108 502 forma
2136 466 2197 502 vel
2226 466 2402 503 materia:
2427 467 2501 502 hoc
2528 473 2587 493 ctum
2601 478 2683 494 mnov-

1444 516 1547 552 enirn
1576 517 1718 554 dicetur
1745 517 1784 553 in
1811 517 1993 566 principio
2023 518 2179 555 secundi
2200 519 2231 555 ²¹⁸.
2262 519 2338 556 Sed
2359 519 2500 555 dictum
2527 528 2615 549 *Lect-
2630 534 2652 555 11,
2667 535 2691 551 n·
2705 535 2726 556 5-

1444 576 1500 605 est
1518 569 1623 617 quod
1639 569 1822 618 principia
1850 578 1935 607 sunt
1947 571 2032 618 tria,
2059 578 2096 607 et
2123 571 2332 619 quomodo,
2354 579 2390 608 et
2418 571 2500 620 quis
2528 585 2536 592 ·
2551 586 2588 605 est
2600 591 2647 606 om.
2665 591 2740 611 „uoq

1444 628 1500 658 est
1520 622 1540 642 *
1567 622 1704 658 modus
1732 622 1914 670 ipsorum.
1944 624 1993 660 Et
2018 623 2151 659 ultimo
2182 624 2369 661 concludit
2399 624 2501 672 prin·
2526 616 2582 657 fvssx
2595 636 2663 657 asca-s
2684 636 2737 658 aad.

2527 668 2593 687 omn,
2604 668 2634 683 ex
2638 663 2738 689 praedi-

1445 674 1564 722 cipale
1591 674 1794 721 intentum,
1833 675 1969 712 scilieet
1997 675 2101 724 quod
2133 676 2375 713 manifestum
2404 684 2459 714 est
2479 678 2499 698 *
2528 689 2570 709 ctis
2585 695 2660 709 nusz-

2527 715 2537 725 ⁸
2550 717 2604 735 sunl
2611 714 2679 736 codd.
2688 720 2741 737 exc.

1445 734 1538 775 quot
1564 733 1651 763 sunt
1676 727 1859 776 principia
1887 735 1922 764 et
1949 740 2046 780 quae
2075 728 2148 765 sint
2167 730 2198 765 ²¹².
2527 747 2579 762 m.
