2950 4004
221 1755 232 1764 ⁸
247 1754 387 1775 determinat
405 1752 434 1773 de

222 1780 355 1808 differentia
369 1780 420 1801 rab.

220 1859 230 1869 ⁴¹
245 1858 314 1880 Num.
330 1864 360 1879 10.

219 2016 230 2026 '⁴
246 2015 314 2037 Num.
331 2016 352 2037 8.

221 2385 231 2395 '⁸
244 2385 345 2411 positam
365 2383 432 2404 codd.

222 2417 270 2431 exc.
285 2416 423 2435 Atxoqsrvx.

221 2438 231 2447 ⁸
245 2436 346 2457 ostendit
355 2436 408 2457 add.
418 2443 432 2457 1>

221 2469 388 2484 nrcuruunsvz.

222 2490 232 2499 ⁶
246 2489 314 2511 Num.
330 2489 351 2510 6.

224 2645 233 2655 “
248 2645 316 2666 Num.
332 2651 351 2673 5.

224 2755 234 2765 '
248 2754 272 2775 in
291 2754 343 2775 add.
362 2761 434 2777 neren

224 2787 334 2802 unnsrrz.

224 2961 234 2971 ⁸
245 2961 367 2988 proprium
383 2968 433 2983 unz.

467 233 517 278 84

532 306 645 360 φύσιν
658 307 772 339 αἰτίαν
810 303 895 337 εἶναι
926 306 982 336 καὶ
1021 305 1129 336 ἄλλων
1163 303 1295 334 πολλῶν
1330 303 1387 332 καὶ
1424 295 1524 332 τοῦδε

533 350 645 383 παντό

458 395 535 428 ’Ότι
560 391 587 425 6'
611 362 701 426 {aia-w
728 396 836 433 αἴτια,
863 395 919 423 καὶ
947 391 1000 423 ὅτι.
1026 391 1184 422 τοσαῦτα
1210 389 1269 420 τὸν
1297 387 1434 441 ἀριθμὸν
1462 387 1525 419 ὅσα

533 438 654 483 φοιμέν,
682 433 797 473 δῆλον·
827 436 985 468 τοσαῦτα
1003 435 1074 489 γοὶρ
1101 433 1159 464 τὸν
1187 432 1322 488 ἀριθμὸν
1350 432 1390 463 το
1415 428 1474 463 διαὶ
1491 434 1524 463 τί

533 494 622 537 περι-ε
610 483 719 524 -ίληφ;
723 492 752 511 ν·
772 481 792 516 ἢ
810 480 874 526 γὰρ
900 480 944 515 εἰς
970 479 1011 510 τὸ
1037 480 1069 509 τί
1097 478 1187 508 ἐστιν
1215 476 1383 532 ἀνοίγεται
1409 475 1449 507 τό
1468 471 1527 508 διά,

532 529 565 558 τί
593 526 738 579 ἔσχατον
766 526 797 556 ἑν
824 528 893 560 τοῖς
921 521 1104 559 ἀκινητοις,
1125 522 1192 552 οἷον
1219 522 1251 552 ἐν
1276 524 1345 557 τοῖς
1364 518 1526 563 μαθήμα-

531 582 581 602 σιν
606 572 670 611 (εἰς
698 569 831 624 ὁρισμὸν
855 567 932 621 γὰρ
946 567 1007 598 τοῦ
1033 565 1142 602 εὐθέος
1170 563 1190 601 ἦ
1215 564 1406 619 συμμέτρου
1427 564 1447 600 ἦ
1468 564 1524 596 ἄλ-

530 616 590 645 λου
610 613 698 650 τινὸς
722 613 893 667 ἀνάγεται
919 610 1099 670 ἔσχατον),
1119 608 1140 645 ἦ
1158 609 1201 645 εἰς
1224 608 1265 640 τὸ
1282 610 1423 644 κινῆσαν
1442 609 1526 652 πρῶ-

532 670 603 698 τον,
625 658 690 688 οἷον
717 653 775 688 ὸιοὶ
800 658 832 687 τί
859 656 1093 708 ἑπολεμησανς
1122 652 1174 684 ὅτι
1194 652 1373 689 ἐσύλησαν·
1394 650 1415 687 ἦ
1434 655 1523 689 τίνος

533 701 581 733 ἕεν
585 711 648 740 223
672 701 709 731 ἐν’
734 699 885 754 αρξωσιν·
906 697 926 734 ἦ
946 699 977 729 ὲν
996 701 1065 734 τοῖς
1091 695 1277 749 γινομένοις
1303 697 1323 732 ἡ
1351 695 1425 732 ὕλη.
1445 695 1523 728 ’Ότι

531 746 589 788 μὲν
616 743 672 776 ουν
698 744 745 776 τοὶ
770 746 866 775 αἴτια
893 742 1010 773 ταῦτα
1035 743 1092 772 καὶ
1118 741 1295 780 τοσαῦτα,
1323 739 1475 784 φανερόν.

517 878 665 905 8ΥΝοΡ515.
678 893 712 896 -
729 885 752 903 ι.
768 876 978 912 Argumentum
999 878 1026 900 et
1047 872 1148 900 divisio
1170 878 1271 900 textus.
1287 887 1307 892 —-
1321 879 1348 900 2.
1369 873 1460 900 Casus
1482 879 1524 900 est

464 918 494 945 in
514 917 578 953 plus
599 925 686 953 quam
708 915 831 943 fortuna.
848 931 867 935 -
883 915 908 941 3.
923 914 1030 940 Textus
1045 911 1212 940 subdivisio.
1228 928 1247 933 -
1260 921 1290 947 4.
1306 912 1435 940 Fortuna
1453 918 1480 940 et
1495 912 1524 940 id

464 957 543 993 quod
565 962 607 984 est
627 965 644 983 a
664 955 779 983 fortuna
799 954 828 981 in
849 953 903 980 illis
924 958 1035 980 tantum
1057 950 1236 987 contingunt,
1251 961 1326 988 quae
1346 952 1456 979 habens
1471 952 1524 979 do—

463 995 585 1024 minium
613 995 656 1022 sui
683 1000 763 1022 actus
789 991 950 1020 voluntarie
977 991 1043 1027 agit.
1060 1007 1078 1012 -
1102 991 1127 1018 5.
1149 991 1181 1018 In
1201 990 1245 1018 his
1272 1000 1340 1028 ergo
1363 1000 1437 1028 quae
1463 1000 1524 1019 non

463 1041 551 1072 agunt
578 1033 752 1067 voluntarie,
775 1031 914 1076 contingit
944 1030 1062 1067 quidem
1092 1029 1151 1066 pati
1179 1039 1197 1058 a
1222 1030 1352 1065 fortuna,
1382 1037 1524 1067 quatenus

462 1083 550 1111 agens
570 1072 764 1101 voluntarium
795 1071 869 1099 circa
890 1080 923 1098 ea
951 1076 1101 1106 operatur,
1123 1079 1184 1097 non
1205 1076 1302 1098 autem
1323 1079 1407 1106 agere
1428 1079 1446 1098 a
1466 1070 1523 1098 for-

462 1120 540 1141 tuna.
556 1129 574 1134 -
589 1113 615 1140 6.
645 1110 806 1140 Subdivisio
828 1116 928 1138 textus.
944 1127 963 1131 —
979 1119 1004 1146 7.
1021 1110 1111 1138 Casus
1134 1115 1176 1137 est
1197 1109 1283 1137 etiam
1305 1109 1335 1137 in
1355 1110 1442 1137 rebus
1463 1118 1524 1138 non

461 1151 620 1180 voluntarie
641 1150 790 1188 agentibus
812 1156 839 1178 et
860 1148 1064 1177 inanimatis.—
1078 1149 1104 1176 8.
1126 1148 1316 1177 Concluditur
1341 1149 1421 1186 quod
1442 1158 1524 1177 casus

462 1198 504 1219 est
525 1191 554 1218 in
575 1190 618 1218 his
640 1199 712 1227 quae
734 1189 899 1226 simpliciter
919 1189 991 1216 fiunt
1012 1194 1129 1225 propter
1150 1187 1268 1224 aliquid,
1283 1197 1349 1216 curn
1370 1197 1431 1216 non
1452 1188 1525 1216 fiunt

462 1240 547 1259 causa
561 1230 621 1258 eius
637 1230 715 1266 quod
737 1229 852 1263 accidit3
867 1229 982 1256 fortuna
996 1237 1064 1256 vero
1080 1234 1122 1256 est
1136 1227 1165 1255 in
1180 1227 1223 1255 his
1238 1237 1312 1264 quae
1327 1236 1345 1256 a
1359 1236 1427 1255 casu
1440 1227 1522 1263 fiunt,

461 1269 532 1298 sed
526 1279 554 1297 m
569 1269 717 1306 agentibus
738 1278 755 1297 a
775 1268 935 1305 proposito.
957 1284 976 1288 -
997 1277 1024 1304 9.
1044 1267 1090 1295 Ad
1118 1267 1318 1304 explicandum
1340 1267 1420 1304 quod
1441 1275 1524 1295 casus

461 1316 503 1337 est
524 1309 553 1337 in
574 1309 617 1336 his
639 1317 713 1345 quae
734 1314 800 1336 sunt
823 1313 949 1345 propter
969 1308 1092 1344 aliquid,
1115 1313 1321 1343 comparantur
1343 1307 1380 1335 ad
1401 1306 1522 1335 invicem

461 1358 544 1377 casus
565 1355 592 1376 et
614 1357 727 1376 vanum.
749 1363 767 1368 —-
794 1357 837 1375 10.
859 1348 891 1374 In
913 1347 1016 1384 quibus
1044 1346 1167 1375 maxime
1188 1346 1300 1374 differat
1324 1355 1407 1374 casus
1428 1355 1446 1374 a
1466 1346 1524 1374 for-

459 1395 540 1416 tuna.
558 1405 576 1409 -
601 1397 644 1416 11.
666 1389 757 1416 Casus
778 1393 806 1415 et
826 1387 941 1415 fortuna
962 1387 1137 1415 reducuntur
1157 1386 1195 1414 ad
1215 1395 1306 1423 genus
1329 1394 1432 1414 causae
1460 1395 1523 1414 mo-

459 1689 599 1727 viditur
632 1689 670 1726 in
699 1690 794 1727 duas
826 1697 971 1738 partes:
1006 1689 1045 1726 in
1071 1689 1196 1738 prima
1229 1664 1391 1725 ostendit
1419 1688 1524 1725 diffe-

461 1742 620 1779 rentiam
648 1743 668 1763 '¹‘
692 1743 865 1779 fortunae
893 1749 930 1778 et
958 1754 1087 1788 casus;
1117 1741 1155 1778 in
1175 1741 1343 1778 secunda
1363 1741 1545 1778 ostendit

459 1795 525 1832 ubi
554 1795 719 1832 maxime
748 1796 844 1831 haec
872 1794 1083 1831 differentia
1112 1794 1294 1841 consistit,
1329 1794 1400 1830 ibi·
1435 1795 1524 1830 Ma—

459 1849 563 1884 xime
581 1848 744 1884 autem*
764 1855 832 1884 etc.
853 1847 983 1884 Prima
1003 1846 1206 1884 dividitur'
1198 1860 1237 1883 1n
1257 1847 1372 1883 duas.
1393 1846 1431 1883 in
1449 1847 1523 1895 pri-

461 1914 525 1937 ma
559 1901 722 1937 ostendit
754 1900 1005 1937 differentiam
1042 1900 1138 1936 inter
1175 1912 1306 1936 casum
1340 1907 1376 1936 et
1409 1899 1524 1936 fortu-

460 1966 572 2000 nam;
601 1953 639 1989 in
668 1953 835 1990 secunda
863 1953 1082 2001 recapitulat
1110 1965 1207 2001 quae
1238 1952 1335 1989 dicta
1363 1960 1450 1989 sunt
1477 1953 1524 1989 de

459 2014 640 2055 utroque,
677 2006 749 2043 ibi:
784 2007 910 2048 Quare
941 2005 1180 2054 manifestum
1213 2011 1268 2042 est
1294 2007 1313 2027 ’¹‘
1343 2013 1411 2042 etc

515 2071 549 2096 2.
581 2058 691 2096 Circa
717 2059 885 2108 primum
911 2058 987 2096 duo
1008 2058 1113 2095 facit:
1142 2058 1267 2107 primo
1290 2058 1399 2108 ponit
1418 2057 1523 2094 diffe-

461 2112 621 2150 rentiam
650 2112 745 2149 inter
768 2124 898 2149 casum
928 2119 964 2148 et
992 2111 1204 2157 fortunam;
1240 2118 1276 2147 et
1304 2111 1391 2148 dicit
1419 2110 1524 2159 quod

461 2166 499 2202 in
519 2166 593 2201 hoc
613 2164 802 2211 differunt,
824 2164 930 2213 quod
946 2176 1056 2200 casus
1076 2171 1132 2200 est
1150 2164 1188 2200 in
1206 2164 1292 2212 plus
1313 2176 1429 2212 quam
1449 2164 1522 2200 for-

458 2226 562 2264 tuna,
593 2218 681 2266 quia
700 2230 816 2254 omne
845 2216 950 2266 quod
979 2225 1035 2253 est
1062 2229 1083 2253 a
1116 2217 1266 2253 fortuna
1287 2225 1342 2253 est
1369 2229 1391 2253 a
1420 2229 1522 2264 casu,

461 2271 528 2308 sed
561 2282 639 2306 non
668 2270 908 2307 convertitur.

516 2324 550 2360 3.
568 2323 763 2370 Secundo,
784 2323 849 2360 ibi:
869 2324 1039 2359 Fortuna
1059 2322 1205 2370 quidem
1225 2321 1324 2358 enim
1345 2329 1427 2370 etc.,
1443 2334 1524 2358 ma-

460 2377 608 2413 nifestat
621 2376 853 2435 praedictam
868 2376 888 2396 ’¹⁹'
903 2374 1167 2412 differentiam.
1184 2375 1233 2411 Et
1250 2374 1376 2422 primo
1399 2382 1522 2412 osten-

461 2429 540 2466 dit
532 2442 570 2465 m
590 2429 727 2477 quibus
747 2429 792 2465 sit
811 2429 977 2474 fortuna3
999 2427 1209 2464 secundo*
1230 2428 1335 2476 quod
1357 2440 1466 2464 casus
1485 2428 1524 2465 in

459 2482 629 2531 pluribus
654 2489 719 2528 est,
732 2482 803 2518 ibi:
825 2482 898 2518 Sed
915 2493 1023 2517 casus
1044 2481 1080 2517 in
1096 2480 1214 2517 aliis*
1231 2488 1299 2518 etc.
1321 2481 1432 2517 Circa
1449 2481 1523 2529 pri-

460 2547 567 2572 mum
589 2535 665 2572 duo
690 2535 795 2571 facit:
815 2534 940 2582 primo
971 2533 1161 2570 ostendit'
1153 2546 1191 2569 1n
1210 2534 1348 2581 quibus
1377 2534 1423 2570 sit
1450 2534 1521 2570 for

459 2596 570 2633 tuna;
600 2587 768 2624 secundo
798 2586 987 2624 concludit
1012 2587 1050 2623 in
1079 2586 1216 2635 quibus
1244 2599 1323 2623 non
1353 2586 1418 2634 sit,
1448 2586 1521 2629 ibi:

459 2643 510 2677 Et
530 2646 685 2688 propter
711 2642 782 2677 hoc
810 2652 928 2688 neque
959 2640 1207 2677 inanimatum
1235 2640 1256 2660 ²¹*
1285 2647 1352 2676 etc.

512 2705 549 2740 4.
571 2693 670 2730 Dicit
689 2706 778 2752 ergo
798 2693 922 2752 primo
944 2692 1069 2767 quodae
1068 2693 1219 2729 fortuna
1233 2700 1270 2729 et
1283 2692 1322 2729 id
1341 2691 1447 2740 quod
1467 2699 1523 2728 est

462 2758 483 2782 a
511 2746 672 2793 fortuna,
693 2746 883 2783 invenitur
902 2746 939 2782 in
959 2745 1069 2782 illis*
1089 2745 1226 2794 quibus
1255 2746 1352 2782 bene
1379 2744 1522 2782 contin-

461 2810 548 2846 gere
577 2798 716 2847 aliquid
745 2798 898 2844 dicitur3
928 2799 1017 2847 quia
1044 2798 1082 2835 in
1112 2798 1249 2846 quibus
1279 2806 1334 2835 est
1355 2798 1520 2845 fortuna,

460 2859 585 2899 potest
614 2863 694 2888 esse
734 2851 990 2888 eufortunium
1020 2858 1055 2888 et
1087 2851 1347 2888 infortunium.
1378 2850 1523 2887 Dicitur

462 2911 589 2940 autem
609 2905 706 2940 bene
727 2904 941 2952 contingere
962 2905 1010 2941 illi
1030 2905 1171 2953 aliquid
1191 2905 1297 2942 cuius
1321 2910 1377 2941 est
1398 2916 1520 2952 agere.

462 2955 554 2992 Eius
582 2964 709 2994 autem
743 2957 895 3006 proprie
916 2958 934 2978 't'
956 2965 1011 2994 est
1034 2970 1157 3006 agere,
1179 2957 1285 3006 quod
1312 2958 1427 2995 habet
1455 2957 1521 2994 do-

462 3008 621 3045 minium
651 3010 707 3046 sui
736 3017 859 3056 actus3
889 3011 994 3058 quod
1014 3019 1141 3048 autem
1161 3023 1239 3047 non
1258 3011 1373 3047 habet
1401 3009 1522 3047 domi-

462 3061 567 3097 nium
597 3061 653 3098 sui
682 3069 796 3109 actus,
823 3063 941 3110 magis
970 3064 1089 3111 agitur
1117 3076 1232 3113 quam
1253 3071 1352 3112 agat:
1375 3070 1410 3100 et
1433 3062 1520 3100 ideo

462 3121 566 3150 actus
593 3126 671 3151 non
700 3123 755 3152 est
787 3115 824 3152 in
844 3123 1027 3164 potestate
1057 3117 1135 3154 eius
1165 3117 1271 3176 quod
1294 3116 1423 3164 agitur,
1454 3116 1522 3153 sed

462 3166 582 3214 magis
610 3167 690 3204 eius
718 3168 823 3217 quod
857 3169 931 3216 agit
959 3169 1096 3218 ipsum.
1133 3171 1182 3206 Et
1210 3169 1298 3218 quia
1331 3169 1409 3207 vita
1436 3181 1521 3218 pra-

517 3279 543 3311 α)
563 3279 691 3304 inducit..
699 3280 914 3312 ,propinqua--
895 3281 968 3305 -Sic
993 3281 1104 3312 legimus
1124 3289 1184 3307 cum
1203 3282 1277 3307 codd.
1299 3289 1352 3307 exc.
1373 3283 1450 3314 EpG;
1471 3283 1524 3307 Pab

463 3312 557 3338 habent
580 3314 687 3344 inducit,
707 3315 769 3347 quia
789 3314 936 3348 (inducitur
954 3316 1025 3349 quod
1044 3316 1078 3351 P)
1091 3318 1209 3350 fortuna
1229 3317 1335 3342 videtur
1354 3317 1422 3342 idem
1436 3318 1524 3351 felici-

465 3348 516 3372 tati
534 3349 573 3372 vel
591 3349 615 3373 ei
633 3357 687 3374 esse
707 3350 859 3383 propinqua
884 3351 924 3375 vel
942 3357 996 3376 esse
1015 3351 1084 3384 ipsa,
1107 3353 1153 3377 sed
1177 3353 1218 3377 vel
1236 3359 1290 3377 esse
1314 3352 1371 3384 ipsa
1399 3353 1524 3377 redundat

464 3383 488 3405 vi
509 3382 636 3407 divisionis
656 3386 812 3416 propositam
833 3386 895 3417 EpG
916 3386 1029 3414 inducit,
1049 3387 1112 3419 quia
1124 3389 1241 3428 sor-tuna
1262 3387 1367 3412 videtur
1395 3388 1436 3412 vel
1455 3388 1522 3413 idem

458 3416 587 3449 felicitati
606 3418 646 3442 vel
663 3426 717 3443 esse
728 3420 884 3451 felicitatem
906 3422 945 3445 vel
964 3428 1018 3446 esse
1037 3422 1061 3447 ei
1076 3423 1239 3455 propinqua.

520 3450 546 3484 β)
565 3452 664 3477 scilicet
682 3453 787 3478 virtutis
807 3460 853 3480 etc.
866 3456 949 3480 -Pro
974 3456 1084 3486 scilicet,
1107 3458 1175 3482 idest
1193 3457 1524 3488 ACEGIKLOQSTVXa;

467 3493 515 3518 pro
536 3486 624 3517 primo
652 3488 744 3517 Ethic„
762 3489 894 3521 principio
915 3491 999 3516 Ethic.
1024 3492 1161 3522 AIKOQS
1162 3493 1283 3521 rvxva,·
1302 3495 1327 3517 et
1346 3493 1384 3518 sic
1401 3493 1522 3525 sequitur

468 3521 508 3544 ed.
521 3527 538 3544 a
557 3526 581 3545 et
600 3522 674 3546 codd.
688 3531 740 3547 exc.
756 3523 922 3555 NRZsFGH·
941 3534 988 3557 pro
1007 3527 1107 3558 quibus,
1129 3528 1154 3553 in
1174 3528 1267 3560 quibus
1286 3527 1524 3553 PBDEGHlLNRS

467 3554 526 3586 YZ;
545 3563 592 3588 pro
610 3557 747 3590 contingit,
766 3559 885 3584 convenit
901 3560 962 3584 Pab.

1548 3281 1554 3597 ι

1101 225 1444 263 PHYSICORUM
1472 225 1820 262 ARISTOTELIS
1850 227 1943 263 LIB.
1975 228 2007 264 ΙΙ

1646 304 1764 334 lectum
1784 310 1814 334 et
1836 310 1982 335 naturam
2000 314 2067 335 esse
2091 312 2121 336 et
2139 306 2274 338 aliorum
2297 308 2474 340 multorum
2502 317 2532 341 et
2550 310 2645 342 huius

1648 347 1762 378 omnis.

1580 390 1597 409 *
1612 391 1702 428 Quae
1726 397 1832 422 autem
1856 398 1930 422 sunt
1946 402 2067 431 causae,
2088 399 2118 423 et
2141 394 2230 433 quod
2253 401 2301 425 tot
2323 395 2384 426 sint
2405 406 2539 428 numero
2564 405 2645 438 quot

1648 434 1800 473 dicimus,
1824 435 2029 466 manifestum
2053 442 2116 467 est:
2142 443 2191 467 tot
2214 437 2299 468 enim
2327 441 2503 471 secundum
2530 450 2642 473 nume-

1647 487 1721 508 rum
1744 485 1874 519 propter
1900 479 1978 520 quid
2008 480 2255 520 comprehendit.
2285 483 2351 512 Aut
2381 483 2466 514 enim
2492 483 2526 514 in
2554 486 2643 526 quod

1646 521 1724 562 quid
1747 529 1794 553 est
1816 523 1974 554 reducitur
1996 530 2125 564 propter
2155 524 2233 564 quid
2260 525 2411 556 ultimum
2433 527 2467 556 in
2494 527 2643 559 immobi-

1645 566 1739 603 libus,
1764 572 1800 596 ut
1817 566 1850 596 in
1866 567 2093 598 mathematicis
2110 567 2164 610 (in
2183 567 2365 599 definitione
2389 570 2474 600 enim
2491 571 2567 602 recti
2590 579 2644 604 aut

1646 610 1892 641 commensurati
1930 618 1984 642 aut
2015 611 2148 642 alicuius
2177 612 2343 643 cuiusdam
2374 614 2533 645 reducitur
2570 616 2644 647 ulti-

1647 651 1768 695 mum);
1787 653 1804 672 *
1820 660 1874 684 aut
1896 654 1929 684 in
1948 665 2081 686 movens
2096 656 2248 696 primum,
2269 663 2304 687 ut
2326 664 2456 698 propter
2479 658 2557 699 quid
2581 669 2644 690 cer-

1633 695 1809 728 taverunt?
1832 698 1987 738 quoniam
2014 699 2106 730 furati
2136 707 2229 738 sunt;
2260 707 2315 730 aut
2343 701 2432 731 cuius
2461 699 2581 741 gratia?
2609 710 2645 734 ut

1646 740 1869 780 dominentur,
1894 749 1948 772 aut
1970 742 2003 772 in
2013 742 2060 773 iis
2076 753 2157 784 quae
2180 743 2271 782 fiunt,
2295 745 2433 776 materia.
2460 746 2558 783 Quod
2574 746 2643 787 qui-

1645 785 1719 814 dem
1741 784 1836 825 igitur
1859 795 1969 816 causae
1992 786 2051 817 hae
2074 794 2105 818 et
2127 794 2175 818 tot
2198 788 2277 826 sint,
2301 788 2504 820 manifestum
2528 797 2582 821 est.

1577 872 1684 908 ventis3
1706 873 1758 900 sed
1775 872 1844 909 quia
1863 879 1930 901 sunt
1950 883 2053 903 causae
2067 883 2118 911 per
2138 875 2280 911 accidens,
2295 885 2397 905 eorum
2423 877 2579 907 multitudo
2600 884 2642 907 est

1578 894 1806 940 indetei-minata.
1822 929 1840 934 —
1859 920 1901 941 12.
1924 913 2015 942 Casus
2037 920 2064 942 et
2084 914 2200 943 fortuna
2222 922 2288 943 sunt
2308 924 2411 945 causae
2438 926 2491 954 per
2510 917 2643 946 accidens

1578 961 1681 980 eorum
1703 961 1827 988 quorum
1849 951 2008 981 intellectus
2029 959 2057 982 et
2077 960 2180 982 natura
2200 961 2267 983 sunt
2287 964 2375 984 causa
2394 965 2446 992 per
2466 966 2504 992 se,
2527 963 2556 985 et
2575 956 2642 986 ideo

1578 997 1645 1019 sunt
1659 1000 1762 1019 causae
1783 991 1957 1028 posteriores
1978 991 2121 1021 intellectu
2149 1000 2178 1022 et
2197 1000 2308 1023 natura.
2335 995 2468 1032 Cumque
2489 1005 2576 1025 causa
2596 1003 2642 1025 to-

1578 1030 1634 1059 tius
1654 1030 1780 1059 universi
1799 1030 1880 1067 prior
1901 1031 1937 1060 sit
1957 1041 2050 1077 quam
2066 1042 2153 1061 causa
2173 1032 2294 1061 alicuius
2315 1034 2413 1070 partis,
2434 1035 2641 1064 inconveniens

1578 1076 1620 1098 est
1641 1079 1759 1098 causam
1787 1069 1858 1098 caeli
1879 1077 1908 1099 et
1927 1071 2052 1101 universi
2073 1081 2181 1108 ponere
2210 1081 2317 1102 casum.
2339 1089 2358 1094 -
2383 1074 2426 1102 13.
2449 1074 2479 1102 Si
2507 1084 2541 1103 ea
2568 1084 2643 1112 quae

1578 1109 1728 1138 casualiter
1751 1109 1899 1146 accidunt,
1921 1102 2098 1139 reducuntur
2124 1111 2154 1139 in
2182 1111 2308 1149 aliquam
2327 1122 2443 1141 causam
2465 1113 2643 1150 superiorem

1578 1149 1770 1184 ordinantem,
1792 1149 1822 1177 in
1843 1150 2060 1187 comparatione
2077 1151 2114 1179 ad
2130 1150 2207 1179 illam
2229 1161 2346 1180 causam
2363 1161 2425 1180 non
2447 1158 2570 1190 possunt
2588 1153 2644 1182 dici

1579 1187 1712 1216 casualia.
1726 1203 1747 1210 —-
1765 1197 1808 1224 14.
1825 1190 1893 1217 Non
1914 1195 1980 1217 sunt
1999 1189 2096 1226 plures
2117 1199 2220 1219 causae
2242 1200 2330 1228 quam
2352 1198 2493 1228 quatuor·
2516 1201 2584 1222 nam
2605 1193 2643 1222 ad

1579 1227 1779 1265 quaestionem
1795 1234 1921 1266 propter
1944 1228 2030 1295 quidN
2036 1239 2098 1257 non
2125 1231 2316 1266 respondetur
2329 1230 2383 1259 nisi
2400 1231 2496 1269 aliqua
2517 1241 2551 1260 ex
2572 1241 2643 1270 qua-

1578 1273 1646 1295 tuor
1667 1266 1745 1295 hisce
1771 1267 1873 1295 causis.
1895 1284 1914 1288 —
1939 1268 1982 1296 15
2005 1269 2127 1297 Necesse
2157 1275 2200 1297 est
2220 1276 2318 1298 autem
2338 1279 2400 1298 esse
2430 1277 2556 1308 quatuor
2576 1280 2643 1300 cau-

1579 1316 1640 1335 sas:
1663 1315 1731 1335 narn
1754 1315 1840 1335 causa
1870 1313 1912 1334 est
1932 1307 1970 1335 ad
1991 1316 2079 1344 quam
2105 1308 2235 1345 sequitur
2255 1318 2317 1338 esse
2345 1309 2478 1346 alterius3
2500 1311 2572 1340 haec
2592 1320 2643 1339 au-

1578 1353 1637 1374 tern
1659 1352 1784 1382 quatuor
1813 1352 1880 1374 sunt
1910 1346 2071 1375 necessaria
2091 1348 2128 1375 ad
2149 1356 2211 1376 esse
2232 1348 2288 1384 rei,
2310 1350 2470 1378 secundum
2498 1352 2579 1388 quod
2606 1352 2642 1380 de

1580 1385 1710 1423 potentia
1730 1391 1795 1413 ente
1816 1385 1847 1413 fit
1867 1391 1934 1414 actu
1955 1395 2015 1414 ens.

1581 1477 1690 1525 ctica,
1720 1477 1801 1515 sive
1830 1477 1952 1515 activa
1981 1485 2036 1515 est
2063 1490 2199 1515 eorum
2227 1491 2325 1528 quae
2351 1480 2494 1517 habent
2521 1480 2643 1518 do'mi-

1580 1530 1687 1567 nium
1720 1530 1779 1567 sui
1812 1538 1916 1567 actus
1954 1530 2011 1578 (in
2043 1531 2101 1568 his
2134 1531 2236 1568 enim
2269 1532 2477 1570 invenitur
2494 1534 2643 1582 operari

1580 1582 1792 1620 secundum
1811 1583 1991 1620 virtutem
2009 1585 2072 1622 vel
2088 1584 2108 1606 *
2125 1583 2289 1632 vitium),
2305 1585 2392 1622 ideo
2413 1597 2567 1623 necesse
2588 1592 2680 1624 est

1581 1635 1686 1685 quod
1714 1635 1864 1672 fortuna
1883 1636 1929 1672 sit
1948 1636 2046 1673 circa
2071 1637 2246 1686 practica.
2277 1638 2326 1674 Et
2351 1637 2464 1675 huius
2491 1639 2642 1687 signum

1579 1688 1742 1748 inducit,
1773 1688 1860 1737 quia
1883 1689 2032 1726 fortuna
2058 1689 2209 1727 videtur
2236 1691 2298 1728 vel
2323 1690 2426 1727 idem
2455 1704 2537 1729 esse
2566 1692 2642 1729 feli-

1581 1741 1678 1778 citati
1705 1742 1767 1778 vel
1806 1741 1840 1778 ei
1878 1753 1959 1778 esse
1995 1742 2210 1792 propinqua
2237 1748 2274 1779 “z
2302 1743 2407 1780 unde
2442 1744 2646 1792 vulgariter

1580 1793 1704 1830 felices
1734 1794 1831 1831 bene
1860 1794 2036 1832 fortunati
2062 1803 2259 1832 vocantur.
2291 1796 2512 1834 Secundum
2542 1797 2644 1834 enim

1580 1847 1662 1883 illos
1695 1846 1758 1895 qui
1791 1847 2004 1884 felicitatem
2036 1847 2074 1884 in
2102 1848 2212 1885 bonis
2246 1849 2494 1887 exterioribus
2523 1850 2643 1887 consi-

1581 1907 1677 1936 stere
1705 1906 1857 1948 putant,
1888 1900 2041 1937 felicitas
2070 1908 2126 1938 est
2149 1901 2252 1938 idem
2289 1902 2480 1939 fortunae.
2510 1915 2643 1941 secun-

1580 1952 1674 1989 dum
1693 1952 1775 1989 illos
1798 1965 1892 1990 vero
1922 1953 1987 2002 qui
2012 1953 2114 1990 bona
2133 1954 2328 2002 exteriora,
2349 1954 2388 1992 in
2407 1955 2544 2004 quibus
2561 1957 2643 2005 plu-

1581 2005 1721 2042 rimum
1759 2006 1874 2042 habet
1910 2006 2038 2042 locum
2075 2007 2246 2055 fortuna,
2285 2007 2414 2044 dicunt
2452 2008 2644 2046 deservire

1579 2058 1911 2095 instrumentaliter
1943 2059 1992 2095 ad
2020 2058 2267 2106 felicitatem,
2280 2061 2491 2098 secundum
2519 2061 2594 2098 hoc
2624 2062 2644 2084 '⁸‘

1580 2111 1682 2147 bona
1710 2111 1859 2147 fortuna
1888 2118 1943 2147 est
1970 2111 2185 2160 propinqua
2213 2112 2373 2150 felicitati
2384 2113 2503 2162 ,quia
2532 2115 2644 2152 coad-

1579 2163 1683 2200 iuvat
1710 2164 1759 2200 ad
1787 2163 1921 2212 ipsam.
1952 2164 2063 2201 Unde
2087 2175 2175 2201 cum
2200 2165 2352 2202 felicitas
2380 2165 2427 2203 sit
2454 2167 2644 2226 quaedam

1580 2216 1749 2264 operatio
1770 2218 1841 2275 (est
1870 2216 1972 2253 enim
1992 2217 2190 2265 eupraxia,
2210 2217 2307 2255 idest
2330 2219 2433 2256 bona
2461 2219 2644 2268 operatio,

1579 2269 1719 2306 scilicet
1736 2268 1754 2298 β
1767 2269 1914 2311 virtutis
1931 2270 2131 2318 perfectae,
2152 2277 2194 2307 ut
2212 2271 2375 2308 dicitur
2365 2284 2404 2308 in
2424 2273 2572 2309 IEthic.
2595 2274 2642 2320 *),

1579 2322 1747 2381 sequitur
1783 2322 1887 2371 quod
1925 2322 2074 2359 fortuna
2106 2322 2151 2359 sit
2191 2322 2230 2360 in
2267 2323 2338 2360 illis
2379 2323 2518 2372 quibus
2555 2336 2694 2363 con-¹¹

1578 2374 1685 2423 tingit
1712 2375 1810 2412 bene
1845 2386 1955 2422 agere
1986 2375 2048 2411 vel
2082 2375 2257 2424 impediri
2291 2376 2339 2413 ab
2366 2377 2452 2414 hoc.
2492 2378 2542 2414 Et
2568 2378 2644 2415 hoc

1580 2435 1635 2464 est
1662 2428 1760 2464 bene
1789 2427 2006 2475 contingere
2039 2428 2102 2464 vel
2133 2428 2233 2465 male
2268 2418 2495 2477 contingere.
2531 2430 2642 2468 Unde

1580 2493 1668 2517 cum
1689 2479 1822 2529 aliquis
1842 2480 1889 2517 sit
1908 2480 2087 2517 dominus
2115 2481 2173 2518 sui
2196 2489 2301 2518 actus
2329 2481 2555 2530 inquantum
2573 2495 2642 2520 vo-

1578 2533 1741 2570 luntarie
1765 2533 1854 2581 agit,
1885 2533 2054 2582 sequitur
2080 2534 2185 2582 quod
2213 2534 2252 2571 in
2280 2535 2350 2571 illis
2377 2542 2524 2572 tantum
2553 2548 2643 2573 con-

1578 2586 1694 2634 tingat
1731 2586 1871 2635 aliquid
1909 2599 1931 2623 a
1972 2587 2122 2623 fortuna
2160 2599 2266 2635 esse,
2295 2599 2394 2637 quae
2430 2589 2643 2626 voluntarie

1579 2639 1653 2687 agit
1681 2640 1718 2686 ²¹³,
1748 2651 1826 2676 non
1855 2646 1983 2676 autem
2012 2639 2051 2676 in
2079 2639 2168 2676 aliis.

1637 2693 1668 2729 5.
1699 2692 1848 2729 Deinde
1884 2704 1972 2728 cum
2007 2691 2115 2729 dicit:
2150 2693 2202 2729 Et
2228 2698 2387 2742 propter
2422 2694 2493 2730 hoc
2526 2706 2647 2744 neque

1579 2745 1827 2782 inanimatum
1854 2753 1940 2792 etc.,
1973 2745 2163 2782 concludit
2191 2757 2236 2782 ex
2263 2745 2479 2795 praemissis
2507 2745 2545 2784 in
2564 2746 2644 2796 qui-

1579 2798 1649 2834 bus
1678 2810 1757 2835 non
1785 2797 1831 2834 sit
1858 2798 2017 2835 fortuna.
2053 2799 2102 2835 Et
2135 2798 2222 2836 dicit
2253 2800 2358 2848 quod
2388 2805 2544 2848 propter
2569 2801 2645 2838 hoc

1579 2851 1684 2899 quod
1705 2851 1854 2888 fortuna
1883 2863 1962 2888 non
1990 2859 2045 2888 est
2072 2849 2143 2888 nisi
2163 2851 2201 2888 in
2220 2852 2279 2888 his
2307 2863 2406 2900 quae
2432 2853 2643 2890 voluntarie

1579 2911 1713 2951 agunt,
1747 2903 1835 2941 inde
1865 2911 1920 2940 est
1946 2905 2052 2953 quod
2080 2917 2204 2953 neque
2239 2904 2489 2942 inanimatum
2518 2917 2643 2954 neque

1577 2969 1673 3005 puer
1709 2969 1832 3006 neque
1865 2957 2002 3004 bestia,
2042 2969 2130 2994 cum
2169 2970 2247 2994 non
2280 2965 2392 3006 agant
2431 2958 2642 2996 voluntarie

1577 3010 1684 3058 quasi
1711 3009 1872 3047 liberum
1900 3009 2093 3047 arbitrium
2122 3011 2304 3048 habentes
2324 3010 2444 3059 (quod
2471 3010 2534 3048 hic
2557 3011 2645 3050 dicit

1571 3063 1833 3111 propositum),
1854 3075 1932 3100 non
1961 3071 2075 3111 agunt
2094 3075 2116 3099 a
2135 3064 2284 3100 fortuna
2308 3068 2335 3101 ⁷.
2356 3063 2468 3101 Unde
2486 3076 2558 3101 nec
2579 3077 2643 3102 eu-

1577 3115 1783 3153 fortunium
1812 3127 1882 3152 nec
1909 3115 2156 3153 infortunium
2184 3116 2223 3153 in
2242 3116 2300 3153 his
2324 3123 2448 3166 potest
2472 3117 2642 3155 accidere

1577 3168 1647 3205 nisi
1683 3168 2005 3206 similitudinarie.
2043 3169 2138 3206 sicut
2177 3169 2333 3218 quidam
2371 3169 2460 3207 dixit
2492 3167 2506 3191 ὃ
2537 3170 2643 3220 quod

1632 3283 1659 3316 γ)
1674 3283 1776 3315 quasi...
1790 3290 1808 3307 a
1814 3283 1964 3316 sortuna.-
1945 3282 2015 3307 -Sic
2029 3283 2139 3316 legimus
2152 3290 2212 3308 eum
2222 3283 2310 3313 codd.;
2325 3283 2345 3308 P
2356 3282 2433 3309 habet
2444 3284 2523 3317 quasi
2530 3284 2641 3310 liberum

1579 3318 1720 3343 arbitrium
1737 3325 1788 3343 non
1803 3318 1927 3343 habentes
1945 3321 2032 3350 agunt
2043 3325 2060 3343 a
2072 3319 2205 3351 sortuna;
2218 3318 2314 3343 scilicet
2327 3326 2374 3351 per
2393 3327 2508 3344 errorem
2521 3324 2566 3352 typ
2567 3318 2641 3344 othe-

1578 3358 1662 3378 tarum
1675 3353 1829 3386 transposita
1844 3358 1883 3378 est
1897 3353 2020 3386 particula
2034 3361 2095 3379 non.
2103 3353 2169 3378 Edd.
2185 3361 2203 3378 α
2213 3353 2228 3378 ὸ
2241 3354 2329 3387 legunt
2342 3359 2371 3379 ut
2385 3355 2468 3384 codd.
2480 3354 2528 3380 nisi
2541 3354 2611 3387 quod
2625 3354 2640 3379 b

1578 3388 1657 3458 ΜΞ
1668 3388 1898 3456 ''523'101'222‘25352‘
1904 3388 2188 3449 sagittati-§¹53³
2198 3389 2639 3466 t⁰5.1³32;⁶21522:{5:.'¹t›⁶„3¹;.⁶.

1578 3458 1629 3483 Pro
1647 3462 1710 3484 sunt
1722 3459 1870 3492 fortunati,
1884 3462 1947 3484 sunt
1960 3459 2022 3484 bene
2033 3459 2174 3492 fortunati
2186 3459 2366 3485 DFHNRZ.-
2378 3460 2429 3485 Pro
2441 3459 2478 3485 eis
2490 3459 2637 3488 coniuncti,

1579 3493 1603 3519 ei
1627 3494 1760 3519 coniuncti
1785 3493 2053 3524 PAH1KNOQTV.—
2067 3493 2115 3518 lbi:
2141 3494 2267 3519 honorati
2290 3495 2428 3524 videntur}
2449 3493 2574 3520 honorati
2598 3493 2638 3519 di-

1578 3532 1675 3554 cuntur
1698 3529 1923 3559 DEGFHLMRZ3
1938 3529 1974 3554 al.
1989 3529 2114 3554 dicuntur
2136 3537 2226 3562 margo
2245 3530 2263 3554 S
2281 3537 2327 3562 per
2350 3537 2434 3555 aman.
2446 3529 2503 3554 —tu'
2521 3532 2636 3554 autem...

1571 3564 1711 3597 fortunati
1729 3572 1782 3589 om.
1796 3563 1924 3589 HMNRZ.

2671 403 2750 452 ὀξειρ.
2764 409 2806 427 νιι.
2814 403 2883 427 Text.

2671 665 2762 688 Text.
2778 666 2815 694 69.

2669 1650 2720 1668 sz.

2670 2067 2739 2090 hoe
2752 2068 2821 2091 codd.
2833 2075 2883 2092 exe.

2670 2277 2754 2306 cap.
2767 2278 2884 2307 v111,.,n8

2670 2309 2736 2352 κικι-
2725 2294 2884 2328 -8Ήῖ.1οσι.’

2671 2655 2773 2702 ἑσμοὶ
2783 2654 2885 2678 aeddan
