2982 4022
274 897 282 905 “
298 896 360 917 Lcet.
375 902 397 917 v.

274 1055 281 1063 ⁸
298 1055 360 1075 Lect.
377 1059 411 1074 ιιι.

275 1166 283 1174 ·
298 1165 360 1186 Lcct.
376 1170 424 1191 seq.

275 1378 285 1386 ⁸
300 1376 370 1398 Num.
385 1377 406 1397 8.

277 1539 285 1547 ·
300 1535 369 1556 Num.
386 1535 407 1556 6.

278 1646 285 1654 ·
301 1645 371 1666 Num.
388 1651 407 1671 5.

277 1699 286 1708 ⁸
301 1699 376 1726 ipsam
389 1702 436 1718 om.
445 1702 479 1717 nz.

279 1754 287 1762 '
302 1752 362 1774 lbid.

279 1859 379 1880 ‘aulem
389 1864 427 1885 HN,
443 1863 490 1878 om.

279 1892 331 1906 niso.

280 1913 288 1920 '
304 1918 318 1933 ιι
335 1917 446 1932 om.r1³z.

300 2067 359 2088 sicut
369 2066 435 2093 roal),
444 2071 492 2087 om.

280 2101 301 2115 r.

284 2278 292 2287 ·
309 2278 364 2299 aliis
378 2283 416 2298 ΜΝ.

288 2759 346 2779 ‘rec
348 2758 403 2785 ι’ρῐιιι
389 2759 422 2778 ιιιΐ
432 2756 499 2778 codd.

291 2791 339 2806 cxc.
355 2791 397 2805 neo
401 2791 430 2805 ιιΜ
433 2791 455 2805 N.

291 2870 298 2877 ·
314 2868 437 2889 secundum
450 2873 490 2888 ΒΜ.

770 388 797 414 .(
824 395 827 399 ,
853 368 1027 410 ostquam
1047 359 1302 408 Philosophus
1322 360 1360 396 in
1386 359 1513 408 primo
1533 359 1573 397 li-

852 415 921 450 bro
951 412 1215 450 determinavit
1238 412 1284 449 de
1304 412 1498 472 principiis
1517 424 1573 449 re-

809 518 1044 567 principiis
1078 518 1255 554 scientiae
1293 518 1481 555 naturalis.
1517 519 1575 554 Ea

794 573 797 574 ⁷
775 555 844 645 *⁴3¹3
853 579 979 608 autem
1000 584 1096 620 quae
1116 571 1242 619 primo
1262 579 1411 630 oportet
1435 582 1574 619 cogno-

803 630 808 634 ”
820 608 956 660 αἱ5ειειιῖ
976 625 1015 660 in
1030 624 1156 673 aliqua
1171 624 1336 670 scientia,
1353 632 1439 660 sunt
1456 624 1575 661 subie-

513 685 611 715 ctum
626 677 756 726 ipsius,
774 683 809 712 et
824 677 986 713 medium
1002 689 1070 724 per
1084 677 1188 725 quod
1204 677 1447 714 demonstrat.
1464 677 1574 714 Unde

512 732 573 768 hic
593 730 781 767 secundus
800 730 894 766 liber
913 730 950 766 in
969 731 1062 767 duas
1082 737 1207 778 partes
1228 730 1420 766 dividitur:
1443 729 1480 766 in
1499 730 1575 778 pri-

513 797 577 821 ma
593 783 818 820 determinat
837 783 883 820 de
903 783 1040 832 quibus
1065 782 1110 818 sit
1130 783 1378 819 consideratio
1400 782 1574 819 scientiae

513 837 708 883 naturalis;
730 838 767 874 in
787 837 954 872 secunda
970 847 1013 872 ex
1029 835 1167 905 quibus
1188 836 1310 872 causis
1331 835 1575 882 demonstrat,

512 891 579 928 ibi:
600 889 866 927 Determinatzs
885 894 1010 925 autem
1028 889 1124 925 his²³'
1146 896 1214 926 etc.
1241 888 1370 925 Prima
1399 888 1577 925 dividitur

513 944 555 980 in
572 942 685 979 duas:
707 943 745 979 in
772 942 895 991 prima
916 941 1078 978 ostendit
1097 941 1187 989 quid
1213 941 1258 978 sit
1283 948 1432 988 natura;
1462 941 1500 978 in
1519 953 1575 978 se-

515 996 638 1033 cunda
659 995 705 1032 de
725 996 862 1045 quibus
889 994 1100 1031 considerat
1119 994 1272 1031 scientia
1291 994 1486 1041 naturalis,
1507 994 1574 1031 ibi:

519 1049 705 1091 Quoniam
725 1054 849 1086 autem
869 1048 1153 1085 determinatum
1174 1053 1226 1084 est
1245 1049 1264 1069 *
1285 1055 1353 1085 etc.
1375 1047 1503 1084 Prima
1523 1047 1576 1085 di-

513 1102 653 1139 viditur
671 1102 710 1138 in
730 1102 844 1147 duas;
870 1101 908 1137 in
928 1101 1050 1150 prima
1071 1101 1233 1138 ostendit
1252 1100 1343 1149 quid
1363 1101 1407 1137 sit
1426 1108 1575 1146 natura;

514 1156 553 1192 in
573 1155 740 1191 secunda
761 1162 853 1203 quot
878 1154 1003 1190 modis
1024 1153 1157 1190 dicitur
1178 1154 1246 1190 ibi:
1278 1154 1430 1191 Videtur
1453 1159 1576 1190 autem

515 1214 651 1245 natura
676 1209 712 1254 *,
739 1215 807 1244 ete.
838 1207 966 1244 Prima
996 1206 1173 1244 dividitur
1197 1207 1235 1244 in
1264 1207 1377 1244 duas:
1399 1207 1435 1244 in
1456 1207 1579 1255 prima

516 1261 680 1299 ostendit
695 1261 787 1310 quid
806 1261 851 1297 sit
867 1268 1015 1306 natura;
1036 1260 1075 1296 in
1094 1261 1261 1297 secunda
1281 1260 1442 1297 excludit
1460 1260 1578 1297 inten-

514 1315 659 1351 tionem
683 1314 926 1362 quorundam
945 1313 1168 1350 tentantium
1189 1313 1450 1354 demonstrare
1474 1313 1579 1363 quod

515 1375 648 1405 natura
677 1368 737 1414 sit,
768 1367 840 1404 ibi:
875 1367 984 1409 Quod
1009 1372 1133 1403 autem
1162 1372 1216 1403 est
1242 1372 1378 1403 natura
1398 1366 1418 1387 *
1439 1373 1507 1403 etc.

571 1421 681 1458 Circa
708 1421 876 1470 primum
897 1421 974 1458 duo
999 1419 1104 1456 facit:
1133 1419 1257 1468 primo
1287 1420 1456 1456 notificat
1475 1426 1580 1455 natu—

516 1486 619 1520 ram;
650 1474 819 1511 secundo
850 1486 894 1510 ea
927 1485 1024 1522 quae
1054 1472 1348 1517 denominantur
1376 1485 1398 1508 a
1426 1478 1579 1518 natura,

517 1527 584 1564 ibi:
614 1527 808 1564 Naturam
837 1532 962 1564 autem
988 1527 1162 1562 habent*
1178 1533 1246 1562 etc.
1278 1524 1387 1561 Circa
1414 1524 1581 1572 primum

516 1581 586 1617 tria
614 1581 719 1617 facit:
744 1581 870 1629 primo
900 1579 1099 1626 investigat
1124 1577 1386 1615 definitionem
1407 1585 1580 1624 naturae;

518 1633 687 1670 secundo
705 1633 894 1670 concludit
910 1644 1006 1677 eam⁷
1024 1631 1090 1668 ibi:
1106 1633 1176 1668 Est
1188 1632 1304 1680 igitur
1318 1636 1455 1667 natura
1467 1631 1486 1652 '²²
1499 1638 1581 1675 etc.;

518 1686 626 1723 tertio
657 1686 810 1736 exponit
837 1686 960 1734 ipsam
978 1686 996 1706 ²³⁴
1014 1684 1292 1731 definitionem,
1314 1683 1380 1720 ibi:
1401 1684 1496 1720 Dico
1516 1696 1583 1721 au-

518 1745 590 1776 tem
620 1751 693 1776 non
722 1739 925 1776 secundum
954 1738 1125 1775 accidens
1145 1739 1165 1759 ‘³²
1186 1744 1254 1774 etc.

574 1803 608 1828 2.
640 1793 739 1830 Dicit
767 1805 856 1840 ergo
886 1792 1010 1840 primo
1044 1790 1149 1839 quod
1177 1790 1272 1827 inter
1306 1789 1436 1826 omnia
1465 1789 1583 1853 entia

519 1846 710 1894 quaedam
731 1858 814 1882 esse
839 1845 999 1882 dicimus
1020 1857 1042 1880 a
1060 1851 1209 1888 natura3
1239 1844 1429 1892 quaedam
1453 1844 1584 1879 vero'ss

519 1898 568 1935 ab
586 1899 668 1935 aliis
689 1898 823 1945 causis,
844 1905 934 1947 puta
954 1897 1001 1933 ab
1022 1904 1100 1933 arte
1118 1897 1181 1933 vel
1201 1909 1223 1932 a
1244 1897 1263 1917 ’¹‘
1285 1908 1385 1932 casu.
1412 1895 1584 1932 Dicimus

521 1958 648 1988 autem
669 1964 751 1988 esse
772 1964 793 1988 a
813 1959 945 1988 natura
964 1950 1154 1998 quaelibet
1182 1949 1376 1995 animalia,
1407 1956 1443 1985 et
1461 1956 1584 1997 partes

520 2006 704 2053 ipsorum,
732 2005 828 2041 sicut
857 2016 1010 2040 carnem
1040 2010 1076 2039 et
1104 2015 1201 2048 ossa,
1233 2010 1269 2039 et
1298 2002 1410 2038 etiam
1438 2002 1585 2050 plantas

522 2066 558 2094 et
577 2070 738 2106 corpora
766 2057 960 2106 simplicia,
983 2056 1120 2093 scilicet
1134 2056 1153 2077 ³¹⁶
1168 2056 1366 2101 elementa,
1388 2067 1486 2103 quae
1507 2068 1586 2092 non

522 2111 784 2148 resolvuntur
777 2123 814 2147 ιιι
835 2111 960 2159 aliqua
981 2121 1142 2158 corpora
1160 2108 1298 2157 priora,
1314 2116 1355 2144 ut
1374 2116 1461 2144 sunt
1475 2115 1584 2154 terra,

521 2164 627 2212 ignis,
649 2176 714 2201 aer
742 2171 778 2200 et
805 2176 920 2212 aqua:
941 2164 1036 2200 haec
1065 2162 1166 2199 enim
1191 2168 1226 2198 et
1255 2161 1384 2197 omnia
1412 2161 1545 2198 similia
1565 2174 1586 2197 a

523 2225 656 2254 natura
677 2217 850 2254 dicuntur
878 2229 971 2253 esse.
994 2217 1042 2252 Et
1062 2216 1239 2252 differunt
1265 2215 1361 2251 haec
1390 2214 1519 2250 omnia
1539 2215 1586 2250 ab

523 2270 622 2307 his*
642 2283 740 2319 quae
769 2283 847 2306 non
876 2277 962 2307 sunt
981 2282 1002 2306 a
1021 2275 1170 2315 natura,
1197 2267 1289 2327 quia.
1310 2267 1440 2304 omnia
1459 2267 1586 2304 huius-

524 2324 630 2360 modi
657 2323 834 2361 videntur
860 2323 1001 2360 habere
1034 2322 1072 2358 in
1100 2335 1161 2358 se
1151 2320 1400 2369 principium
1433 2320 1588 2356 alicuius

524 2385 652 2414 motus
682 2384 717 2413 et
745 2384 881 2421 status3
904 2376 1092 2425 quaedam
1122 2375 1277 2423 quidem
1303 2374 1515 2410 secundum
1535 2374 1588 2410 lo-

526 2442 625 2477 cum,
648 2430 742 2467 sicut
766 2429 894 2477 gravia
924 2436 959 2465 et
986 2429 1095 2474 levia,
1118 2434 1153 2464 et
1173 2427 1286 2464 etiarn
1316 2438 1476 2475 corpora
1506 2439 1588 2463 cae-

526 2483 647 2529 lestia3
677 2482 867 2531 quaedam
904 2494 998 2519 vero
1028 2481 1239 2518 secundum
1277 2487 1524 2528 augmentum
1555 2487 1590 2516 et

526 2536 829 2583 decrementum,
860 2543 901 2572 ut
929 2534 1105 2572 animalia
1135 2541 1170 2571 et
1197 2534 1368 2582 plantae;
1397 2533 1587 2582 quaedam

525 2602 619 2626 vero
649 2589 859 2626 seeundum
889 2588 1160 2633 alterationem,
1192 2595 1233 2623 ut
1261 2599 1422 2646 corpora
1450 2585 1590 2634 simpli-

527 2643 583 2679 cia
613 2650 647 2679 et
675 2642 805 2679 omnia
833 2654 931 2691 quae
960 2648 1244 2700 componuntur
1272 2652 1317 2676 ex
1346 2639 1410 2676 eis
1441 2639 1518 2675 Sed
1546 2651 1590 2675 ea

527 2708 624 2745 quae
644 2708 722 2732 non
751 2703 838 2732 sunt
856 2708 878 2732 a
906 2703 1049 2740 natura,
1070 2694 1165 2730 sicut
1192 2693 1309 2729 lectus
1330 2699 1367 2728 et
1389 2691 1589 2728 indumen-

527 2757 607 2786 tum
629 2756 665 2785 et
684 2749 830 2795 similia,
848 2761 946 2796 quae
967 2746 1189 2795 accipiunt*
1204 2744 1425 2782 huiusmodi
1443 2744 1590 2793 praedi-

530 2802 719 2840 cationem
747 2801 959 2838 secundum
992 2800 1096 2849 quod
1134 2806 1221 2836 sunt
1253 2798 1300 2834 ab
1330 2805 1423 2844 arte,
1453 2796 1590 2834 nullius

529 2855 746 2892 mutationis
769 2854 995 2903 principium
1023 2852 1190 2890 habent
1183 2864 1221 2888 ιιι
1241 2851 1372 2910 seipsis
1398 2850 1468 2887 nisi
1486 2851 1590 2898 per*

530 2908 724 2954 accidens,
754 2907 977 2956 inquantum
1007 2906 1146 2942 scilicet
1170 2905 1328 2941 materia
1357 2911 1392 2940 et
1420 2904 1590 2940 substan-

528 2962 578 2999 tia
595 2938 798 3020 corpoium
820 2960 1103 2997 artificiatorum
1125 2965 1210 2995 sunt
1230 2970 1288 2994 res
1309 2957 1506 2994 naturales.
1530 2956 1591 2993 Sic

293 3027 502 3051 Merreamcvm
529 3014 637 3062 igitur
661 3014 885 3063 inquantum
906 3012 1157 3050 artificialibus
1178 3010 1312 3048 accidit
1331 3022 1413 3046 esse
1432 3009 1551 3046 ferrea
1572 3011 1591 3030 '¹‘

294 3052 501 3079 Hsrxpmsstt

297 3377 335 3392 uN

529 3068 590 3104 vel
618 3067 778 3115 lapidea,
799 3067 942 3104 habent
969 3065 1121 3115 aliquod
1142 3063 1371 3114 principium
1399 3070 1525 3099 motus
1554 3062 1590 3099 in

531 3120 673 3168 seipsis,
687 3121 753 3157 sed
769 3133 847 3157 non
863 3120 1086 3169 inquantum
1102 3125 1188 3155 sunt
1203 3117 1412 3154 artificiata:
1425 3116 1592 3152 cultellus

533 3173 633 3210 enim
654 3173 768 3209 habet
787 3173 825 3209 in
845 3186 885 3209 se
904 3172 1132 3221 principium
1153 3178 1279 3207 motus
1300 3171 1493 3215 deorsum,
1514 3181 1592 3205 non

532 3226 757 3274 inquantum
779 3233 833 3262 est
849 3227 1028 3272 cultellus,
1046 3225 1111 3262 sed
1129 3225 1353 3273 inquantum
1370 3229 1425 3259 est
1439 3222 1590 3258 ferreus.

588 3281 621 3316 3.
640 3278 716 3316 Sed
731 3278 880 3316 videtur
894 3280 969 3316 hoc
988 3291 1065 3315 non
1083 3290 1164 3314 esse
1179 3288 1327 3323 verum,
1344 3275 1447 3325 quod
1463 3286 1594 3311 secun-

296 3342 506 3365 ἰἠαιιιναιιι-ηοτπ
535 3332 626 3368 dum
643 3332 853 3391 quamlibet
882 3331 1130 3368 mutationem
1160 3342 1286 3367 rerum
1316 3327 1576 3365 naturalium*
1586 3356 1593 3373 ,

535 3385 760 3433 principium
781 3393 907 3422 motus
936 3385 980 3422 sit
1000 3385 1037 3421 in
1067 3397 1112 3421 eo
1142 3383 1247 3432 quod
1271 3389 1458 3419 movetur.
1482 3382 1523 3417 In
1544 3381 1594 3417 al-

592 3482 618 3516 α)
641 3483 694 3507 Sed
712 3483 883 3508 huiusmodi..
878 3501 893 3508 ..
909 3487 938 3508 ut
957 3487 1101 3508 moveatur.
1116 3497 1134 3502 —-
1152 3484 1222 3507 Haec
1245 3481 1345 3512 omnia,
1369 3489 1435 3514 quae
1454 3480 1598 3522 parenthesi

539 3518 687 3546 clausimus
702 3519 854 3543 omittuntur
869 3527 882 3543 a
898 3519 1036 3543 codicibus.
1052 3519 1083 3543 Et
1097 3526 1185 3543 revera
1199 3526 1250 3542 non
1263 3500 1381 3542 videniur
1394 3516 1540 3541 necessario
1550 3523 1596 3548 po-

1145 281 1491 318 PHYSICORUM
1518 283 1866 319 ARISTOTELIS
1897 283 1990 319 LIB.
2021 284 2052 319 II

1627 360 1809 398 teratione
1838 360 1939 397 enirn
1969 367 2005 397 et
2032 361 2274 408 generatione
2297 361 2524 411 simplicium
2554 375 2687 412 corpo-

1629 425 1726 460 rum,
1756 421 1878 450 totum
1914 412 2141 462 principium
2179 421 2306 450 motus
2336 414 2487 452 videtur
2519 428 2601 452 esse
2639 416 2687 452 ab

1629 466 1837 503 extrinseco
1860 474 2008 514 agente:
2029 474 2121 515 puta
2149 479 2236 503 cum
2266 479 2364 514 aqua
2389 468 2522 514 calefit,
2541 469 2604 505 vel
2623 481 2690 505 aer

1628 519 1667 556 in
1695 519 1822 567 ignem
1852 520 2102 568 convertitur,
2130 519 2359 568 principium
2388 521 2605 558 mutationis
2634 528 2690 558 est

1630 572 1677 609 ab
1708 572 1879 609 exteriori
1906 579 2051 620 agente.

1682 625 1822 661 Dicunt
1850 637 1939 672 ergo
1959 625 2115 674 quidam
2145 625 2250 674 quod
2270 625 2384 662 etiam
2412 625 2450 662 in
2469 625 2690 663 huiusmodi

1630 677 1900 714 mutationibus
1930 678 2159 726 principium
2184 678 2349 715 activum
2370 686 2495 715 motus
2516 686 2571 715 est
2585 678 2623 715 in
2643 691 2689 714 eo

1630 730 1735 779 quod
1763 738 1959 776 movetur3
1987 743 2065 767 non
2092 731 2247 780 quidem
2275 732 2498 780 perfectum,
2526 731 2593 767 sed
2620 731 2690 767 irn-

1630 783 1858 831 perfectum,
1897 783 2002 832 quod
2031 785 2235 821 coadiuvat
2272 784 2460 821 actionem
2499 783 2691 820 exterioris

1631 836 1784 883 agentis.
1807 836 1946 873 Dicunt
1966 837 2066 873 enim
2086 837 2191 886 quod
2206 837 2243 874 in
2259 837 2415 874 materia
2431 844 2485 873 est
2499 837 2691 885 quaedam

1630 888 1820 925 inchoatio
1849 889 2006 937 formae,
2028 902 2143 938 quam
2173 890 2300 927 dicunt
2320 902 2401 927 esse
2424 890 2691 939 privationem,

1631 952 1729 992 quae
1759 949 1814 979 est
1841 942 1991 981 tertium
2020 943 2246 991 principium
2276 951 2446 990 naturae3
2477 951 2513 979 et
2541 944 2588 980 ab
2617 943 2692 980 hoc

1631 993 1815 1044 principio
1853 994 2053 1032 intrinseco
2083 996 2343 1044 generationes
2382 1004 2417 1032 et
2455 996 2692 1033 alterationes

1633 1060 1837 1097 corporum
1867 1048 2094 1097 simplicium
2122 1050 2309 1086 naturales
2339 1049 2522 1086 dicuntum

1686 1100 1762 1138 Sed
1791 1102 1865 1137 hoc
1893 1113 1971 1138 non
1989 1109 2114 1149 potest
2139 1113 2238 1138 esse:
2259 1101 2359 1149 quia,
2383 1114 2470 1138 cum
2490 1101 2581 1138 nihil
2609 1109 2694 1149 agat

1632 1153 1702 1190 nisi
1721 1154 1932 1190 secundum
1953 1154 2056 1202 quod
2077 1161 2131 1190 est
2149 1154 2187 1190 in
2208 1162 2305 1201 actu,
2325 1154 2516 1202 praedicta
2539 1154 2693 1191 inchoa-

1632 1207 1683 1243 tio
1705 1208 1862 1253 formae,
1885 1219 1973 1243 cum
1993 1219 2071 1243 non
2091 1207 2136 1242 sit
2163 1214 2280 1253 actUS,
2302 1207 2369 1243 sed
2389 1206 2558 1255 aptitudo
2579 1218 2694 1255 quae-

1635 1259 1723 1296 dam
1753 1259 1801 1296 ad
1826 1267 1973 1306 actum,
1999 1271 2078 1296 non
2106 1266 2229 1308 potest
2249 1271 2330 1296 esse
2354 1259 2582 1308 principium
2608 1259 2701 1296 acti-

1633 1324 1740 1349 vum.
1763 1313 1812 1348 Et
1825 1319 2032 1360 praeterea,
2057 1311 2171 1348 etiam
2191 1311 2220 1348 si
2236 1320 2334 1349 esset
2351 1313 2474 1349 forma
2493 1312 2694 1360 completa,

1635 1377 1712 1401 non
1734 1372 1860 1412 ageret
1877 1366 1895 1386 *
1910 1365 1948 1401 in
1968 1377 2081 1402 suum
2100 1364 2313 1402 subiectum
2334 1365 2527 1402 alterando
2547 1365 2694 1413 ipsum:

1636 1417 1724 1466 quia
1751 1417 1875 1453 forma
1902 1429 1980 1454 non
2001 1417 2085 1465 agit,
2107 1417 2174 1454 sed
2195 1417 2467 1466 compositum3
2492 1417 2597 1467 quod
2617 1430 2695 1455 non

1634 1477 1759 1520 potest
1777 1470 1945 1519 seipsum
1965 1471 2133 1518 alterare,
2153 1470 2224 1508 nisi
2239 1470 2311 1508 sint
2325 1470 2363 1508 in
2379 1483 2425 1507 eo
2446 1471 2544 1507 duae
2558 1478 2695 1520 partes,

1636 1535 1799 1572 quarum
1826 1535 1904 1560 una
1931 1523 1977 1560 sit
2005 1525 2166 1560 alterans
2190 1531 2226 1561 et
2254 1523 2325 1560 alia
2353 1524 2518 1560 alterata.
2567 1523 2569 1526 ’

1690 1588 1726 1623 4.
1757 1577 1806 1613 Et
1826 1576 1911 1613 ideo
1933 1576 2138 1614 dicendum
2159 1584 2214 1613 est
2233 1577 2338 1625 quod
2356 1576 2394 1614 in
2414 1577 2528 1613 rebus
2546 1583 2697 1615 natura-

1638 1630 1736 1666 libus
1769 1641 1815 1666 eo
1854 1629 1972 1666 modo
2009 1637 2064 1667 est
2099 1629 2326 1679 principium
2360 1637 2508 1677 motus,
2533 1641 2611 1679 quo
2645 1629 2698 1666 eis

1638 1690 1764 1719 motus
1794 1682 1982 1720 convenit.
2013 1683 2162 1730 Quibus
2192 1695 2280 1730 ergo
2317 1683 2494 1719 convenit
2521 1693 2696 1729 movere,

1639 1743 1694 1772 est
1722 1736 1759 1772 in
1789 1736 1841 1772 eis
1868 1735 2096 1784 principium
2125 1735 2292 1773 activum
2313 1742 2455 1782 motus;
2468 1735 2613 1795 quibus
2633 1747 2698 1772 au-

1637 1796 1715 1825 tem
1745 1789 1926 1838 competit
1953 1789 2114 1836 moveri,
2135 1797 2191 1826 est
2218 1789 2256 1826 in
2285 1787 2337 1826 eis
2359 1788 2587 1837 principium
2611 1800 2699 1847 pas-

1638 1842 1782 1888 sivum,
1812 1842 1916 1890 quod
1947 1850 2001 1878 est
2028 1842 2196 1879 materia.
2230 1842 2347 1901 Quod
2376 1842 2531 1891 quidem
2564 1840 2699 1890 princi-

1638 1895 1756 1943 pium,
1779 1895 2003 1943 inquantum
2031 1895 2147 1931 habet
2172 1894 2382 1943 potentiam
2411 1895 2626 1931 naturalem-
2651 1895 2701 1931 ad

1639 1948 1751 1984 talem
1779 1948 1944 1984 formam
1974 1955 2011 1984 et
2038 1953 2200 1995 motum,
2232 1947 2318 1984 facit
2346 1959 2427 1984 esse
2456 1954 2607 1985 motum
2634 1959 2700 1984 na-

1638 2001 1810 2038 turalem.
1845 2001 1893 2037 Et
1924 2008 2079 2050 propter
2115 2001 2190 2037 hoc
2217 2001 2398 2037 factiones
2432 2011 2558 2037 rerum
2587 1999 2701 2037 artifi-

1639 2053 1789 2090 cialium
1818 2066 1896 2090 non
1925 2061 2011 2090 sunt
2029 2054 2236 2090 naturales:
2262 2053 2351 2102 quia
2368 2053 2454 2090 licet
2472 2053 2700 2102 principium

1639 2107 1832 2143 materiale
1860 2107 1906 2143 sit
1932 2106 1971 2143 in
1995 2119 2042 2143 eo
2071 2107 2175 2155 quod
2202 2107 2245 2143 fit
2264 2107 2302 2153 *,
2332 2118 2410 2143 ιιοιι
2438 2114 2568 2143 tamen
2586 2107 2702 2144 habet
2728 2119 2737 2128 ·

1638 2160 1847 2208 potentiam
1883 2160 2092 2196 naturalem
2121 2160 2170 2196 ad
2197 2161 2311 2196 talem
2339 2160 2517 2207 formam.
2547 2160 2596 2196 Et
2615 2159 2737 2196 sic*-

1640 2213 1753 2249 etiam
1782 2219 1909 2249 motus
1928 2212 2057 2248 localis
2087 2224 2293 2261 corporum
2317 2212 2534 2249 caelestium
2564 2219 2620 2249 est
2637 2224 2702 2249 na-

1639 2266 1778 2312 turalis‚
1799 2266 1884 2302 licet
1911 2266 1957 2302 sit
1984 2278 2006 2310 a
2033 2272 2183 2302 motore
2212 2273 2399 2314 separato,
2420 2265 2645 2314 inquantum
2665 2265 2704 2302 in

1640 2319 1722 2368 ipso
1754 2331 1916 2367 corpore,
1934 2317 2026 2354 caeli
2055 2325 2109 2355 est
2135 2318 2304 2367 potentia
2323 2318 2501 2356 naturalis
2521 2318 2570 2356 ad
2588 2318 2703 2356 talem

1642 2380 1803 2408 motum.
1838 2373 1880 2408 In
1910 2371 2133 2420 corporibus
2160 2383 2253 2408 vero
2286 2372 2465 2418 gravibus
2493 2378 2531 2408 et
2556 2371 2704 2409 levibus

1643 2433 1698 2462 est
1715 2424 1942 2474 principium
1963 2424 2120 2460 formale
2146 2424 2202 2460 sui
2230 2431 2357 2460 motus
2382 2424 2465 2470 (sed
2484 2423 2704 2461 huiusmodi

1641 2478 1869 2527 principium
1885 2477 2041 2513 formale
2062 2488 2140 2513 non
2154 2483 2279 2525 potest
2294 2476 2366 2513 dici
2384 2477 2552 2525 potentia
2567 2476 2702 2523 activa,

1634 2531 1691 2572 ‚ad
1720 2542 1835 2579 quam
1864 2529 2024 2578 pertinet
2051 2537 2178 2565 motus
2206 2529 2285 2576 iste,
2315 2529 2382 2566 sed
2412 2529 2701 2578 comprehendi-

1642 2592 1702 2620 tur
1729 2584 1799 2620 sub
1827 2582 1996 2631 potentIa
2022 2582 2193 2630 passiva:
2220 2581 2382 2629 gravitas
2411 2582 2511 2619 enim
2541 2581 2579 2619 in
2606 2589 2705 2620 terra

1643 2649 1721 2673 non
1746 2644 1801 2673 est
1828 2635 2054 2684 principium
2073 2643 2115 2672 ut
2134 2634 2387 2681 moveat‚‚sed
2406 2635 2527 2683 magis
2554 2643 2594 2671 ut
2622 2647 2704 2672 mo-

1642 2691 1794 2735 veatur)
1810 2695 1843 2725 ⁰²:
1874 2688 1960 2737 quia
1988 2688 2083 2724 sicut
2102 2687 2173 2724 alia
2193 2688 2399 2725 accidentia
2423 2695 2706 2737 consequuntur

1643 2743 1807 2779 formam
1836 2741 2130 2787 substantialem,
2155 2741 2206 2781 ita
2230 2749 2266 2777 et
2284 2742 2401 2787 locus,
2424 2748 2460 2777 et
2485 2753 2555 2790 per
2573 2753 2705 2778 conse-

1644 2808 1764 2845 quens
1801 2794 1951 2832 moveri
1988 2795 2036 2831 ad
2065 2795 2214 2830 locum:
2243 2806 2320 2831 non
2358 2802 2487 2831 tamen
2522 2794 2578 2831 ita·
2601 2793 2705 2844 quod

1644 2850 1766 2886 forma
1794 2847 1972 2885 naturalis
2001 2847 2046 2884 sit
2074 2855 2221 2894 motor,
2251 2847 2319 2884 sed
2348 2855 2474 2884 motor
2511 2855 2569 2885 est
2593 2850 2706 2896 gene-

1645 2915 1751 2948 rans,
1781 2902 1885 2950 quod
1910 2902 1929 2922 *
1959 2901 2022 2938 dat
2049 2901 2163 2937 talem
2191 2901 2376 2947 formam,
2405 2900 2454 2938 ad
2481 2913 2598 2949 quam
2626 2900 2707 2938 talis
2732 2910 2742 2919 ·

1646 2962 1772 2991 motus
1802 2953 2054 3003 consequitur.

1703 3009 1733 3045 5.
1764 3007 1911 3044 Deinde
1947 3019 2033 3043 cum
2064 3005 2170 3043 dicit:
2203 3007 2272 3042 Est
2302 3006 2418 3055 igitur
2451 3011 2588 3042 natura
2617 3011 2705 3052 etc.,

1647 3059 1836 3097 concludit
1861 3072 1904 3096 ex
1932 3058 2149 3108 praemissis
2178 3058 2437 3095 definitionem
2457 3066 2612 3095 naturae
2631 3059 2707 3095 hoc

1646 3112 1776 3150 modo.
1807 3112 2002 3150 Naturalia
2031 3111 2209 3150 differunt
2236 3123 2258 3148 a
2285 3123 2364 3148 non
2391 3111 2624 3148 naturalibus
2652 3111 2706 3148 in-

1647 3174 1832 3215 quantum
1869 3166 2011 3202 habent
2044 3173 2239 3210 naturam;
2270 3165 2337 3202 sed
2364 3176 2442 3201 non
2478 3164 2657 3202 differunt
2685 3176 2707 3201 a

1647 3232 1726 3256 non
1754 3218 1983 3255 naturalibus
2011 3216 2028 3247 β
2056 3218 2126 3254 nisi
2153 3218 2378 3266 inquantum
2405 3218 2546 3254 habent
2573 3217 2707 3267 princi-

1647 3273 1753 3321 pium
1774 3280 1900 3308 motus
1919 3271 1957 3308 in
1977 3271 2124 3320 seipsis;
2155 3282 2243 3318 ergo
2269 3277 2401 3307 natura
2421 3270 2510 3307 nihil
2531 3270 2633 3308 aliud
2653 3277 2709 3307 est

1649 3338 1763 3375 quarn
1791 3323 2019 3373 principium
2053 3330 2173 3361 motus
2201 3329 2237 3360 et
2266 3323 2394 3372 quietis
2423 3323 2459 3360 in
2491 3336 2535 3360 eo
2564 3323 2600 3360 in
2633 3334 2706 3372 quo

1649 3385 1700 3416 est
1721 3378 1848 3427 primo
1877 3384 1912 3414 et
1933 3389 2004 3426 per
2030 3389 2069 3414 se
2097 3383 2131 3414 et
2157 3389 2230 3414 non
2254 3377 2456 3414 secundum
2485 3376 2666 3414 accidens.

1707 3478 1732 3514 β)
1753 3487 1769 3504 α
1789 3487 1839 3504 non
1861 3479 2036 3504 naturalibus.
2054 3493 2071 3498 -
2089 3479 2158 3504 Haec
2177 3478 2257 3503 verba
2274 3478 2426 3503 omittuntur
2445 3485 2459 3502 ιι
2478 3475 2607 3502 codicibus
2625 3473 2707 3501 Aen<

1654 3516 1673 3540 1
1676 3515 1858 3545 0Q'1VXY.-
1867 3514 1947 3539 Paulo
1958 3514 2029 3544 infra,
2043 3513 2258 3547 propr-incipiam
2271 3516 2357 3538 motus
2369 3516 2396 3538 et
2409 3512 2510 3546 quieh‘s,
2524 3518 2591 3536 unus
2605 3511 2628 3536 Ι)
2643 3510 2709 3535 inter

540 3552 626 3576 stulari
639 3558 787 3583 aconicxtu
803 3559 828 3577 et
841 3553 870 3577 iis
884 3554 996 3581 omissis
1011 3554 1075 3578 ratio
1090 3561 1156 3586 quae
1169 3553 1315 3578 immediate
1329 3552 1440 3584 ponitur,
1455 3551 1518 3583 quia
1531 3551 1599 3576 sicut
1653 3558 1744 3575 omnes
1770 3551 1843 3575 codd
1863 3550 1923 3583 legit
1942 3549 2104 3582 principium
2127 3552 2154 3574 et
2177 3556 2258 3574 causa
2283 3552 2369 3574 morus
2388 3553 2435 3574 etc.
2461 3547 2559 3572 Revera
2578 3542 2607 3571 τὸ
2627 3553 2709 3571 causa

540 3588 602 3616 alia
619 3588 710 3611 melius
724 3588 842 3612 cohaeret
857 3596 914 3612 cum
931 3589 1150 3620 praecedentibus,
1167 3589 1197 3613 ad
1211 3597 1278 3621 quae
1291 3587 1380 3613 referri
1401 3587 1484 3618 debet,
1505 3594 1598 3619 nempe
1652 3586 1761 3611 habetur
1785 3591 1810 3610 ct
1834 3586 1859 3610 in
1887 3590 1956 3610 textu
1986 3584 2130 3609 Aristotelis
2155 3589 2180 3609 et
2204 3584 2281 3617 paulo
2306 3584 2371 3609 infra
2394 3583 2420 3608 in
2445 3581 2603 3615 expositione
2627 3581 2709 3606 sancti

542 3623 571 3646 In
591 3623 744 3654 corporibus
758 3630 820 3647 vero
835 3629 881 3647 etc.
891 3624 959 3647 —Cf.
978 3624 1020 3648 lib.
1036 3624 1105 3654 Vlll
1126 3625 1182 3648 lect.
1196 3631 1250 3648 νιιι.

1651 3621 1777 3646 Thomae.

2723 1376 2732 1385 '
2745 1376 2870 1399 alterando
2879 1376 2935 1399 add.

2721 1408 2907 1431 mnu-rupero.

2728 2118 2930 2167 adfrfffidaffoer

2752 2171 2861 2194 simliter
2873 2177 2927 2194 nn.
