<?xml version="1.0" encoding="UTF-8"?>
<!DOCTYPE html PUBLIC "-//W3C//DTD XHTML 1.0 Transitional//EN"
    "http://www.w3.org/TR/xhtml1/DTD/xhtml1-transitional.dtd">
<html xmlns="http://www.w3.org/1999/xhtml" xml:lang="en" lang="en">
 <head>
  <title>
</title>
<meta http-equiv="Content-Type" content="text/html;charset=utf-8" />
  <meta name='ocr-system' content='tesseract 3.04.00' />
  <meta name='ocr-capabilities' content='ocr_page ocr_carea ocr_par ocr_line ocrx_word'/>
</head>
<body>
  <div class='ocr_page' id='page_1' title='image "./operaomniaiussui02thom_0141.png"; bbox 0 0 2950 4004; ppageno 0'>
   <div class='ocr_carea' id='block_1_1' title="bbox 0 129 50 3647">
    <p class='ocr_par' dir='ltr' id='par_1_1' title="bbox 0 129 50 3647">
     <span class='ocr_line' id='line_1_1' title="bbox 0 129 50 3647; baseline 0 0"><span class='ocrx_word' id='word_1_1' title='bbox 0 129 50 3647; x_wconf 95' lang='lat' dir='ltr'> </span> 
     </span>
    </p>
   </div>
   <div class='ocr_carea' id='block_1_2' title="bbox 84 367 298 495">
    <p class='ocr_par' dir='ltr' id='par_1_2' title="bbox 84 367 298 416">
     <span class='ocr_line' id='line_1_2' title="bbox 84 367 298 390; baseline 0.005 -1.138"><span class='ocrx_word' id='word_1_2' title='bbox 84 368 212 390; x_wconf 73' lang='lat' dir='ltr'>&#39;naturae</span> <span class='ocrx_word' id='word_1_3' title='bbox 223 367 276 390; x_wconf 77' lang='lat' dir='ltr'>add.</span> <span class='ocrx_word' id='word_1_4' title='bbox 283 374 298 390; x_wconf 80' lang='grc' dir='ltr'><strong>Α</strong></span> 
     </span>
     <span class='ocr_line' id='line_1_3' title="bbox 87 400 207 416; baseline -0.009 0"><span class='ocrx_word' id='word_1_5' title='bbox 87 400 207 416; x_wconf 63' lang='lat' dir='ltr'>nasi-vn.</span> 
     </span>
    </p>

    <p class='ocr_par' dir='ltr' id='par_1_3' title="bbox 84 420 297 495">
     <span class='ocr_line' id='line_1_4' title="bbox 84 420 297 442; baseline 0 0"><span class='ocrx_word' id='word_1_6' title='bbox 84 420 275 442; x_wconf 70' lang='lat' dir='ltr'>*multitudinem</span> <span class='ocrx_word' id='word_1_7' title='bbox 283 427 297 442; x_wconf 74' lang='grc'>11</span> 
     </span>
     <span class='ocr_line' id='line_1_5' title="bbox 85 452 296 495; baseline 0 -1"><span class='ocrx_word' id='word_1_8' title='bbox 86 452 115 468; x_wconf 77' lang='lat'>61.</span> <span class='ocrx_word' id='word_1_9' title='bbox 85 473 217 494; x_wconf 70' lang='lat' dir='ltr'>convenit</span> <span class='ocrx_word' id='word_1_10' title='bbox 230 473 265 495; x_wconf 80' lang='lat' dir='ltr'>ed.</span> <span class='ocrx_word' id='word_1_11' title='bbox 280 479 296 494; x_wconf 83' lang='grc' dir='ltr'><em>α</em></span> 
     </span>
    </p>
   </div>
   <div class='ocr_carea' id='block_1_3' title="bbox 35 499 297 522">
    <p class='ocr_par' dir='ltr' id='par_1_4' title="bbox 35 499 297 522">
     <span class='ocr_line' id='line_1_6' title="bbox 35 499 297 522; baseline 0 -1"><span class='ocrx_word' id='word_1_12' title='bbox 35 509 38 512; x_wconf 56' lang='grc'><strong><em>’</em></strong></span> <span class='ocrx_word' id='word_1_13' title='bbox 85 502 108 521; x_wconf 84' lang='lat' dir='ltr'>et</span> <span class='ocrx_word' id='word_1_14' title='bbox 115 499 183 521; x_wconf 87' lang='lat' dir='ltr'>codd.</span> <span class='ocrx_word' id='word_1_15' title='bbox 189 505 239 522; x_wconf 84' lang='lat' dir='ltr'>exc.</span> <span class='ocrx_word' id='word_1_16' title='bbox 247 505 297 521; x_wconf 71' lang='lat' dir='ltr'>usn.</span> 
     </span>
    </p>
   </div>
   <div class='ocr_carea' id='block_1_4' title="bbox 183 622 200 648">
    <p class='ocr_par' dir='ltr' id='par_1_5' title="bbox 183 622 200 648">
     <span class='ocr_line' id='line_1_7' title="bbox 183 622 200 648; baseline 0 0"><span class='ocrx_word' id='word_1_17' title='bbox 183 622 200 648; x_wconf 91' lang='grc' dir='ltr'>λ</span> 
     </span>
    </p>
   </div>
   <div class='ocr_carea' id='block_1_5' title="bbox 84 999 299 1080">
    <p class='ocr_par' dir='ltr' id='par_1_6' title="bbox 84 999 299 1080">
     <span class='ocr_line' id='line_1_8' title="bbox 89 999 298 1024; baseline -0.01 -3"><span class='ocrx_word' id='word_1_18' title='bbox 89 1000 100 1010; x_wconf 71' lang='lat'>&#39;</span> <span class='ocrx_word' id='word_1_19' title='bbox 108 999 214 1021; x_wconf 75' lang='lat' dir='ltr'>convenit</span> <span class='ocrx_word' id='word_1_20' title='bbox 220 1004 298 1024; x_wconf 69' lang='grc' dir='ltr'>(τι-κη,</span> 
     </span>
     <span class='ocr_line' id='line_1_9' title="bbox 89 1030 299 1052; baseline -0.014 -4"><span class='ocrx_word' id='word_1_21' title='bbox 89 1032 138 1048; x_wconf 83' lang='lat' dir='ltr'>om.</span> <span class='ocrx_word' id='word_1_22' title='bbox 145 1031 223 1052; x_wconf 70' lang='grc' dir='ltr'>Λικτα,</span> <span class='ocrx_word' id='word_1_23' title='bbox 238 1030 299 1046; x_wconf 85' lang='lat' dir='ltr'>com-</span> 
     </span>
     <span class='ocr_line' id='line_1_10' title="bbox 84 1052 201 1080; baseline -0.026 -6"><span class='ocrx_word' id='word_1_24' title='bbox 84 1052 147 1080; x_wconf 75' lang='lat' dir='ltr'>petit</span> <span class='ocrx_word' id='word_1_25' title='bbox 158 1054 201 1073; x_wconf 78' lang='lat' dir='ltr'>cet.</span> 
     </span>
    </p>
   </div>
   <div class='ocr_carea' id='block_1_6' title="bbox 88 1472 271 1499">
    <p class='ocr_par' dir='ltr' id='par_1_7' title="bbox 88 1472 271 1499">
     <span class='ocr_line' id='line_1_11' title="bbox 88 1472 271 1499; baseline 0 -7"><span class='ocrx_word' id='word_1_26' title='bbox 88 1472 98 1482; x_wconf 75' lang='lat'><em>⁶</em></span> <span class='ocrx_word' id='word_1_27' title='bbox 112 1476 158 1499; x_wconf 79' lang='lat' dir='ltr'>quo</span> <span class='ocrx_word' id='word_1_28' title='bbox 171 1476 271 1498; x_wconf 71' lang='lat' dir='ltr'>:cmpu-</span> 
     </span>
    </p>
   </div>
   <div class='ocr_carea' id='block_1_7' title="bbox 87 1629 302 1685">
    <p class='ocr_par' dir='ltr' id='par_1_8' title="bbox 87 1629 302 1685">
     <span class='ocr_line' id='line_1_12' title="bbox 88 1629 302 1658; baseline -0.009 -7"><span class='ocrx_word' id='word_1_29' title='bbox 88 1629 100 1640; x_wconf 71' lang='lat'>⁴</span> <span class='ocrx_word' id='word_1_30' title='bbox 114 1635 159 1658; x_wconf 80' lang='lat' dir='ltr'>quo</span> <span class='ocrx_word' id='word_1_31' title='bbox 171 1634 302 1650; x_wconf 72' lang='lat' dir='ltr'>merum-r</span> 
     </span>
     <span class='ocr_line' id='line_1_13' title="bbox 87 1663 156 1685; baseline -0.014 -6"><span class='ocrx_word' id='word_1_32' title='bbox 87 1663 156 1685; x_wconf 78' lang='lat' dir='ltr'>vzpu.</span> 
     </span>
    </p>
   </div>
   <div class='ocr_carea' id='block_1_8' title="bbox 1183 247 1633 322">
    <p class='ocr_par' dir='ltr' id='par_1_9' title="bbox 1183 247 1633 322">
     <span class='ocr_line' id='line_1_14' title="bbox 1183 247 1633 322; baseline 0 -9"><span class='ocrx_word' id='word_1_33' title='bbox 1183 247 1294 313; x_wconf 77' lang='lat' dir='ltr'>cAP.</span> <span class='ocrx_word' id='word_1_34' title='bbox 1326 276 1394 322; x_wconf 90' lang='lat'>111,</span> <span class='ocrx_word' id='word_1_35' title='bbox 1425 275 1569 312; x_wconf 87' lang='lat' dir='ltr'>LECT.</span> <span class='ocrx_word' id='word_1_36' title='bbox 1598 276 1633 313; x_wconf 88' lang='lat' dir='ltr'>v</span> 
     </span>
    </p>
   </div>
   <div class='ocr_carea' id='block_1_9' title="bbox 323 355 1388 2404">
    <p class='ocr_par' dir='ltr' id='par_1_10' title="bbox 323 355 1387 1236">
     <span class='ocr_line' id='line_1_15' title="bbox 325 355 1382 405; baseline -0.006 -10"><span class='ocrx_word' id='word_1_37' title='bbox 325 357 603 395; x_wconf 85' lang='lat' dir='ltr'>conveniebant</span> <span class='ocrx_word' id='word_1_38' title='bbox 630 356 858 394; x_wconf 77' lang='lat' dir='ltr'>subtilitati*</span> <span class='ocrx_word' id='word_1_39' title='bbox 880 355 1151 405; x_wconf 88' lang='lat' dir='ltr'>complexionis</span> <span class='ocrx_word' id='word_1_40' title='bbox 1177 355 1272 401; x_wconf 86' lang='lat' dir='ltr'>eius,</span> <span class='ocrx_word' id='word_1_41' title='bbox 1301 361 1382 390; x_wconf 91' lang='lat' dir='ltr'>tum</span> 
     </span>
     <span class='ocr_line' id='line_1_16' title="bbox 323 410 1382 466; baseline -0.006 -18"><span class='ocrx_word' id='word_1_42' title='bbox 323 418 479 460; x_wconf 92' lang='lat' dir='ltr'>propter</span> <span class='ocrx_word' id='word_1_43' title='bbox 509 410 888 447; x_wconf 54' lang='lat' dir='ltr'>multiformitatem*</span> <span class='ocrx_word' id='word_1_44' title='bbox 910 421 1070 458; x_wconf 88' lang='lat' dir='ltr'>operum</span> <span class='ocrx_word' id='word_1_45' title='bbox 1108 419 1205 466; x_wconf 90' lang='lat' dir='ltr'>quae</span> <span class='ocrx_word' id='word_1_46' title='bbox 1244 419 1382 443; x_wconf 87' lang='lat' dir='ltr'>conve-</span> 
     </span>
     <span class='ocr_line' id='line_1_17' title="bbox 324 458 1382 522; baseline -0.006 -22"><span class='ocrx_word' id='word_1_47' title='bbox 324 464 432 501; x_wconf 89' lang='lat' dir='ltr'>niunt</span> <span class='ocrx_word' id='word_1_48' title='bbox 449 464 468 484; x_wconf 74' lang='grc'><em>*</em></span> <span class='ocrx_word' id='word_1_49' title='bbox 487 463 632 500; x_wconf 85' lang='grc'>1101111111</span> <span class='ocrx_word' id='word_1_50' title='bbox 670 463 893 522; x_wconf 89' lang='lat' dir='ltr'>inquantum</span> <span class='ocrx_word' id='word_1_51' title='bbox 925 462 1039 498; x_wconf 89' lang='lat' dir='ltr'>habet</span> <span class='ocrx_word' id='word_1_52' title='bbox 1066 460 1268 506; x_wconf 81' lang='lat' dir='ltr'>rationem,</span> <span class='ocrx_word' id='word_1_53' title='bbox 1303 458 1382 507; x_wconf 93' lang='lat' dir='ltr'>qui-</span> 
     </span>
     <span class='ocr_line' id='line_1_18' title="bbox 324 511 1384 565; baseline -0.006 -12"><span class='ocrx_word' id='word_1_54' title='bbox 324 517 396 553; x_wconf 92' lang='lat' dir='ltr'>bus</span> <span class='ocrx_word' id='word_1_55' title='bbox 415 516 540 565; x_wconf 88' lang='lat' dir='ltr'>aliqua</span> <span class='ocrx_word' id='word_1_56' title='bbox 559 516 806 553; x_wconf 89' lang='lat' dir='ltr'>determinata</span> <span class='ocrx_word' id='word_1_57' title='bbox 827 515 1075 551; x_wconf 90' lang='lat' dir='ltr'>instrumenta</span> <span class='ocrx_word' id='word_1_58' title='bbox 1099 511 1384 549; x_wconf 89' lang='lat' dir='ltr'>accommodari</span> 
     </span>
     <span class='ocr_line' id='line_1_19' title="bbox 325 564 1384 628; baseline -0.006 -22"><span class='ocrx_word' id='word_1_59' title='bbox 325 581 403 606; x_wconf 92' lang='lat' dir='ltr'>non</span> <span class='ocrx_word' id='word_1_60' title='bbox 431 576 606 628; x_wconf 87' lang='lat' dir='ltr'>poterant</span> <span class='ocrx_word' id='word_1_61' title='bbox 637 581 659 605; x_wconf 91' lang='lat' dir='ltr'>a</span> <span class='ocrx_word' id='word_1_62' title='bbox 686 575 838 605; x_wconf 90' lang='lat' dir='ltr'>natura:</span> <span class='ocrx_word' id='word_1_63' title='bbox 873 567 940 603; x_wconf 92' lang='lat' dir='ltr'>sed</span> <span class='ocrx_word' id='word_1_64' title='bbox 967 567 1051 603; x_wconf 92' lang='lat' dir='ltr'>loco</span> <span class='ocrx_word' id='word_1_65' title='bbox 1086 565 1260 602; x_wconf 90' lang='lat' dir='ltr'>omnium</span> <span class='ocrx_word' id='word_1_66' title='bbox 1288 564 1384 600; x_wconf 92' lang='lat' dir='ltr'>inest</span> 
     </span>
     <span class='ocr_line' id='line_1_20' title="bbox 325 617 1382 669; baseline -0.007 -10"><span class='ocrx_word' id='word_1_67' title='bbox 325 621 472 659; x_wconf 93' lang='lat' dir='ltr'>homini</span> <span class='ocrx_word' id='word_1_68' title='bbox 501 621 615 668; x_wconf 87' lang='lat' dir='ltr'>ratio,</span> <span class='ocrx_word' id='word_1_69' title='bbox 636 619 742 669; x_wconf 93' lang='lat' dir='ltr'>qua</span> <span class='ocrx_word' id='word_1_70' title='bbox 765 619 946 656; x_wconf 88' lang='lat' dir='ltr'>exteriora</span> <span class='ocrx_word' id='word_1_71' title='bbox 974 618 1044 655; x_wconf 90' lang='lat' dir='ltr'>sibi</span> <span class='ocrx_word' id='word_1_72' title='bbox 1071 625 1270 666; x_wconf 89' lang='lat' dir='ltr'>praeparat</span> <span class='ocrx_word' id='word_1_73' title='bbox 1298 617 1382 653; x_wconf 94' lang='lat' dir='ltr'>loco</span> 
     </span>
     <span class='ocr_line' id='line_1_21' title="bbox 325 669 1383 722; baseline -0.006 -11"><span class='ocrx_word' id='word_1_74' title='bbox 325 675 463 711; x_wconf 92' lang='lat' dir='ltr'>horum</span> <span class='ocrx_word' id='word_1_75' title='bbox 483 686 581 722; x_wconf 90' lang='lat' dir='ltr'>quae</span> <span class='ocrx_word' id='word_1_76' title='bbox 600 673 680 710; x_wconf 89' lang='lat' dir='ltr'>aliis</span> <span class='ocrx_word' id='word_1_77' title='bbox 695 671 920 709; x_wconf 86' lang='lat' dir='ltr'>animalibus</span> <span class='ocrx_word' id='word_1_78' title='bbox 939 671 1138 708; x_wconf 89' lang='lat' dir='ltr'>intrinseca</span> <span class='ocrx_word' id='word_1_79' title='bbox 1157 678 1255 707; x_wconf 90' lang='lat' dir='ltr'>sunt.</span> <span class='ocrx_word' id='word_1_80' title='bbox 1272 669 1383 707; x_wconf 91' lang='lat' dir='ltr'>Unde</span> 
     </span>
     <span class='ocr_line' id='line_1_22' title="bbox 327 723 1383 764; baseline -0.006 0"><span class='ocrx_word' id='word_1_81' title='bbox 327 739 415 764; x_wconf 89' lang='lat' dir='ltr'>cum</span> <span class='ocrx_word' id='word_1_82' title='bbox 434 728 553 763; x_wconf 90' lang='lat' dir='ltr'>homo</span> <span class='ocrx_word' id='word_1_83' title='bbox 573 725 706 763; x_wconf 91' lang='lat' dir='ltr'>dicitur</span> <span class='ocrx_word' id='word_1_84' title='bbox 724 732 888 761; x_wconf 90' lang='lat' dir='ltr'>armatus</span> <span class='ocrx_word' id='word_1_85' title='bbox 906 724 968 761; x_wconf 88' lang='lat' dir='ltr'>vel</span> <span class='ocrx_word' id='word_1_86' title='bbox 987 723 1143 760; x_wconf 89' lang='lat' dir='ltr'>vestitus</span> <span class='ocrx_word' id='word_1_87' title='bbox 1162 723 1225 759; x_wconf 90' lang='lat' dir='ltr'>vel</span> <span class='ocrx_word' id='word_1_88' title='bbox 1241 723 1383 759; x_wconf 88' lang='lat' dir='ltr'>calcea-</span> 
     </span>
     <span class='ocr_line' id='line_1_23' title="bbox 326 775 1384 827; baseline -0.005 -11"><span class='ocrx_word' id='word_1_89' title='bbox 326 787 402 827; x_wconf 87' lang='lat' dir='ltr'>tus,</span> <span class='ocrx_word' id='word_1_90' title='bbox 424 778 689 816; x_wconf 89' lang='lat' dir='ltr'>denominatur</span> <span class='ocrx_word' id='word_1_91' title='bbox 707 777 754 814; x_wconf 87' lang='lat' dir='ltr'>ab</span> <span class='ocrx_word' id='word_1_92' title='bbox 779 777 905 826; x_wconf 90' lang='lat' dir='ltr'>aliquo</span> <span class='ocrx_word' id='word_1_93' title='bbox 935 775 1156 823; x_wconf 88' lang='lat' dir='ltr'>extrinseco,</span> <span class='ocrx_word' id='word_1_94' title='bbox 1182 775 1286 824; x_wconf 93' lang='lat' dir='ltr'>quod</span> <span class='ocrx_word' id='word_1_95' title='bbox 1305 787 1384 811; x_wconf 91' lang='lat' dir='ltr'>non</span> 
     </span>
     <span class='ocr_line' id='line_1_24' title="bbox 326 830 1382 878; baseline -0.004 -10"><span class='ocrx_word' id='word_1_96' title='bbox 326 832 440 869; x_wconf 88' lang='lat' dir='ltr'>habet</span> <span class='ocrx_word' id='word_1_97' title='bbox 471 830 655 867; x_wconf 89' lang='lat' dir='ltr'>rationem</span> <span class='ocrx_word' id='word_1_98' title='bbox 684 842 810 878; x_wconf 87' lang='lat' dir='ltr'>neque</span> <span class='ocrx_word' id='word_1_99' title='bbox 839 841 992 876; x_wconf 89' lang='lat' dir='ltr'>causae,</span> <span class='ocrx_word' id='word_1_100' title='bbox 1021 841 1145 877; x_wconf 91' lang='lat' dir='ltr'>neque</span> <span class='ocrx_word' id='word_1_101' title='bbox 1165 840 1382 865; x_wconf 85' lang='lat' dir='ltr'>mensurae:</span> 
     </span>
     <span class='ocr_line' id='line_1_25' title="bbox 325 881 1385 931; baseline -0.003 -11"><span class='ocrx_word' id='word_1_102' title='bbox 325 883 427 920; x_wconf 92' lang='lat' dir='ltr'>unde</span> <span class='ocrx_word' id='word_1_103' title='bbox 467 889 522 919; x_wconf 88' lang='lat' dir='ltr'>est</span> <span class='ocrx_word' id='word_1_104' title='bbox 558 882 720 931; x_wconf 88' lang='lat' dir='ltr'>speciale</span> <span class='ocrx_word' id='word_1_105' title='bbox 762 881 1138 931; x_wconf 83' lang='lat' dir='ltr'>praedicamentum,</span> <span class='ocrx_word' id='word_1_106' title='bbox 1179 889 1215 918; x_wconf 92' lang='lat' dir='ltr'>et</span> <span class='ocrx_word' id='word_1_107' title='bbox 1252 881 1385 918; x_wconf 87' lang='lat' dir='ltr'>dicitur</span> 
     </span>
     <span class='ocr_line' id='line_1_26' title="bbox 325 933 1384 983; baseline -0.003 -11"><span class='ocrx_word' id='word_1_108' title='bbox 325 935 517 973; x_wconf 79' lang='lat' dir='ltr'>habitus.-</span> <span class='ocrx_word' id='word_1_109' title='bbox 534 935 612 972; x_wconf 92' lang='lat' dir='ltr'>Sed</span> <span class='ocrx_word' id='word_1_110' title='bbox 639 935 913 972; x_wconf 89' lang='lat' dir='ltr'>attendendum</span> <span class='ocrx_word' id='word_1_111' title='bbox 942 942 997 971; x_wconf 92' lang='lat' dir='ltr'>est</span> <span class='ocrx_word' id='word_1_112' title='bbox 1025 934 1130 983; x_wconf 90' lang='lat' dir='ltr'>quod</span> <span class='ocrx_word' id='word_1_113' title='bbox 1163 934 1276 971; x_wconf 89' lang='lat' dir='ltr'>etiam</span> <span class='ocrx_word' id='word_1_114' title='bbox 1305 933 1384 970; x_wconf 89' lang='lat' dir='ltr'>aliis</span> 
     </span>
     <span class='ocr_line' id='line_1_27' title="bbox 326 987 1385 1036; baseline -0.002 -11"><span class='ocrx_word' id='word_1_115' title='bbox 326 987 550 1025; x_wconf 85' lang='lat' dir='ltr'>animalibus</span> <span class='ocrx_word' id='word_1_116' title='bbox 569 989 644 1024; x_wconf 90' lang='grc'>1106</span> <span class='ocrx_word' id='word_1_117' title='bbox 662 987 1014 1036; x_wconf 87' lang='lat' dir='ltr'>praedicamentum</span> <span class='ocrx_word' id='word_1_118' title='bbox 1034 987 1242 1024; x_wconf 88' lang='lat' dir='ltr'>attribuitur</span> <span class='ocrx_word' id='word_1_119' title='bbox 1257 987 1290 1034; x_wconf 78' lang='grc'>*,</span> <span class='ocrx_word' id='word_1_120' title='bbox 1307 998 1385 1023; x_wconf 89' lang='grc'>11011</span> 
     </span>
     <span class='ocr_line' id='line_1_28' title="bbox 326 1039 1385 1089; baseline 0.001 -12"><span class='ocrx_word' id='word_1_121' title='bbox 326 1041 537 1078; x_wconf 84' lang='lat' dir='ltr'>secundum</span> <span class='ocrx_word' id='word_1_122' title='bbox 565 1041 670 1089; x_wconf 91' lang='lat' dir='ltr'>quod</span> <span class='ocrx_word' id='word_1_123' title='bbox 688 1040 726 1077; x_wconf 91' lang='lat' dir='ltr'>in</span> <span class='ocrx_word' id='word_1_124' title='bbox 746 1053 814 1077; x_wconf 91' lang='lat' dir='ltr'>sua</span> <span class='ocrx_word' id='word_1_125' title='bbox 842 1047 975 1077; x_wconf 89' lang='lat' dir='ltr'>natura</span> <span class='ocrx_word' id='word_1_126' title='bbox 999 1039 1295 1087; x_wconf 88' lang='lat' dir='ltr'>considerantur,</span> <span class='ocrx_word' id='word_1_127' title='bbox 1318 1042 1385 1078; x_wconf 90' lang='lat' dir='ltr'>secl</span> 
     </span>
     <span class='ocr_line' id='line_1_29' title="bbox 327 1093 1387 1142; baseline 0.001 -12"><span class='ocrx_word' id='word_1_128' title='bbox 327 1093 539 1131; x_wconf 92' lang='lat' dir='ltr'>secundum</span> <span class='ocrx_word' id='word_1_129' title='bbox 573 1093 677 1142; x_wconf 91' lang='lat' dir='ltr'>quod</span> <span class='ocrx_word' id='word_1_130' title='bbox 710 1093 749 1130; x_wconf 91' lang='lat' dir='ltr'>in</span> <span class='ocrx_word' id='word_1_131' title='bbox 780 1093 946 1130; x_wconf 90' lang='lat' dir='ltr'>hominis</span> <span class='ocrx_word' id='word_1_132' title='bbox 981 1105 1095 1130; x_wconf 90' lang='lat' dir='ltr'>usum</span> <span class='ocrx_word' id='word_1_133' title='bbox 1127 1093 1307 1140; x_wconf 81' lang='lat' dir='ltr'>veniunt3</span> <span class='ocrx_word' id='word_1_134' title='bbox 1344 1102 1387 1131; x_wconf 90' lang='lat' dir='ltr'>ut</span> 
     </span>
     <span class='ocr_line' id='line_1_30' title="bbox 327 1146 1386 1195; baseline -0.001 -12"><span class='ocrx_word' id='word_1_135' title='bbox 327 1147 357 1184; x_wconf 93' lang='lat' dir='ltr'>si</span> <span class='ocrx_word' id='word_1_136' title='bbox 387 1146 559 1184; x_wconf 85' lang='lat' dir='ltr'>dicamus</span> <span class='ocrx_word' id='word_1_137' title='bbox 586 1158 729 1195; x_wconf 91' lang='lat' dir='ltr'>equum</span> <span class='ocrx_word' id='word_1_138' title='bbox 755 1146 993 1195; x_wconf 88' lang='lat' dir='ltr'>phaleratum</span> <span class='ocrx_word' id='word_1_139' title='bbox 1024 1146 1086 1183; x_wconf 87' lang='lat' dir='ltr'>vel</span> <span class='ocrx_word' id='word_1_140' title='bbox 1118 1146 1289 1183; x_wconf 87' lang='lat' dir='ltr'>sellatum</span> <span class='ocrx_word' id='word_1_141' title='bbox 1318 1159 1386 1183; x_wconf 89' lang='lat' dir='ltr'>seu</span> 
     </span>
     <span class='ocr_line' id='line_1_31' title="bbox 327 1206 527 1236; baseline -0.005 0"><span class='ocrx_word' id='word_1_142' title='bbox 327 1206 527 1236; x_wconf 89' lang='lat' dir='ltr'>armatum.</span> 
     </span>
    </p>

    <p class='ocr_par' dir='ltr' id='par_1_11' title="bbox 325 1251 1388 1721">
     <span class='ocr_line' id='line_1_32' title="bbox 386 1251 1385 1300; baseline 0.001 -12"><span class='ocrx_word' id='word_1_143' title='bbox 386 1253 442 1288; x_wconf 88' lang='lat'>16.</span> <span class='ocrx_word' id='word_1_144' title='bbox 473 1251 536 1288; x_wconf 90' lang='lat' dir='ltr'>Sic</span> <span class='ocrx_word' id='word_1_145' title='bbox 563 1251 672 1299; x_wconf 86' lang='lat' dir='ltr'>igitur</span> <span class='ocrx_word' id='word_1_146' title='bbox 698 1258 801 1300; x_wconf 88' lang='lat' dir='ltr'>patet</span> <span class='ocrx_word' id='word_1_147' title='bbox 828 1252 932 1300; x_wconf 90' lang='lat' dir='ltr'>quod</span> <span class='ocrx_word' id='word_1_148' title='bbox 958 1251 1042 1288; x_wconf 92' lang='lat' dir='ltr'>licet</span> <span class='ocrx_word' id='word_1_149' title='bbox 1061 1258 1187 1287; x_wconf 91' lang='lat' dir='ltr'>motus</span> <span class='ocrx_word' id='word_1_150' title='bbox 1211 1251 1257 1287; x_wconf 92' lang='lat' dir='ltr'>sit</span> <span class='ocrx_word' id='word_1_151' title='bbox 1273 1264 1385 1300; x_wconf 86' lang='lat' dir='ltr'>unus,</span> 
     </span>
     <span class='ocr_line' id='line_1_33' title="bbox 325 1304 1385 1353; baseline 0 -12"><span class='ocrx_word' id='word_1_152' title='bbox 325 1311 454 1341; x_wconf 90' lang='lat' dir='ltr'>tamen</span> <span class='ocrx_word' id='word_1_153' title='bbox 481 1304 788 1353; x_wconf 88' lang='lat' dir='ltr'>praedicamenta</span> <span class='ocrx_word' id='word_1_154' title='bbox 821 1316 918 1352; x_wconf 91' lang='lat' dir='ltr'>quae</span> <span class='ocrx_word' id='word_1_155' title='bbox 947 1311 1148 1340; x_wconf 89' lang='lat' dir='ltr'>sumuntur</span> <span class='ocrx_word' id='word_1_156' title='bbox 1175 1304 1385 1341; x_wconf 87' lang='lat' dir='ltr'>secundum</span> 
     </span>
     <span class='ocr_line' id='line_1_34' title="bbox 326 1356 1386 1406; baseline 0 -12"><span class='ocrx_word' id='word_1_157' title='bbox 326 1365 497 1404; x_wconf 89' lang='lat' dir='ltr'>motum,</span> <span class='ocrx_word' id='word_1_158' title='bbox 536 1364 624 1393; x_wconf 86' lang='lat' dir='ltr'>sunt</span> <span class='ocrx_word' id='word_1_159' title='bbox 652 1357 750 1404; x_wconf 89' lang='lat' dir='ltr'>duo,</span> <span class='ocrx_word' id='word_1_160' title='bbox 789 1357 999 1394; x_wconf 91' lang='lat' dir='ltr'>secundum</span> <span class='ocrx_word' id='word_1_161' title='bbox 1032 1356 1138 1406; x_wconf 92' lang='lat' dir='ltr'>quod</span> <span class='ocrx_word' id='word_1_162' title='bbox 1173 1369 1196 1392; x_wconf 90' lang='lat' dir='ltr'>a</span> <span class='ocrx_word' id='word_1_163' title='bbox 1230 1357 1386 1394; x_wconf 83' lang='lat' dir='ltr'>diversis</span> 
     </span>
     <span class='ocr_line' id='line_1_35' title="bbox 327 1409 1386 1480; baseline -0.001 -33"><span class='ocrx_word' id='word_1_164' title='bbox 327 1411 440 1447; x_wconf 91' lang='lat' dir='ltr'>rebus</span> <span class='ocrx_word' id='word_1_165' title='bbox 475 1409 719 1446; x_wconf 89' lang='lat' dir='ltr'>exterioribus</span> <span class='ocrx_word' id='word_1_166' title='bbox 752 1410 849 1446; x_wconf 88' lang='lat' dir='ltr'>fiunt</span> <span class='ocrx_word' id='word_1_167' title='bbox 879 1409 1241 1458; x_wconf 87' lang='lat' dir='ltr'>praedicamentales</span> <span class='ocrx_word' id='word_1_168' title='bbox 1253 1409 1386 1480; x_wconf 37' lang='lat' dir='ltr'>&amp;deno-</span> 
     </span>
     <span class='ocr_line' id='line_1_36' title="bbox 328 1462 1388 1510; baseline -0.001 -11"><span class='ocrx_word' id='word_1_169' title='bbox 328 1462 565 1499; x_wconf 84' lang='lat' dir='ltr'>minationes.</span> <span class='ocrx_word' id='word_1_170' title='bbox 586 1463 690 1499; x_wconf 90' lang='lat' dir='ltr'>Nam</span> <span class='ocrx_word' id='word_1_171' title='bbox 719 1462 790 1498; x_wconf 88' lang='lat' dir='ltr'>alia</span> <span class='ocrx_word' id='word_1_172' title='bbox 814 1474 872 1499; x_wconf 91' lang='lat' dir='ltr'>res</span> <span class='ocrx_word' id='word_1_173' title='bbox 892 1469 947 1498; x_wconf 92' lang='lat' dir='ltr'>est</span> <span class='ocrx_word' id='word_1_174' title='bbox 965 1474 1091 1509; x_wconf 87' lang='lat' dir='ltr'>agens,</span> <span class='ocrx_word' id='word_1_175' title='bbox 1117 1474 1139 1498; x_wconf 92' lang='lat' dir='ltr'>a</span> <span class='ocrx_word' id='word_1_176' title='bbox 1157 1474 1265 1510; x_wconf 90' lang='lat' dir='ltr'>qua·</span> <span class='ocrx_word' id='word_1_177' title='bbox 1253 1462 1388 1499; x_wconf 91' lang='lat' dir='ltr'>sicut</span> 
     </span>
     <span class='ocr_line' id='line_1_37' title="bbox 329 1515 1387 1563; baseline 0 -11"><span class='ocrx_word' id='word_1_178' title='bbox 329 1516 376 1552; x_wconf 91' lang='lat' dir='ltr'>ab</span> <span class='ocrx_word' id='word_1_179' title='bbox 398 1515 580 1561; x_wconf 87' lang='lat' dir='ltr'>exteriori,</span> <span class='ocrx_word' id='word_1_180' title='bbox 602 1515 760 1551; x_wconf 89' lang='lat' dir='ltr'>sumitur</span> <span class='ocrx_word' id='word_1_181' title='bbox 782 1527 851 1563; x_wconf 91' lang='lat' dir='ltr'>per</span> <span class='ocrx_word' id='word_1_182' title='bbox 878 1515 1040 1551; x_wconf 90' lang='lat' dir='ltr'>modum</span> <span class='ocrx_word' id='word_1_183' title='bbox 1069 1515 1387 1552; x_wconf 88' lang='lat' dir='ltr'>denominationis</span> 
     </span>
     <span class='ocr_line' id='line_1_38' title="bbox 326 1567 1385 1617; baseline 0.001 -13"><span class='ocrx_word' id='word_1_184' title='bbox 326 1568 677 1617; x_wconf 89' lang='lat' dir='ltr'>praedicamentum</span> <span class='ocrx_word' id='word_1_185' title='bbox 705 1567 907 1615; x_wconf 85' lang='lat' dir='ltr'>passionis:</span> <span class='ocrx_word' id='word_1_186' title='bbox 937 1574 973 1603; x_wconf 91' lang='lat' dir='ltr'>et</span> <span class='ocrx_word' id='word_1_187' title='bbox 996 1567 1068 1603; x_wconf 88' lang='lat' dir='ltr'>alia</span> <span class='ocrx_word' id='word_1_188' title='bbox 1088 1579 1146 1604; x_wconf 91' lang='lat' dir='ltr'>res</span> <span class='ocrx_word' id='word_1_189' title='bbox 1167 1575 1222 1604; x_wconf 92' lang='lat' dir='ltr'>est</span> <span class='ocrx_word' id='word_1_190' title='bbox 1239 1568 1385 1616; x_wconf 90' lang='lat' dir='ltr'>patiens</span> 
     </span>
     <span class='ocr_line' id='line_1_39' title="bbox 329 1619 1386 1669; baseline 0.001 -12"><span class='ocrx_word' id='word_1_191' title='bbox 329 1633 351 1657; x_wconf 91' lang='lat' dir='ltr'>a</span> <span class='ocrx_word' id='word_1_192' title='bbox 379 1633 453 1669; x_wconf 86' lang='lat' dir='ltr'>qua</span> <span class='ocrx_word' id='word_1_193' title='bbox 477 1620 497 1641; x_wconf 71' lang='lat'>²⁸</span> <span class='ocrx_word' id='word_1_194' title='bbox 517 1619 783 1657; x_wconf 87' lang='lat' dir='ltr'>denominatur</span> <span class='ocrx_word' id='word_1_195' title='bbox 816 1631 941 1667; x_wconf 89' lang='lat' dir='ltr'>agens.</span> <span class='ocrx_word' id='word_1_196' title='bbox 963 1620 1012 1656; x_wconf 92' lang='lat' dir='ltr'>Et</span> <span class='ocrx_word' id='word_1_197' title='bbox 1040 1620 1094 1656; x_wconf 90' lang='lat' dir='ltr'>sic</span> <span class='ocrx_word' id='word_1_198' title='bbox 1121 1627 1223 1668; x_wconf 91' lang='lat' dir='ltr'>patet</span> <span class='ocrx_word' id='word_1_199' title='bbox 1250 1621 1386 1658; x_wconf 91' lang='lat' dir='ltr'>solutio</span> 
     </span>
     <span class='ocr_line' id='line_1_40' title="bbox 327 1672 757 1721; baseline 0 -12"><span class='ocrx_word' id='word_1_200' title='bbox 327 1672 473 1721; x_wconf 89' lang='lat' dir='ltr'>primae</span> <span class='ocrx_word' id='word_1_201' title='bbox 502 1672 757 1709; x_wconf 86' lang='lat' dir='ltr'>dubitationis.</span> 
     </span>
    </p>

    <p class='ocr_par' dir='ltr' id='par_1_12' title="bbox 326 1723 1388 2404">
     <span class='ocr_line' id='line_1_41' title="bbox 387 1723 1387 1773; baseline -0.001 -12"><span class='ocrx_word' id='word_1_202' title='bbox 387 1737 443 1773; x_wconf 88' lang='lat'>17.</span> <span class='ocrx_word' id='word_1_203' title='bbox 484 1725 659 1761; x_wconf 91' lang='lat' dir='ltr'>Secunda</span> <span class='ocrx_word' id='word_1_204' title='bbox 691 1731 819 1761; x_wconf 89' lang='lat' dir='ltr'>autem</span> <span class='ocrx_word' id='word_1_205' title='bbox 854 1723 1034 1761; x_wconf 88' lang='lat' dir='ltr'>dubitatio</span> <span class='ocrx_word' id='word_1_206' title='bbox 1067 1724 1114 1760; x_wconf 92' lang='lat' dir='ltr'>de</span> <span class='ocrx_word' id='word_1_207' title='bbox 1146 1724 1243 1760; x_wconf 89' lang='lat' dir='ltr'>facili</span> <span class='ocrx_word' id='word_1_208' title='bbox 1275 1724 1387 1761; x_wconf 87' lang='lat' dir='ltr'>solvi-</span> 
     </span>
     <span class='ocr_line' id='line_1_42' title="bbox 327 1777 1388 1825; baseline -0.001 -11"><span class='ocrx_word' id='word_1_209' title='bbox 327 1785 397 1814; x_wconf 88' lang='lat' dir='ltr'>tur.</span> <span class='ocrx_word' id='word_1_210' title='bbox 423 1778 527 1814; x_wconf 90' lang='lat' dir='ltr'>Nam</span> <span class='ocrx_word' id='word_1_211' title='bbox 554 1777 649 1814; x_wconf 91' lang='lat' dir='ltr'>ratio</span> <span class='ocrx_word' id='word_1_212' title='bbox 677 1784 805 1813; x_wconf 88' lang='lat' dir='ltr'>motus</span> <span class='ocrx_word' id='word_1_213' title='bbox 829 1777 1039 1825; x_wconf 86' lang='lat' dir='ltr'>completur</span> <span class='ocrx_word' id='word_1_214' title='bbox 1066 1789 1145 1813; x_wconf 91' lang='lat' dir='ltr'>non</span> <span class='ocrx_word' id='word_1_215' title='bbox 1170 1777 1293 1813; x_wconf 88' lang='lat' dir='ltr'>solum</span> <span class='ocrx_word' id='word_1_216' title='bbox 1320 1789 1388 1825; x_wconf 89' lang='lat' dir='ltr'>per</span> 
     </span>
     <span class='ocr_line' id='line_1_43' title="bbox 327 1829 1386 1879; baseline 0 -13"><span class='ocrx_word' id='word_1_217' title='bbox 327 1830 366 1867; x_wconf 93' lang='lat' dir='ltr'>id</span> <span class='ocrx_word' id='word_1_218' title='bbox 385 1830 490 1879; x_wconf 93' lang='lat' dir='ltr'>quod</span> <span class='ocrx_word' id='word_1_219' title='bbox 509 1837 565 1866; x_wconf 93' lang='lat' dir='ltr'>est</span> <span class='ocrx_word' id='word_1_220' title='bbox 593 1830 639 1866; x_wconf 94' lang='lat' dir='ltr'>de</span> <span class='ocrx_word' id='word_1_221' title='bbox 661 1836 769 1866; x_wconf 91' lang='lat' dir='ltr'>motu</span> <span class='ocrx_word' id='word_1_222' title='bbox 796 1829 835 1866; x_wconf 91' lang='lat' dir='ltr'>in</span> <span class='ocrx_word' id='word_1_223' title='bbox 863 1841 989 1865; x_wconf 89' lang='lat' dir='ltr'>rerum</span> <span class='ocrx_word' id='word_1_224' title='bbox 1019 1837 1162 1876; x_wconf 92' lang='lat' dir='ltr'>natura,</span> <span class='ocrx_word' id='word_1_225' title='bbox 1184 1829 1252 1866; x_wconf 91' lang='lat' dir='ltr'>sed</span> <span class='ocrx_word' id='word_1_226' title='bbox 1272 1829 1386 1866; x_wconf 91' lang='lat' dir='ltr'>etiam</span> 
     </span>
     <span class='ocr_line' id='line_1_44' title="bbox 326 1881 1386 1931; baseline -0.001 -12"><span class='ocrx_word' id='word_1_227' title='bbox 326 1895 396 1931; x_wconf 89' lang='lat' dir='ltr'>per</span> <span class='ocrx_word' id='word_1_228' title='bbox 422 1882 461 1919; x_wconf 93' lang='lat' dir='ltr'>id</span> <span class='ocrx_word' id='word_1_229' title='bbox 488 1882 592 1930; x_wconf 92' lang='lat' dir='ltr'>quod</span> <span class='ocrx_word' id='word_1_230' title='bbox 625 1882 718 1919; x_wconf 92' lang='lat' dir='ltr'>ratio</span> <span class='ocrx_word' id='word_1_231' title='bbox 753 1881 1013 1930; x_wconf 89' lang='lat' dir='ltr'>apprehendit.</span> <span class='ocrx_word' id='word_1_232' title='bbox 1051 1883 1109 1918; x_wconf 95' lang='lat' dir='ltr'>De</span> <span class='ocrx_word' id='word_1_233' title='bbox 1143 1889 1251 1918; x_wconf 90' lang='lat' dir='ltr'>motu</span> <span class='ocrx_word' id='word_1_234' title='bbox 1285 1882 1386 1919; x_wconf 91' lang='lat' dir='ltr'>enirn</span> 
     </span>
     <span class='ocr_line' id='line_1_45' title="bbox 326 1934 1385 1983; baseline -0.001 -11"><span class='ocrx_word' id='word_1_235' title='bbox 326 1935 366 1972; x_wconf 92' lang='lat' dir='ltr'>in</span> <span class='ocrx_word' id='word_1_236' title='bbox 394 1947 520 1972; x_wconf 91' lang='lat' dir='ltr'>rerum</span> <span class='ocrx_word' id='word_1_237' title='bbox 549 1941 682 1972; x_wconf 90' lang='lat' dir='ltr'>natura</span> <span class='ocrx_word' id='word_1_238' title='bbox 709 1934 799 1971; x_wconf 91' lang='lat' dir='ltr'>nihil</span> <span class='ocrx_word' id='word_1_239' title='bbox 827 1934 929 1971; x_wconf 89' lang='lat' dir='ltr'>aliud</span> <span class='ocrx_word' id='word_1_240' title='bbox 958 1941 1012 1971; x_wconf 88' lang='lat' dir='ltr'>est</span> <span class='ocrx_word' id='word_1_241' title='bbox 1040 1946 1155 1983; x_wconf 89' lang='lat' dir='ltr'>quarn</span> <span class='ocrx_word' id='word_1_242' title='bbox 1184 1942 1288 1971; x_wconf 90' lang='lat' dir='ltr'>actus</span> <span class='ocrx_word' id='word_1_243' title='bbox 1316 1935 1385 1971; x_wconf 91' lang='lat' dir='ltr'>im-</span> 
     </span>
     <span class='ocr_line' id='line_1_46' title="bbox 326 1983 1385 2037; baseline 0 -13"><span class='ocrx_word' id='word_1_244' title='bbox 326 1988 530 2037; x_wconf 88' lang='lat' dir='ltr'>perfectus,</span> <span class='ocrx_word' id='word_1_245' title='bbox 560 1983 624 2037; x_wconf 89' lang='lat' dir='ltr'>qui</span> <span class='ocrx_word' id='word_1_246' title='bbox 653 1995 707 2024; x_wconf 92' lang='lat' dir='ltr'>est</span> <span class='ocrx_word' id='word_1_247' title='bbox 733 1987 923 2024; x_wconf 86' lang='lat' dir='ltr'>inchoatio</span> <span class='ocrx_word' id='word_1_248' title='bbox 953 1987 1142 2035; x_wconf 88' lang='lat' dir='ltr'>quaedam</span> <span class='ocrx_word' id='word_1_249' title='bbox 1171 1995 1274 2024; x_wconf 88' lang='lat' dir='ltr'>actus</span> <span class='ocrx_word' id='word_1_250' title='bbox 1302 2000 1385 2036; x_wconf 87' lang='lat' dir='ltr'>per-</span> 
     </span>
     <span class='ocr_line' id='line_1_47' title="bbox 326 2039 1384 2089; baseline 0.001 -12"><span class='ocrx_word' id='word_1_251' title='bbox 326 2041 409 2077; x_wconf 89' lang='lat' dir='ltr'>fecti</span> <span class='ocrx_word' id='word_1_252' title='bbox 439 2041 478 2077; x_wconf 93' lang='lat' dir='ltr'>in</span> <span class='ocrx_word' id='word_1_253' title='bbox 507 2053 553 2077; x_wconf 94' lang='lat' dir='ltr'>eo</span> <span class='ocrx_word' id='word_1_254' title='bbox 582 2040 687 2089; x_wconf 89' lang='lat' dir='ltr'>quod</span> <span class='ocrx_word' id='word_1_255' title='bbox 715 2040 912 2077; x_wconf 81' lang='lat' dir='ltr'>movetur:</span> <span class='ocrx_word' id='word_1_256' title='bbox 942 2039 1037 2076; x_wconf 91' lang='lat' dir='ltr'>sicut</span> <span class='ocrx_word' id='word_1_257' title='bbox 1064 2040 1102 2076; x_wconf 88' lang='lat' dir='ltr'>in</span> <span class='ocrx_word' id='word_1_258' title='bbox 1122 2052 1168 2076; x_wconf 93' lang='lat' dir='ltr'>eo</span> <span class='ocrx_word' id='word_1_259' title='bbox 1189 2041 1293 2088; x_wconf 92' lang='lat' dir='ltr'>quod</span> <span class='ocrx_word' id='word_1_260' title='bbox 1322 2042 1384 2078; x_wconf 89' lang='lat' dir='ltr'>de-</span> 
     </span>
     <span class='ocr_line' id='line_1_48' title="bbox 328 2092 1386 2142; baseline 0 -13"><span class='ocrx_word' id='word_1_261' title='bbox 328 2093 485 2140; x_wconf 88' lang='lat' dir='ltr'>albatur,</span> <span class='ocrx_word' id='word_1_262' title='bbox 505 2093 582 2130; x_wconf 92' lang='lat' dir='ltr'>iam</span> <span class='ocrx_word' id='word_1_263' title='bbox 601 2092 729 2142; x_wconf 91' lang='lat' dir='ltr'>incipit</span> <span class='ocrx_word' id='word_1_264' title='bbox 748 2105 829 2130; x_wconf 90' lang='lat' dir='ltr'>esse</span> <span class='ocrx_word' id='word_1_265' title='bbox 850 2092 991 2141; x_wconf 89' lang='lat' dir='ltr'>aliquid</span> <span class='ocrx_word' id='word_1_266' title='bbox 1014 2092 1209 2130; x_wconf 82' lang='lat' dir='ltr'>albedinis.</span> <span class='ocrx_word' id='word_1_267' title='bbox 1241 2093 1317 2130; x_wconf 90' lang='lat' dir='ltr'>Sed</span> <span class='ocrx_word' id='word_1_268' title='bbox 1337 2093 1386 2130; x_wconf 90' lang='lat' dir='ltr'>ad</span> 
     </span>
     <span class='ocr_line' id='line_1_49' title="bbox 327 2145 1385 2194; baseline 0.001 -13"><span class='ocrx_word' id='word_1_269' title='bbox 327 2146 402 2181; x_wconf 91' lang='lat' dir='ltr'>hoc</span> <span class='ocrx_word' id='word_1_270' title='bbox 421 2147 526 2194; x_wconf 87' lang='lat' dir='ltr'>quod</span> <span class='ocrx_word' id='word_1_271' title='bbox 543 2145 634 2182; x_wconf 88' lang='lat' dir='ltr'>illud</span> <span class='ocrx_word' id='word_1_272' title='bbox 653 2145 917 2194; x_wconf 89' lang='lat' dir='ltr'>imperfectum</span> <span class='ocrx_word' id='word_1_273' title='bbox 935 2145 1074 2181; x_wconf 88' lang='lat' dir='ltr'>habeat</span> <span class='ocrx_word' id='word_1_274' title='bbox 1097 2145 1283 2182; x_wconf 92' lang='lat' dir='ltr'>rationem</span> <span class='ocrx_word' id='word_1_275' title='bbox 1302 2158 1385 2182; x_wconf 93' lang='lat' dir='ltr'>mo-</span> 
     </span>
     <span class='ocr_line' id='line_1_50' title="bbox 328 2197 1385 2247; baseline -0.001 -13"><span class='ocrx_word' id='word_1_276' title='bbox 328 2205 403 2244; x_wconf 89' lang='lat' dir='ltr'>tus,</span> <span class='ocrx_word' id='word_1_277' title='bbox 433 2198 632 2247; x_wconf 91' lang='lat' dir='ltr'>requiritur</span> <span class='ocrx_word' id='word_1_278' title='bbox 661 2197 815 2234; x_wconf 88' lang='lat' dir='ltr'>ulterius</span> <span class='ocrx_word' id='word_1_279' title='bbox 849 2197 953 2246; x_wconf 89' lang='lat' dir='ltr'>quod</span> <span class='ocrx_word' id='word_1_280' title='bbox 984 2197 1232 2245; x_wconf 88' lang='lat' dir='ltr'>intelligamus</span> <span class='ocrx_word' id='word_1_281' title='bbox 1260 2198 1385 2246; x_wconf 88' lang='lat' dir='ltr'>ipsum</span> 
     </span>
     <span class='ocr_line' id='line_1_51' title="bbox 329 2250 1384 2299; baseline -0.001 -12"><span class='ocrx_word' id='word_1_282' title='bbox 329 2250 437 2299; x_wconf 87' lang='lat' dir='ltr'>quasi</span> <span class='ocrx_word' id='word_1_283' title='bbox 473 2250 644 2287; x_wconf 91' lang='lat' dir='ltr'>medium</span> <span class='ocrx_word' id='word_1_284' title='bbox 681 2250 777 2287; x_wconf 89' lang='lat' dir='ltr'>inter</span> <span class='ocrx_word' id='word_1_285' title='bbox 814 2250 912 2296; x_wconf 89' lang='lat' dir='ltr'>duo;</span> <span class='ocrx_word' id='word_1_286' title='bbox 950 2261 1116 2298; x_wconf 90' lang='lat' dir='ltr'>quorum</span> <span class='ocrx_word' id='word_1_287' title='bbox 1151 2250 1384 2298; x_wconf 90' lang='lat' dir='ltr'>praecedens</span> 
     </span>
     <span class='ocr_line' id='line_1_52' title="bbox 330 2302 1384 2351; baseline 0 -12"><span class='ocrx_word' id='word_1_288' title='bbox 330 2310 570 2351; x_wconf 86' lang='lat' dir='ltr'>comparatur</span> <span class='ocrx_word' id='word_1_289' title='bbox 597 2303 646 2340; x_wconf 91' lang='lat' dir='ltr'>ad</span> <span class='ocrx_word' id='word_1_290' title='bbox 673 2303 799 2351; x_wconf 90' lang='lat' dir='ltr'>ipsum</span> <span class='ocrx_word' id='word_1_291' title='bbox 837 2303 932 2339; x_wconf 89' lang='lat' dir='ltr'>sicut</span> <span class='ocrx_word' id='word_1_292' title='bbox 964 2302 1132 2351; x_wconf 89' lang='lat' dir='ltr'>potentia</span> <span class='ocrx_word' id='word_1_293' title='bbox 1160 2302 1209 2339; x_wconf 92' lang='lat' dir='ltr'>ad</span> <span class='ocrx_word' id='word_1_294' title='bbox 1237 2309 1384 2350; x_wconf 79' lang='lat' dir='ltr'>actum,</span> 
     </span>
     <span class='ocr_line' id='line_1_53' title="bbox 327 2355 1383 2404; baseline 0 -12"><span class='ocrx_word' id='word_1_295' title='bbox 327 2356 430 2392; x_wconf 91' lang='lat' dir='ltr'>unde</span> <span class='ocrx_word' id='word_1_296' title='bbox 449 2362 576 2392; x_wconf 89' lang='lat' dir='ltr'>motus</span> <span class='ocrx_word' id='word_1_297' title='bbox 596 2355 730 2392; x_wconf 88' lang='lat' dir='ltr'>dicitur</span> <span class='ocrx_word' id='word_1_298' title='bbox 757 2363 877 2401; x_wconf 89' lang='lat' dir='ltr'>actus;</span> <span class='ocrx_word' id='word_1_299' title='bbox 908 2367 1145 2404; x_wconf 90' lang='lat' dir='ltr'>consequens</span> <span class='ocrx_word' id='word_1_300' title='bbox 1164 2367 1259 2392; x_wconf 82' lang='lat' dir='ltr'>vero</span> <span class='ocrx_word' id='word_1_301' title='bbox 1280 2368 1383 2392; x_wconf 93' lang='lat' dir='ltr'>com-</span> 
     </span>
    </p>
   </div>
   <div class='ocr_carea' id='block_1_10' title="bbox 328 2519 1385 2623">
    <p class='ocr_par' dir='ltr' id='par_1_13' title="bbox 328 2519 1385 2623">
     <span class='ocr_line' id='line_1_54' title="bbox 382 2519 1385 2553; baseline 0.001 -9"><span class='ocrx_word' id='word_1_302' title='bbox 382 2519 410 2552; x_wconf 87' lang='grc' dir='ltr'>λ)</span> <span class='ocrx_word' id='word_1_303' title='bbox 430 2520 497 2545; x_wconf 81' lang='lat' dir='ltr'>inest</span> <span class='ocrx_word' id='word_1_304' title='bbox 514 2519 616 2545; x_wconf 82' lang='lat' dir='ltr'>homini</span> <span class='ocrx_word' id='word_1_305' title='bbox 633 2520 712 2549; x_wconf 80' lang='lat' dir='ltr'>ratio,</span> <span class='ocrx_word' id='word_1_306' title='bbox 727 2527 789 2552; x_wconf 84' lang='lat' dir='ltr'>qua.</span> <span class='ocrx_word' id='word_1_307' title='bbox 802 2533 821 2540; x_wconf 85' lang='lat'>—</span> <span class='ocrx_word' id='word_1_308' title='bbox 832 2520 852 2544; x_wconf 90' lang='lat' dir='ltr'>P</span> <span class='ocrx_word' id='word_1_309' title='bbox 872 2528 930 2545; x_wconf 89' lang='lat' dir='ltr'>cum</span> <span class='ocrx_word' id='word_1_310' title='bbox 951 2520 1008 2544; x_wconf 87' lang='lat' dir='ltr'>solo</span> <span class='ocrx_word' id='word_1_311' title='bbox 1027 2521 1062 2551; x_wconf 87' lang='lat' dir='ltr'>C;</span> <span class='ocrx_word' id='word_1_312' title='bbox 1076 2523 1115 2545; x_wconf 82' lang='lat' dir='ltr'>est</span> <span class='ocrx_word' id='word_1_313' title='bbox 1133 2521 1210 2546; x_wconf 87' lang='lat' dir='ltr'>homo</span> <span class='ocrx_word' id='word_1_314' title='bbox 1229 2521 1300 2546; x_wconf 82' lang='lat' dir='ltr'>ratio</span> <span class='ocrx_word' id='word_1_315' title='bbox 1319 2528 1385 2553; x_wconf 81' lang='lat' dir='ltr'>quae</span> 
     </span>
     <span class='ocr_line' id='line_1_55' title="bbox 330 2555 1385 2591; baseline 0.001 -12"><span class='ocrx_word' id='word_1_316' title='bbox 330 2555 371 2579; x_wconf 93' lang='lat' dir='ltr'>ed.</span> <span class='ocrx_word' id='word_1_317' title='bbox 384 2562 409 2584; x_wconf 89' lang='lat' dir='ltr'>a,</span> <span class='ocrx_word' id='word_1_318' title='bbox 424 2558 464 2580; x_wconf 82' lang='lat' dir='ltr'>est</span> <span class='ocrx_word' id='word_1_319' title='bbox 482 2555 594 2591; x_wconf 77' lang='lat' dir='ltr'>hominis</span> <span class='ocrx_word' id='word_1_320' title='bbox 613 2555 684 2580; x_wconf 87' lang='lat' dir='ltr'>ratio</span> <span class='ocrx_word' id='word_1_321' title='bbox 703 2562 770 2587; x_wconf 83' lang='lat' dir='ltr'>quae</span> <span class='ocrx_word' id='word_1_322' title='bbox 789 2556 828 2580; x_wconf 87' lang='lat' dir='ltr'>ed.</span> <span class='ocrx_word' id='word_1_323' title='bbox 850 2555 872 2585; x_wconf 78' lang='lat' dir='ltr'>b,</span> <span class='ocrx_word' id='word_1_324' title='bbox 889 2556 953 2580; x_wconf 80' lang='lat' dir='ltr'>data</span> <span class='ocrx_word' id='word_1_325' title='bbox 972 2559 1011 2580; x_wconf 81' lang='lat' dir='ltr'>est</span> <span class='ocrx_word' id='word_1_326' title='bbox 1029 2555 1129 2580; x_wconf 82' lang='lat' dir='ltr'>homini</span> <span class='ocrx_word' id='word_1_327' title='bbox 1153 2556 1223 2581; x_wconf 84' lang='lat' dir='ltr'>ratio</span> <span class='ocrx_word' id='word_1_328' title='bbox 1242 2563 1310 2588; x_wconf 83' lang='lat' dir='ltr'>quae</span> <span class='ocrx_word' id='word_1_329' title='bbox 1328 2557 1385 2585; x_wconf 89' lang='lat' dir='ltr'>LS,</span> 
     </span>
     <span class='ocr_line' id='line_1_56' title="bbox 328 2590 726 2623; baseline 0 -8"><span class='ocrx_word' id='word_1_330' title='bbox 328 2593 369 2615; x_wconf 80' lang='lat' dir='ltr'>est</span> <span class='ocrx_word' id='word_1_331' title='bbox 386 2590 487 2615; x_wconf 85' lang='lat' dir='ltr'>homini</span> <span class='ocrx_word' id='word_1_332' title='bbox 504 2590 575 2615; x_wconf 82' lang='lat' dir='ltr'>ratio</span> <span class='ocrx_word' id='word_1_333' title='bbox 593 2597 660 2623; x_wconf 83' lang='lat' dir='ltr'>quae</span> <span class='ocrx_word' id='word_1_334' title='bbox 678 2595 726 2615; x_wconf 87' lang='lat' dir='ltr'>cet.</span> 
     </span>
    </p>
   </div>
   <div class='ocr_carea' id='block_1_11' title="bbox 834 3097 1256 3122">
    <p class='ocr_par' dir='ltr' id='par_1_14' title="bbox 834 3097 1256 3122">
     <span class='ocr_line' id='line_1_57' title="bbox 834 3097 1256 3122; baseline 0 882"><span class='ocrx_word' id='word_1_335' title='bbox 834 3097 1256 3122; x_wconf 95' lang='lat' dir='ltr'> </span> 
     </span>
    </p>
   </div>
   <div class='ocr_carea' id='block_1_12' title="bbox 2423 279 2491 315">
    <p class='ocr_par' dir='ltr' id='par_1_15' title="bbox 2423 279 2491 315">
     <span class='ocr_line' id='line_1_58' title="bbox 2423 279 2491 315; baseline 0.029 -2"><span class='ocrx_word' id='word_1_336' title='bbox 2423 279 2491 315; x_wconf 82' lang='lat'>115</span> 
     </span>
    </p>
   </div>
   <div class='ocr_carea' id='block_1_13' title="bbox 1436 354 2534 1982">
    <p class='ocr_par' dir='ltr' id='par_1_16' title="bbox 1436 354 2500 1445">
     <span class='ocr_line' id='line_1_59' title="bbox 1436 354 2495 403; baseline 0.001 -13"><span class='ocrx_word' id='word_1_337' title='bbox 1436 361 1589 402; x_wconf 89' lang='lat' dir='ltr'>paratur</span> <span class='ocrx_word' id='word_1_338' title='bbox 1608 355 1655 391; x_wconf 89' lang='lat' dir='ltr'>ad</span> <span class='ocrx_word' id='word_1_339' title='bbox 1674 354 1799 403; x_wconf 89' lang='lat' dir='ltr'>ipsum</span> <span class='ocrx_word' id='word_1_340' title='bbox 1820 355 1914 391; x_wconf 91' lang='lat' dir='ltr'>sicut</span> <span class='ocrx_word' id='word_1_341' title='bbox 1934 355 2142 403; x_wconf 85' lang='lat' dir='ltr'>perfectum</span> <span class='ocrx_word' id='word_1_342' title='bbox 2163 355 2212 391; x_wconf 90' lang='lat' dir='ltr'>ad</span> <span class='ocrx_word' id='word_1_343' title='bbox 2231 355 2495 403; x_wconf 88' lang='lat' dir='ltr'>imperfectum</span> 
     </span>
     <span class='ocr_line' id='line_1_60' title="bbox 1436 407 2496 456; baseline 0.002 -14"><span class='ocrx_word' id='word_1_344' title='bbox 1436 407 1498 442; x_wconf 89' lang='lat' dir='ltr'>vel</span> <span class='ocrx_word' id='word_1_345' title='bbox 1518 414 1623 444; x_wconf 88' lang='lat' dir='ltr'>actus</span> <span class='ocrx_word' id='word_1_346' title='bbox 1643 408 1691 444; x_wconf 88' lang='lat' dir='ltr'>ad</span> <span class='ocrx_word' id='word_1_347' title='bbox 1710 408 1931 456; x_wconf 78' lang='lat' dir='ltr'>potentiam,</span> <span class='ocrx_word' id='word_1_348' title='bbox 1943 415 2097 456; x_wconf 88' lang='lat' dir='ltr'>propter</span> <span class='ocrx_word' id='word_1_349' title='bbox 2115 407 2220 456; x_wconf 92' lang='lat' dir='ltr'>quod</span> <span class='ocrx_word' id='word_1_350' title='bbox 2241 407 2373 444; x_wconf 88' lang='lat' dir='ltr'>dicitur</span> <span class='ocrx_word' id='word_1_351' title='bbox 2392 415 2496 444; x_wconf 86' lang='lat' dir='ltr'>actus</span> 
     </span>
     <span class='ocr_line' id='line_1_61' title="bbox 1439 458 2495 509; baseline 0.003 -15"><span class='ocrx_word' id='word_1_352' title='bbox 1439 458 1626 496; x_wconf 87' lang='lat' dir='ltr'>existentis</span> <span class='ocrx_word' id='word_1_353' title='bbox 1646 460 1683 496; x_wconf 91' lang='lat' dir='ltr'>in</span> <span class='ocrx_word' id='word_1_354' title='bbox 1703 460 1882 508; x_wconf 88' lang='lat' dir='ltr'>potentia,</span> <span class='ocrx_word' id='word_1_355' title='bbox 1903 468 1944 497; x_wconf 92' lang='lat' dir='ltr'>ut</span> <span class='ocrx_word' id='word_1_356' title='bbox 1964 473 2077 509; x_wconf 90' lang='lat' dir='ltr'>supra</span> <span class='ocrx_word' id='word_1_357' title='bbox 2094 462 2112 482; x_wconf 41' lang='grc' dir='ltr'><em>Ρ</em></span> <span class='ocrx_word' id='word_1_358' title='bbox 2128 460 2269 497; x_wconf 90' lang='lat' dir='ltr'>dictum</span> <span class='ocrx_word' id='word_1_359' title='bbox 2290 467 2355 497; x_wconf 89' lang='lat' dir='ltr'>est.</span> <span class='ocrx_word' id='word_1_360' title='bbox 2386 461 2495 497; x_wconf 93' lang='lat' dir='ltr'>Unde</span> 
     </span>
     <span class='ocr_line' id='line_1_62' title="bbox 1439 513 2496 561; baseline 0.001 -13"><span class='ocrx_word' id='word_1_361' title='bbox 1439 513 1709 561; x_wconf 90' lang='lat' dir='ltr'>quodcumque</span> <span class='ocrx_word' id='word_1_362' title='bbox 1742 513 2006 561; x_wconf 82' lang='lat' dir='ltr'>imperfectum</span> <span class='ocrx_word' id='word_1_363' title='bbox 2044 513 2247 561; x_wconf 87' lang='lat' dir='ltr'>accipiatur</span> <span class='ocrx_word' id='word_1_364' title='bbox 2274 520 2315 548; x_wconf 90' lang='lat' dir='ltr'>ut</span> <span class='ocrx_word' id='word_1_365' title='bbox 2343 525 2421 550; x_wconf 94' lang='lat' dir='ltr'>non</span> <span class='ocrx_word' id='word_1_366' title='bbox 2457 513 2496 549; x_wconf 90' lang='lat' dir='ltr'>in</span> 
     </span>
     <span class='ocr_line' id='line_1_63' title="bbox 1439 564 2495 613; baseline 0.002 -13"><span class='ocrx_word' id='word_1_367' title='bbox 1439 564 1540 600; x_wconf 90' lang='lat' dir='ltr'>aliud</span> <span class='ocrx_word' id='word_1_368' title='bbox 1559 566 1768 613; x_wconf 89' lang='lat' dir='ltr'>perfectum</span> <span class='ocrx_word' id='word_1_369' title='bbox 1788 566 1956 613; x_wconf 83' lang='lat' dir='ltr'>tendens,</span> <span class='ocrx_word' id='word_1_370' title='bbox 1979 566 2111 603; x_wconf 89' lang='lat' dir='ltr'>dicitur</span> <span class='ocrx_word' id='word_1_371' title='bbox 2127 565 2343 602; x_wconf 67' lang='lat' dir='ltr'>*terminus</span> <span class='ocrx_word' id='word_1_372' title='bbox 2368 573 2495 602; x_wconf 86' lang='lat' dir='ltr'>motus</span> 
     </span>
     <span class='ocr_line' id='line_1_64' title="bbox 1440 618 2495 667; baseline 0.002 -14"><span class='ocrx_word' id='word_1_373' title='bbox 1440 624 1475 653; x_wconf 91' lang='lat' dir='ltr'>et</span> <span class='ocrx_word' id='word_1_374' title='bbox 1502 629 1580 654; x_wconf 91' lang='lat' dir='ltr'>non</span> <span class='ocrx_word' id='word_1_375' title='bbox 1610 618 1676 654; x_wconf 86' lang='lat' dir='ltr'>erit</span> <span class='ocrx_word' id='word_1_376' title='bbox 1704 625 1830 654; x_wconf 90' lang='lat' dir='ltr'>motus</span> <span class='ocrx_word' id='word_1_377' title='bbox 1859 619 2071 655; x_wconf 89' lang='lat' dir='ltr'>secundum</span> <span class='ocrx_word' id='word_1_378' title='bbox 2100 631 2215 667; x_wconf 90' lang='lat' dir='ltr'>quem</span> <span class='ocrx_word' id='word_1_379' title='bbox 2244 618 2385 667; x_wconf 91' lang='lat' dir='ltr'>aliquid</span> <span class='ocrx_word' id='word_1_380' title='bbox 2413 631 2495 655; x_wconf 92' lang='lat' dir='ltr'>mo-</span> 
     </span>
     <span class='ocr_line' id='line_1_65' title="bbox 1438 670 2496 720; baseline 0.002 -15"><span class='ocrx_word' id='word_1_381' title='bbox 1438 677 1588 716; x_wconf 83' lang='lat' dir='ltr'>veatur3</span> <span class='ocrx_word' id='word_1_382' title='bbox 1608 678 1738 718; x_wconf 92' lang='lat' dir='ltr'>utpote</span> <span class='ocrx_word' id='word_1_383' title='bbox 1759 670 1789 706; x_wconf 89' lang='lat' dir='ltr'>si</span> <span class='ocrx_word' id='word_1_384' title='bbox 1809 671 1947 720; x_wconf 90' lang='lat' dir='ltr'>aliquid</span> <span class='ocrx_word' id='word_1_385' title='bbox 1967 671 2118 720; x_wconf 90' lang='lat' dir='ltr'>incipiat</span> <span class='ocrx_word' id='word_1_386' title='bbox 2137 671 2302 708; x_wconf 89' lang='lat' dir='ltr'>dealbari</span> <span class='ocrx_word' id='word_1_387' title='bbox 2319 673 2350 718; x_wconf 66' lang='lat'>³³²,</span> <span class='ocrx_word' id='word_1_388' title='bbox 2372 679 2407 708; x_wconf 90' lang='lat' dir='ltr'>et</span> <span class='ocrx_word' id='word_1_389' title='bbox 2426 680 2496 708; x_wconf 89' lang='lat' dir='ltr'>sta-</span> 
     </span>
     <span class='ocr_line' id='line_1_66' title="bbox 1438 722 2497 773; baseline 0.002 -15"><span class='ocrx_word' id='word_1_390' title='bbox 1438 722 1505 758; x_wconf 90' lang='lat' dir='ltr'>tim</span> <span class='ocrx_word' id='word_1_391' title='bbox 1534 723 1702 759; x_wconf 84' lang='lat' dir='ltr'>alteratio</span> <span class='ocrx_word' id='word_1_392' title='bbox 1738 723 2040 773; x_wconf 89' lang='lat' dir='ltr'>interrumpatur.</span> <span class='ocrx_word' id='word_1_393' title='bbox 2082 725 2277 771; x_wconf 88' lang='lat' dir='ltr'>Quantum</span> <span class='ocrx_word' id='word_1_394' title='bbox 2312 724 2420 772; x_wconf 87' lang='lat' dir='ltr'>igitur</span> <span class='ocrx_word' id='word_1_395' title='bbox 2448 724 2497 761; x_wconf 92' lang='lat' dir='ltr'>ad</span> 
     </span>
     <span class='ocr_line' id='line_1_67' title="bbox 1438 774 2497 824; baseline 0.002 -13"><span class='ocrx_word' id='word_1_396' title='bbox 1438 774 1478 811; x_wconf 89' lang='lat' dir='ltr'>id</span> <span class='ocrx_word' id='word_1_397' title='bbox 1505 776 1609 824; x_wconf 90' lang='lat' dir='ltr'>quod</span> <span class='ocrx_word' id='word_1_398' title='bbox 1651 776 1689 812; x_wconf 91' lang='lat' dir='ltr'>in</span> <span class='ocrx_word' id='word_1_399' title='bbox 1717 788 1843 813; x_wconf 89' lang='lat' dir='ltr'>rerum</span> <span class='ocrx_word' id='word_1_400' title='bbox 1881 784 2014 813; x_wconf 87' lang='lat' dir='ltr'>natura</span> <span class='ocrx_word' id='word_1_401' title='bbox 2047 784 2102 813; x_wconf 89' lang='lat' dir='ltr'>est</span> <span class='ocrx_word' id='word_1_402' title='bbox 2139 777 2184 813; x_wconf 94' lang='lat' dir='ltr'>de</span> <span class='ocrx_word' id='word_1_403' title='bbox 2213 784 2340 824; x_wconf 91' lang='lat' dir='ltr'>motu,</span> <span class='ocrx_word' id='word_1_404' title='bbox 2371 785 2497 813; x_wconf 92' lang='lat' dir='ltr'>motus</span> 
     </span>
     <span class='ocr_line' id='line_1_68' title="bbox 1438 828 2497 877; baseline 0.003 -14"><span class='ocrx_word' id='word_1_405' title='bbox 1438 828 1592 875; x_wconf 92' lang='lat' dir='ltr'>ponitur</span> <span class='ocrx_word' id='word_1_406' title='bbox 1618 841 1686 877; x_wconf 89' lang='lat' dir='ltr'>per</span> <span class='ocrx_word' id='word_1_407' title='bbox 1714 829 1975 866; x_wconf 89' lang='lat' dir='ltr'>reductionem</span> <span class='ocrx_word' id='word_1_408' title='bbox 2004 829 2041 866; x_wconf 92' lang='lat' dir='ltr'>in</span> <span class='ocrx_word' id='word_1_409' title='bbox 2066 829 2126 866; x_wconf 93' lang='lat' dir='ltr'>illo</span> <span class='ocrx_word' id='word_1_410' title='bbox 2147 841 2283 877; x_wconf 86' lang='lat' dir='ltr'>genere</span> <span class='ocrx_word' id='word_1_411' title='bbox 2304 830 2408 877; x_wconf 88' lang='lat' dir='ltr'>quod</span> <span class='ocrx_word' id='word_1_412' title='bbox 2426 837 2497 866; x_wconf 88' lang='lat' dir='ltr'>ter-</span> 
     </span>
     <span class='ocr_line' id='line_1_69' title="bbox 1440 880 2498 930; baseline 0.002 -14"><span class='ocrx_word' id='word_1_413' title='bbox 1440 880 1559 917; x_wconf 87' lang='lat' dir='ltr'>minat</span> <span class='ocrx_word' id='word_1_414' title='bbox 1592 889 1762 929; x_wconf 88' lang='lat' dir='ltr'>motum,</span> <span class='ocrx_word' id='word_1_415' title='bbox 1801 882 1895 918; x_wconf 91' lang='lat' dir='ltr'>sicut</span> <span class='ocrx_word' id='word_1_416' title='bbox 1932 883 2195 930; x_wconf 87' lang='lat' dir='ltr'>imperfectum</span> <span class='ocrx_word' id='word_1_417' title='bbox 2233 882 2421 919; x_wconf 89' lang='lat' dir='ltr'>reducitur</span> <span class='ocrx_word' id='word_1_418' title='bbox 2449 883 2498 919; x_wconf 89' lang='lat' dir='ltr'>ad</span> 
     </span>
     <span class='ocr_line' id='line_1_70' title="bbox 1439 934 2534 983; baseline 0.002 -14"><span class='ocrx_word' id='word_1_419' title='bbox 1439 934 1661 981; x_wconf 88' lang='lat' dir='ltr'>perfectum,</span> <span class='ocrx_word' id='word_1_420' title='bbox 1681 942 1722 970; x_wconf 91' lang='lat' dir='ltr'>ut</span> <span class='ocrx_word' id='word_1_421' title='bbox 1742 947 1855 982; x_wconf 90' lang='lat' dir='ltr'>supra</span> <span class='ocrx_word' id='word_1_422' title='bbox 1866 935 1885 955; x_wconf 41' lang='grc' dir='ltr'>Ψ·</span> <span class='ocrx_word' id='word_1_423' title='bbox 1902 934 2043 972; x_wconf 92' lang='lat' dir='ltr'>dictum</span> <span class='ocrx_word' id='word_1_424' title='bbox 2063 942 2129 972; x_wconf 88' lang='lat' dir='ltr'>est.</span> <span class='ocrx_word' id='word_1_425' title='bbox 2151 934 2228 971; x_wconf 88' lang='lat' dir='ltr'>Sed</span> <span class='ocrx_word' id='word_1_426' title='bbox 2247 943 2430 983; x_wconf 89' lang='lat' dir='ltr'>quantum</span> <span class='ocrx_word' id='word_1_427' title='bbox 2450 935 2534 971; x_wconf 90' lang='lat' dir='ltr'>ad</span> 
     </span>
     <span class='ocr_line' id='line_1_71' title="bbox 1440 986 2499 1035; baseline 0.002 -13"><span class='ocrx_word' id='word_1_428' title='bbox 1440 986 1479 1022; x_wconf 92' lang='lat' dir='ltr'>id</span> <span class='ocrx_word' id='word_1_429' title='bbox 1498 986 1603 1035; x_wconf 91' lang='lat' dir='ltr'>quod</span> <span class='ocrx_word' id='word_1_430' title='bbox 1622 986 1713 1023; x_wconf 89' lang='lat' dir='ltr'>ratio</span> <span class='ocrx_word' id='word_1_431' title='bbox 1743 988 1990 1035; x_wconf 78' lang='lat' dir='ltr'>apprehendit</span> <span class='ocrx_word' id='word_1_432' title='bbox 2019 989 2038 1009; x_wconf 67' lang='lat'>⁴²</span> <span class='ocrx_word' id='word_1_433' title='bbox 2063 988 2160 1024; x_wconf 89' lang='lat' dir='ltr'>circa</span> <span class='ocrx_word' id='word_1_434' title='bbox 2180 995 2340 1034; x_wconf 90' lang='lat' dir='ltr'>motum,</span> <span class='ocrx_word' id='word_1_435' title='bbox 2362 987 2499 1024; x_wconf 88' lang='lat' dir='ltr'>scilicet</span> 
     </span>
     <span class='ocr_line' id='line_1_72' title="bbox 1442 1039 2498 1088; baseline 0.002 -13"><span class='ocrx_word' id='word_1_436' title='bbox 1442 1051 1523 1075; x_wconf 86' lang='lat' dir='ltr'>esse</span> <span class='ocrx_word' id='word_1_437' title='bbox 1552 1039 1722 1076; x_wconf 89' lang='lat' dir='ltr'>medium</span> <span class='ocrx_word' id='word_1_438' title='bbox 1743 1040 1979 1088; x_wconf 85' lang='lat' dir='ltr'>quoddam··&#39;</span> <span class='ocrx_word' id='word_1_439' title='bbox 1999 1041 2093 1077; x_wconf 91' lang='lat' dir='ltr'>inter</span> <span class='ocrx_word' id='word_1_440' title='bbox 2117 1040 2212 1077; x_wconf 92' lang='lat' dir='ltr'>duos</span> <span class='ocrx_word' id='word_1_441' title='bbox 2232 1040 2425 1086; x_wconf 84' lang='lat' dir='ltr'>terminos,</span> <span class='ocrx_word' id='word_1_442' title='bbox 2447 1041 2498 1077; x_wconf 89' lang='lat' dir='ltr'>sic</span> 
     </span>
     <span class='ocr_line' id='line_1_73' title="bbox 1441 1091 2498 1141; baseline 0.001 -13"><span class='ocrx_word' id='word_1_443' title='bbox 1441 1091 1517 1128; x_wconf 89' lang='lat' dir='ltr'>iam</span> <span class='ocrx_word' id='word_1_444' title='bbox 1537 1091 1749 1141; x_wconf 88' lang='lat' dir='ltr'>implicatur</span> <span class='ocrx_word' id='word_1_445' title='bbox 1776 1092 1867 1128; x_wconf 90' lang='lat' dir='ltr'>ratio</span> <span class='ocrx_word' id='word_1_446' title='bbox 1898 1106 2032 1130; x_wconf 90' lang='lat' dir='ltr'>causae</span> <span class='ocrx_word' id='word_1_447' title='bbox 2063 1100 2098 1129; x_wconf 91' lang='lat' dir='ltr'>et</span> <span class='ocrx_word' id='word_1_448' title='bbox 2126 1093 2302 1130; x_wconf 86' lang='lat' dir='ltr'>effectus:</span> <span class='ocrx_word' id='word_1_449' title='bbox 2332 1105 2422 1129; x_wconf 90' lang='lat' dir='ltr'>nam</span> <span class='ocrx_word' id='word_1_450' title='bbox 2443 1106 2498 1130; x_wconf 90' lang='lat' dir='ltr'>re-</span> 
     </span>
     <span class='ocr_line' id='line_1_74' title="bbox 1442 1144 2499 1193; baseline 0.002 -13"><span class='ocrx_word' id='word_1_451' title='bbox 1442 1144 1528 1181; x_wconf 93' lang='lat' dir='ltr'>duci</span> <span class='ocrx_word' id='word_1_452' title='bbox 1556 1144 1696 1193; x_wconf 88' lang='lat' dir='ltr'>aliquid</span> <span class='ocrx_word' id='word_1_453' title='bbox 1725 1144 1771 1181; x_wconf 89' lang='lat' dir='ltr'>de</span> <span class='ocrx_word' id='word_1_454' title='bbox 1799 1146 1968 1193; x_wconf 89' lang='lat' dir='ltr'>potentia</span> <span class='ocrx_word' id='word_1_455' title='bbox 1996 1147 2034 1183; x_wconf 90' lang='lat' dir='ltr'>in</span> <span class='ocrx_word' id='word_1_456' title='bbox 2063 1153 2209 1193; x_wconf 89' lang='lat' dir='ltr'>actum,</span> <span class='ocrx_word' id='word_1_457' title='bbox 2239 1159 2318 1182; x_wconf 92' lang='lat' dir='ltr'>non</span> <span class='ocrx_word' id='word_1_458' title='bbox 2348 1153 2401 1183; x_wconf 90' lang='lat' dir='ltr'>est</span> <span class='ocrx_word' id='word_1_459' title='bbox 2429 1146 2499 1182; x_wconf 89' lang='lat' dir='ltr'>nisi</span> 
     </span>
     <span class='ocr_line' id='line_1_75' title="bbox 1442 1197 2499 1246; baseline 0.002 -13"><span class='ocrx_word' id='word_1_460' title='bbox 1442 1198 1489 1234; x_wconf 92' lang='lat' dir='ltr'>ab</span> <span class='ocrx_word' id='word_1_461' title='bbox 1509 1197 1634 1246; x_wconf 90' lang='lat' dir='ltr'>aliqua</span> <span class='ocrx_word' id='word_1_462' title='bbox 1653 1210 1767 1234; x_wconf 89' lang='lat' dir='ltr'>causa</span> <span class='ocrx_word' id='word_1_463' title='bbox 1796 1205 1938 1245; x_wconf 88' lang='lat' dir='ltr'>agente.</span> <span class='ocrx_word' id='word_1_464' title='bbox 1970 1199 2018 1235; x_wconf 91' lang='lat' dir='ltr'>Et</span> <span class='ocrx_word' id='word_1_465' title='bbox 2038 1198 2250 1235; x_wconf 88' lang='lat' dir='ltr'>secundum</span> <span class='ocrx_word' id='word_1_466' title='bbox 2278 1199 2353 1235; x_wconf 92' lang='lat' dir='ltr'>hoc</span> <span class='ocrx_word' id='word_1_467' title='bbox 2373 1206 2499 1235; x_wconf 91' lang='lat' dir='ltr'>motus</span> 
     </span>
     <span class='ocr_line' id='line_1_76' title="bbox 1440 1250 2497 1300; baseline 0.002 -14"><span class='ocrx_word' id='word_1_468' title='bbox 1440 1250 1601 1298; x_wconf 89' lang='lat' dir='ltr'>pertinet</span> <span class='ocrx_word' id='word_1_469' title='bbox 1621 1251 1669 1287; x_wconf 90' lang='lat' dir='ltr'>ad</span> <span class='ocrx_word' id='word_1_470' title='bbox 1686 1250 2037 1299; x_wconf 90' lang='lat' dir='ltr'>praedicamentum</span> <span class='ocrx_word' id='word_1_471' title='bbox 2066 1251 2222 1288; x_wconf 89' lang='lat' dir='ltr'>actionis</span> <span class='ocrx_word' id='word_1_472' title='bbox 2242 1258 2278 1287; x_wconf 91' lang='lat' dir='ltr'>et</span> <span class='ocrx_word' id='word_1_473' title='bbox 2295 1251 2497 1300; x_wconf 87' lang='lat' dir='ltr'>passionis:</span> 
     </span>
     <span class='ocr_line' id='line_1_77' title="bbox 1441 1302 2500 1352; baseline 0.002 -13"><span class='ocrx_word' id='word_1_474' title='bbox 1441 1304 1536 1339; x_wconf 92' lang='lat' dir='ltr'>haec</span> <span class='ocrx_word' id='word_1_475' title='bbox 1556 1302 1657 1339; x_wconf 92' lang='lat' dir='ltr'>enim</span> <span class='ocrx_word' id='word_1_476' title='bbox 1678 1303 1755 1340; x_wconf 91' lang='lat' dir='ltr'>duo</span> <span class='ocrx_word' id='word_1_477' title='bbox 1783 1303 2091 1351; x_wconf 88' lang='lat' dir='ltr'>praedicamenta</span> <span class='ocrx_word' id='word_1_478' title='bbox 2111 1303 2342 1352; x_wconf 87' lang='lat' dir='ltr'>accipiuntur</span> <span class='ocrx_word' id='word_1_479' title='bbox 2369 1317 2500 1341; x_wconf 86' lang='lat' dir='ltr'>secun-</span> 
     </span>
     <span class='ocr_line' id='line_1_78' title="bbox 1443 1355 2500 1404; baseline 0.001 -12"><span class='ocrx_word' id='word_1_480' title='bbox 1443 1355 1535 1392; x_wconf 90' lang='lat' dir='ltr'>dum</span> <span class='ocrx_word' id='word_1_481' title='bbox 1556 1357 1576 1377; x_wconf 78' lang='lat'>*</span> <span class='ocrx_word' id='word_1_482' title='bbox 1595 1356 1781 1392; x_wconf 89' lang='lat' dir='ltr'>rationem</span> <span class='ocrx_word' id='word_1_483' title='bbox 1801 1368 1937 1393; x_wconf 89' lang='lat' dir='ltr'>causae</span> <span class='ocrx_word' id='word_1_484' title='bbox 1957 1356 2098 1404; x_wconf 87' lang='lat' dir='ltr'>agentis</span> <span class='ocrx_word' id='word_1_485' title='bbox 2128 1363 2163 1392; x_wconf 93' lang='lat' dir='ltr'>et</span> <span class='ocrx_word' id='word_1_486' title='bbox 2192 1356 2358 1403; x_wconf 83' lang='lat' dir='ltr'>effectus,</span> <span class='ocrx_word' id='word_1_487' title='bbox 2377 1364 2419 1392; x_wconf 93' lang='lat' dir='ltr'>ut</span> <span class='ocrx_word' id='word_1_488' title='bbox 2447 1357 2500 1394; x_wconf 91' lang='lat' dir='ltr'>di-</span> 
     </span>
     <span class='ocr_line' id='line_1_79' title="bbox 1442 1410 1689 1445; baseline 0.004 -1"><span class='ocrx_word' id='word_1_489' title='bbox 1442 1415 1545 1445; x_wconf 88' lang='lat' dir='ltr'>ctum</span> <span class='ocrx_word' id='word_1_490' title='bbox 1575 1416 1629 1445; x_wconf 89' lang='lat' dir='ltr'>est</span> <span class='ocrx_word' id='word_1_491' title='bbox 1658 1410 1689 1445; x_wconf 39' lang='grc' dir='ltr'>ἧι.</span> 
     </span>
    </p>

    <p class='ocr_par' dir='ltr' id='par_1_17' title="bbox 1441 1461 2502 1982">
     <span class='ocr_line' id='line_1_80' title="bbox 1502 1461 2502 1510; baseline 0 -13"><span class='ocrx_word' id='word_1_492' title='bbox 1502 1462 1558 1498; x_wconf 92' lang='grc'>18.</span> <span class='ocrx_word' id='word_1_493' title='bbox 1596 1461 1745 1498; x_wconf 92' lang='lat' dir='ltr'>Deinde</span> <span class='ocrx_word' id='word_1_494' title='bbox 1793 1473 1880 1498; x_wconf 91' lang='lat' dir='ltr'>cum</span> <span class='ocrx_word' id='word_1_495' title='bbox 1919 1461 2025 1498; x_wconf 91' lang='lat' dir='ltr'>dicit:</span> <span class='ocrx_word' id='word_1_496' title='bbox 2069 1462 2167 1503; x_wconf 86' lang='lat' dir='ltr'>Quid</span> <span class='ocrx_word' id='word_1_497' title='bbox 2202 1462 2349 1510; x_wconf 84' lang='lat' dir='ltr'>quidem</span> <span class='ocrx_word' id='word_1_498' title='bbox 2386 1461 2502 1510; x_wconf 82' lang='lat' dir='ltr'>igitur</span> 
     </span>
     <span class='ocr_line' id='line_1_81' title="bbox 1442 1514 2502 1563; baseline 0 -13"><span class='ocrx_word' id='word_1_499' title='bbox 1442 1519 1564 1550; x_wconf 82' lang='lat' dir='ltr'>motus</span> <span class='ocrx_word' id='word_1_500' title='bbox 1592 1521 1674 1560; x_wconf 92' lang='lat' dir='ltr'>etc.,</span> <span class='ocrx_word' id='word_1_501' title='bbox 1706 1514 1837 1550; x_wconf 92' lang='lat' dir='ltr'>definit</span> <span class='ocrx_word' id='word_1_502' title='bbox 1864 1521 2012 1550; x_wconf 88' lang='lat' dir='ltr'>motum</span> <span class='ocrx_word' id='word_1_503' title='bbox 2032 1514 2071 1550; x_wconf 92' lang='lat' dir='ltr'>in</span> <span class='ocrx_word' id='word_1_504' title='bbox 2089 1514 2319 1563; x_wconf 89' lang='lat' dir='ltr'>particulari:</span> <span class='ocrx_word' id='word_1_505' title='bbox 2350 1521 2386 1550; x_wconf 89' lang='lat' dir='ltr'>et</span> <span class='ocrx_word' id='word_1_506' title='bbox 2415 1514 2502 1550; x_wconf 90' lang='lat' dir='ltr'>dicit</span> 
     </span>
     <span class='ocr_line' id='line_1_82' title="bbox 1443 1565 2501 1625; baseline 0 -23"><span class='ocrx_word' id='word_1_507' title='bbox 1443 1566 1547 1625; x_wconf 86' lang='lat' dir='ltr'>quod</span> <span class='ocrx_word' id='word_1_508' title='bbox 1573 1565 1715 1603; x_wconf 91' lang='lat' dir='ltr'>dictum</span> <span class='ocrx_word' id='word_1_509' title='bbox 1744 1574 1799 1602; x_wconf 92' lang='lat' dir='ltr'>est</span> <span class='ocrx_word' id='word_1_510' title='bbox 1826 1566 1916 1614; x_wconf 91' lang='lat' dir='ltr'>quid</span> <span class='ocrx_word' id='word_1_511' title='bbox 1945 1567 1990 1603; x_wconf 90' lang='lat' dir='ltr'>sit</span> <span class='ocrx_word' id='word_1_512' title='bbox 2018 1574 2144 1603; x_wconf 90' lang='lat' dir='ltr'>motus</span> <span class='ocrx_word' id='word_1_513' title='bbox 2179 1567 2271 1603; x_wconf 90' lang='lat' dir='ltr'>etin</span> <span class='ocrx_word' id='word_1_514' title='bbox 2298 1566 2501 1603; x_wconf 91' lang='lat' dir='ltr'>universali</span> 
     </span>
     <span class='ocr_line' id='line_1_83' title="bbox 1444 1619 2501 1667; baseline 0.001 -13"><span class='ocrx_word' id='word_1_515' title='bbox 1444 1626 1479 1654; x_wconf 93' lang='lat' dir='ltr'>et</span> <span class='ocrx_word' id='word_1_516' title='bbox 1505 1619 1542 1655; x_wconf 90' lang='lat' dir='ltr'>in</span> <span class='ocrx_word' id='word_1_517' title='bbox 1570 1619 1803 1667; x_wconf 88' lang='lat' dir='ltr'>particulari;</span> <span class='ocrx_word' id='word_1_518' title='bbox 1837 1619 1926 1667; x_wconf 91' lang='lat' dir='ltr'>quia</span> <span class='ocrx_word' id='word_1_519' title='bbox 1959 1631 2003 1655; x_wconf 91' lang='lat' dir='ltr'>ex</span> <span class='ocrx_word' id='word_1_520' title='bbox 2031 1620 2105 1655; x_wconf 90' lang='lat' dir='ltr'>hoc</span> <span class='ocrx_word' id='word_1_521' title='bbox 2138 1619 2242 1667; x_wconf 93' lang='lat' dir='ltr'>quod</span> <span class='ocrx_word' id='word_1_522' title='bbox 2271 1619 2412 1657; x_wconf 90' lang='lat' dir='ltr'>dictum</span> <span class='ocrx_word' id='word_1_523' title='bbox 2447 1626 2501 1655; x_wconf 91' lang='lat' dir='ltr'>est</span> 
     </span>
     <span class='ocr_line' id='line_1_84' title="bbox 1444 1666 2499 1718; baseline 0.001 -11"><span class='ocrx_word' id='word_1_524' title='bbox 1444 1671 1490 1707; x_wconf 94' lang='lat' dir='ltr'>de</span> <span class='ocrx_word' id='word_1_525' title='bbox 1519 1671 1738 1708; x_wconf 90' lang='lat' dir='ltr'>definitione</span> <span class='ocrx_word' id='word_1_526' title='bbox 1776 1679 1902 1708; x_wconf 89' lang='lat' dir='ltr'>motus</span> <span class='ocrx_word' id='word_1_527' title='bbox 1935 1669 1981 1708; x_wconf 89' lang='grc'>111</span> <span class='ocrx_word' id='word_1_528' title='bbox 2000 1672 2221 1718; x_wconf 88' lang='lat' dir='ltr'>universali,</span> <span class='ocrx_word' id='word_1_529' title='bbox 2258 1666 2499 1708; x_wconf 84' lang='lat' dir='ltr'>manifestum</span> 
     </span>
     <span class='ocr_line' id='line_1_85' title="bbox 1444 1724 2497 1772; baseline 0 -12"><span class='ocrx_word' id='word_1_530' title='bbox 1444 1736 1526 1760; x_wconf 87' lang='lat' dir='ltr'>esse</span> <span class='ocrx_word' id='word_1_531' title='bbox 1562 1724 1698 1771; x_wconf 89' lang='lat' dir='ltr'>poterit</span> <span class='ocrx_word' id='word_1_532' title='bbox 1735 1725 1933 1772; x_wconf 92' lang='lat' dir='ltr'>quomodo</span> <span class='ocrx_word' id='word_1_533' title='bbox 1968 1724 2168 1761; x_wconf 90' lang='lat' dir='ltr'>definiatur</span> <span class='ocrx_word' id='word_1_534' title='bbox 2204 1725 2243 1761; x_wconf 89' lang='lat' dir='ltr'>in</span> <span class='ocrx_word' id='word_1_535' title='bbox 2275 1724 2497 1772; x_wconf 88' lang='lat' dir='ltr'>particulari.</span> 
     </span>
     <span class='ocr_line' id='line_1_86' title="bbox 1444 1775 2499 1825; baseline 0 -12"><span class='ocrx_word' id='word_1_536' title='bbox 1444 1776 1484 1813; x_wconf 87' lang='lat' dir='ltr'>Si</span> <span class='ocrx_word' id='word_1_537' title='bbox 1504 1775 1605 1812; x_wconf 90' lang='lat' dir='ltr'>enim</span> <span class='ocrx_word' id='word_1_538' title='bbox 1626 1783 1753 1812; x_wconf 91' lang='lat' dir='ltr'>motus</span> <span class='ocrx_word' id='word_1_539' title='bbox 1773 1784 1827 1813; x_wconf 89' lang='lat' dir='ltr'>est</span> <span class='ocrx_word' id='word_1_540' title='bbox 1855 1784 1958 1813; x_wconf 88' lang='lat' dir='ltr'>actus</span> <span class='ocrx_word' id='word_1_541' title='bbox 1982 1777 2133 1813; x_wconf 90' lang='lat' dir='ltr'>mobilis</span> <span class='ocrx_word' id='word_1_542' title='bbox 2164 1777 2374 1814; x_wconf 89' lang='lat' dir='ltr'>secundum</span> <span class='ocrx_word' id='word_1_543' title='bbox 2394 1777 2499 1825; x_wconf 90' lang='lat' dir='ltr'>quod</span> 
     </span>
     <span class='ocr_line' id='line_1_87' title="bbox 1442 1828 2499 1877; baseline 0 -12"><span class='ocrx_word' id='word_1_544' title='bbox 1442 1828 1677 1874; x_wconf 89' lang='lat' dir='ltr'>huiusmodi,</span> <span class='ocrx_word' id='word_1_545' title='bbox 1708 1829 1874 1876; x_wconf 89' lang='lat' dir='ltr'>sequitur</span> <span class='ocrx_word' id='word_1_546' title='bbox 1902 1829 2006 1877; x_wconf 90' lang='lat' dir='ltr'>quod</span> <span class='ocrx_word' id='word_1_547' title='bbox 2030 1829 2194 1866; x_wconf 90' lang='lat' dir='ltr'>alteratio</span> <span class='ocrx_word' id='word_1_548' title='bbox 2216 1830 2261 1866; x_wconf 88' lang='lat' dir='ltr'>sit</span> <span class='ocrx_word' id='word_1_549' title='bbox 2288 1837 2391 1866; x_wconf 89' lang='lat' dir='ltr'>actus</span> <span class='ocrx_word' id='word_1_550' title='bbox 2411 1831 2499 1866; x_wconf 89' lang='lat' dir='ltr'>alte-</span> 
     </span>
     <span class='ocr_line' id='line_1_88' title="bbox 1441 1881 2499 1929; baseline 0.001 -12"><span class='ocrx_word' id='word_1_551' title='bbox 1441 1881 1566 1918; x_wconf 87' lang='lat' dir='ltr'>rabilis</span> <span class='ocrx_word' id='word_1_552' title='bbox 1582 1881 1793 1918; x_wconf 90' lang='lat' dir='ltr'>secundum</span> <span class='ocrx_word' id='word_1_553' title='bbox 1813 1882 1917 1929; x_wconf 87' lang='lat' dir='ltr'>quod</span> <span class='ocrx_word' id='word_1_554' title='bbox 1932 1881 2170 1918; x_wconf 89' lang='lat' dir='ltr'>huiusmodi:</span> <span class='ocrx_word' id='word_1_555' title='bbox 2189 1890 2223 1918; x_wconf 88' lang='lat' dir='ltr'>et</span> <span class='ocrx_word' id='word_1_556' title='bbox 2238 1882 2290 1918; x_wconf 88' lang='lat' dir='ltr'>sic</span> <span class='ocrx_word' id='word_1_557' title='bbox 2311 1882 2357 1919; x_wconf 92' lang='lat' dir='ltr'>de</span> <span class='ocrx_word' id='word_1_558' title='bbox 2373 1882 2461 1918; x_wconf 88' lang='lat' dir='ltr'>aliis.</span> <span class='ocrx_word' id='word_1_559' title='bbox 2476 1904 2499 1909; x_wconf 98' lang='lat'>-</span> 
     </span>
     <span class='ocr_line' id='line_1_89' title="bbox 1441 1933 2499 1982; baseline 0.001 -12"><span class='ocrx_word' id='word_1_560' title='bbox 1441 1935 1490 1970; x_wconf 91' lang='lat' dir='ltr'>Et</span> <span class='ocrx_word' id='word_1_561' title='bbox 1509 1933 1597 1982; x_wconf 86' lang='lat' dir='ltr'>quia</span> <span class='ocrx_word' id='word_1_562' title='bbox 1614 1935 1782 1982; x_wconf 91' lang='lat' dir='ltr'>positum</span> <span class='ocrx_word' id='word_1_563' title='bbox 1807 1934 1874 1970; x_wconf 84' lang='lat' dir='ltr'>fuit</span> <span class='ocrx_word' id='word_1_564' title='bbox 1894 1934 1932 1971; x_wconf 92' lang='lat' dir='ltr'>in</span> <span class='ocrx_word' id='word_1_565' title='bbox 1953 1934 2195 1982; x_wconf 82' lang='lat' dir='ltr'>dubitatione,</span> <span class='ocrx_word' id='word_1_566' title='bbox 2224 1942 2353 1971; x_wconf 90' lang='lat' dir='ltr'>utrum</span> <span class='ocrx_word' id='word_1_567' title='bbox 2373 1942 2499 1971; x_wconf 89' lang='lat' dir='ltr'>motus</span> 
     </span>
    </p>
   </div>
   <div class='ocr_carea' id='block_1_14' title="bbox 1438 1987 2538 2139">
    <p class='ocr_par' dir='ltr' id='par_1_18' title="bbox 1438 1987 2538 2139">
     <span class='ocr_line' id='line_1_90' title="bbox 1441 1987 2538 2035; baseline 0.001 -12"><span class='ocrx_word' id='word_1_568' title='bbox 1441 1987 1487 2023; x_wconf 92' lang='lat' dir='ltr'>sit</span> <span class='ocrx_word' id='word_1_569' title='bbox 1506 1994 1610 2024; x_wconf 86' lang='lat' dir='ltr'>actus</span> <span class='ocrx_word' id='word_1_570' title='bbox 1638 1987 1827 2024; x_wconf 87' lang='lat' dir='ltr'>moventis</span> <span class='ocrx_word' id='word_1_571' title='bbox 1855 1988 1916 2023; x_wconf 91' lang='lat' dir='ltr'>vel</span> <span class='ocrx_word' id='word_1_572' title='bbox 1944 1987 2106 2035; x_wconf 87' lang='lat' dir='ltr'>mobilis,</span> <span class='ocrx_word' id='word_1_573' title='bbox 2128 1995 2164 2024; x_wconf 90' lang='lat' dir='ltr'>et</span> <span class='ocrx_word' id='word_1_574' title='bbox 2191 1995 2385 2024; x_wconf 90' lang='lat' dir='ltr'>ostensum</span> <span class='ocrx_word' id='word_1_575' title='bbox 2406 1995 2460 2024; x_wconf 89' lang='lat' dir='ltr'>est</span> <span class='ocrx_word' id='word_1_576' title='bbox 2480 1989 2499 2009; x_wconf 70' lang='lat'>’³²</span> <span class='ocrx_word' id='word_1_577' title='bbox 2527 2000 2538 2011; x_wconf 64' lang='lat'>⁶</span> 
     </span>
     <span class='ocr_line' id='line_1_91' title="bbox 1441 2039 2537 2089; baseline 0.001 -13"><span class='ocrx_word' id='word_1_578' title='bbox 1441 2039 1545 2088; x_wconf 93' lang='lat' dir='ltr'>quod</span> <span class='ocrx_word' id='word_1_579' title='bbox 1565 2047 1620 2076; x_wconf 92' lang='lat' dir='ltr'>est</span> <span class='ocrx_word' id='word_1_580' title='bbox 1638 2047 1743 2076; x_wconf 91' lang='lat' dir='ltr'>actus</span> <span class='ocrx_word' id='word_1_581' title='bbox 1763 2039 1874 2077; x_wconf 91' lang='lat' dir='ltr'>activi</span> <span class='ocrx_word' id='word_1_582' title='bbox 1894 2047 1935 2076; x_wconf 93' lang='lat' dir='ltr'>ut</span> <span class='ocrx_word' id='word_1_583' title='bbox 1961 2040 2009 2076; x_wconf 88' lang='lat' dir='ltr'>ab</span> <span class='ocrx_word' id='word_1_584' title='bbox 2036 2041 2112 2076; x_wconf 90' lang='lat' dir='ltr'>hoc</span> <span class='ocrx_word' id='word_1_585' title='bbox 2132 2041 2164 2087; x_wconf 67' lang='lat'>*,</span> <span class='ocrx_word' id='word_1_586' title='bbox 2186 2048 2221 2076; x_wconf 89' lang='lat' dir='ltr'>et</span> <span class='ocrx_word' id='word_1_587' title='bbox 2239 2040 2379 2089; x_wconf 88' lang='lat' dir='ltr'>passivi</span> <span class='ocrx_word' id='word_1_588' title='bbox 2402 2048 2443 2077; x_wconf 92' lang='lat' dir='ltr'>ut</span> <span class='ocrx_word' id='word_1_589' title='bbox 2461 2041 2499 2077; x_wconf 93' lang='lat' dir='ltr'>in</span> <span class='ocrx_word' id='word_1_590' title='bbox 2527 2054 2537 2064; x_wconf 69' lang='lat'>⁸</span> 
     </span>
     <span class='ocr_line' id='line_1_92' title="bbox 1438 2092 2536 2139; baseline 0 -10"><span class='ocrx_word' id='word_1_591' title='bbox 1438 2094 1513 2129; x_wconf 88' lang='lat' dir='ltr'>hoc</span> <span class='ocrx_word' id='word_1_592' title='bbox 1547 2094 1582 2139; x_wconf 70' lang='lat'>*;</span> <span class='ocrx_word' id='word_1_593' title='bbox 1612 2092 1661 2129; x_wconf 91' lang='lat' dir='ltr'>ad</span> <span class='ocrx_word' id='word_1_594' title='bbox 1688 2092 1898 2129; x_wconf 92' lang='lat' dir='ltr'>tollendum</span> <span class='ocrx_word' id='word_1_595' title='bbox 1917 2099 1936 2119; x_wconf 65' lang='grc' dir='ltr'>μ</span> <span class='ocrx_word' id='word_1_596' title='bbox 1955 2105 2111 2129; x_wconf 86' lang='grc'>0111116111</span> <span class='ocrx_word' id='word_1_597' title='bbox 2137 2093 2408 2130; x_wconf 90' lang='lat' dir='ltr'>dubitationem</span> <span class='ocrx_word' id='word_1_598' title='bbox 2437 2094 2499 2130; x_wconf 88' lang='lat' dir='ltr'>ali·</span> <span class='ocrx_word' id='word_1_599' title='bbox 2526 2107 2536 2117; x_wconf 64' lang='lat'><strong><em>⁴</em></strong></span> 
     </span>
    </p>
   </div>
   <div class='ocr_carea' id='block_1_15' title="bbox 1435 2145 2500 2394">
    <p class='ocr_par' dir='ltr' id='par_1_19' title="bbox 1435 2145 2500 2394">
     <span class='ocr_line' id='line_1_93' title="bbox 1440 2145 2500 2194; baseline 0 -12"><span class='ocrx_word' id='word_1_600' title='bbox 1440 2146 1663 2194; x_wconf 91' lang='lat' dir='ltr'>quantulum</span> <span class='ocrx_word' id='word_1_601' title='bbox 1684 2145 1809 2182; x_wconf 86' lang='lat' dir='ltr'>notius</span> <span class='ocrx_word' id='word_1_602' title='bbox 1838 2145 2007 2182; x_wconf 88' lang='lat' dir='ltr'>dicamus</span> <span class='ocrx_word' id='word_1_603' title='bbox 2036 2146 2140 2194; x_wconf 91' lang='lat' dir='ltr'>quod</span> <span class='ocrx_word' id='word_1_604' title='bbox 2162 2153 2288 2183; x_wconf 88' lang='lat' dir='ltr'>motus</span> <span class='ocrx_word' id='word_1_605' title='bbox 2309 2154 2364 2182; x_wconf 91' lang='lat' dir='ltr'>est</span> <span class='ocrx_word' id='word_1_606' title='bbox 2396 2152 2500 2183; x_wconf 81' lang='lat' dir='ltr'>actus</span> 
     </span>
     <span class='ocr_line' id='line_1_94' title="bbox 1435 2198 2499 2248; baseline 0.001 -14"><span class='ocrx_word' id='word_1_607' title='bbox 1435 2198 1623 2246; x_wconf 84' lang='lat' dir='ltr'>potentiae</span> <span class='ocrx_word' id='word_1_608' title='bbox 1640 2198 1754 2235; x_wconf 78' lang='lat' dir='ltr'>activi</span> <span class='ocrx_word' id='word_1_609' title='bbox 1770 2204 1806 2234; x_wconf 83' lang='lat' dir='ltr'>et</span> <span class='ocrx_word' id='word_1_610' title='bbox 1824 2199 1977 2246; x_wconf 81' lang='lat' dir='ltr'>passivi.</span> <span class='ocrx_word' id='word_1_611' title='bbox 2008 2199 2057 2235; x_wconf 92' lang='lat' dir='ltr'>Et</span> <span class='ocrx_word' id='word_1_612' title='bbox 2085 2199 2137 2235; x_wconf 94' lang='lat' dir='ltr'>sic</span> <span class='ocrx_word' id='word_1_613' title='bbox 2157 2199 2269 2236; x_wconf 92' lang='lat' dir='ltr'>etiam</span> <span class='ocrx_word' id='word_1_614' title='bbox 2292 2199 2499 2248; x_wconf 90' lang='lat' dir='ltr'>poterimus</span> 
     </span>
     <span class='ocr_line' id='line_1_95' title="bbox 1438 2250 2499 2299; baseline 0.002 -13"><span class='ocrx_word' id='word_1_615' title='bbox 1438 2250 1477 2286; x_wconf 91' lang='lat' dir='ltr'>in</span> <span class='ocrx_word' id='word_1_616' title='bbox 1508 2250 1723 2299; x_wconf 88' lang='lat' dir='ltr'>particulari</span> <span class='ocrx_word' id='word_1_617' title='bbox 1761 2251 1883 2287; x_wconf 91' lang='lat' dir='ltr'>dicere</span> <span class='ocrx_word' id='word_1_618' title='bbox 1921 2251 2026 2299; x_wconf 88' lang='lat' dir='ltr'>quod</span> <span class='ocrx_word' id='word_1_619' title='bbox 2059 2252 2269 2289; x_wconf 89' lang='lat' dir='ltr'>aedificatio</span> <span class='ocrx_word' id='word_1_620' title='bbox 2304 2259 2359 2288; x_wconf 90' lang='lat' dir='ltr'>est</span> <span class='ocrx_word' id='word_1_621' title='bbox 2395 2260 2499 2288; x_wconf 88' lang='lat' dir='ltr'>actus</span> 
     </span>
     <span class='ocr_line' id='line_1_96' title="bbox 1440 2302 2497 2352; baseline 0.002 -13"><span class='ocrx_word' id='word_1_622' title='bbox 1440 2302 1691 2340; x_wconf 90' lang='lat' dir='ltr'>aedificatoris</span> <span class='ocrx_word' id='word_1_623' title='bbox 1707 2311 1743 2340; x_wconf 89' lang='lat' dir='ltr'>et</span> <span class='ocrx_word' id='word_1_624' title='bbox 1757 2303 1999 2341; x_wconf 90' lang='lat' dir='ltr'>aedificabilis</span> <span class='ocrx_word' id='word_1_625' title='bbox 2018 2304 2242 2352; x_wconf 90' lang='lat' dir='ltr'>inquantum</span> <span class='ocrx_word' id='word_1_626' title='bbox 2262 2305 2497 2342; x_wconf 89' lang='lat' dir='ltr'>huiusmodi:</span> 
     </span>
     <span class='ocr_line' id='line_1_97' title="bbox 1441 2355 2420 2394; baseline 0.003 -3"><span class='ocrx_word' id='word_1_627' title='bbox 1441 2363 1476 2391; x_wconf 92' lang='lat' dir='ltr'>et</span> <span class='ocrx_word' id='word_1_628' title='bbox 1495 2355 1614 2392; x_wconf 91' lang='lat' dir='ltr'>simile</span> <span class='ocrx_word' id='word_1_629' title='bbox 1636 2357 1655 2377; x_wconf 60' lang='lat'>³²</span> <span class='ocrx_word' id='word_1_630' title='bbox 1676 2363 1730 2392; x_wconf 90' lang='lat' dir='ltr'>est</span> <span class='ocrx_word' id='word_1_631' title='bbox 1749 2356 1797 2392; x_wconf 91' lang='lat' dir='ltr'>de</span> <span class='ocrx_word' id='word_1_632' title='bbox 1817 2356 2068 2393; x_wconf 90' lang='lat' dir='ltr'>medicatione</span> <span class='ocrx_word' id='word_1_633' title='bbox 2090 2365 2126 2394; x_wconf 90' lang='lat' dir='ltr'>et</span> <span class='ocrx_word' id='word_1_634' title='bbox 2145 2358 2224 2394; x_wconf 89' lang='lat' dir='ltr'>aliis</span> <span class='ocrx_word' id='word_1_635' title='bbox 2244 2358 2420 2394; x_wconf 90' lang='lat' dir='ltr'>motibus.</span> 
     </span>
    </p>
   </div>
   <div class='ocr_carea' id='block_1_16' title="bbox 1439 2521 2500 2617">
    <p class='ocr_par' dir='ltr' id='par_1_20' title="bbox 1439 2521 2500 2617">
     <span class='ocr_line' id='line_1_98' title="bbox 1493 2521 2500 2554; baseline 0.001 -9"><span class='ocrx_word' id='word_1_636' title='bbox 1493 2521 1520 2554; x_wconf 82' lang='grc' dir='ltr'>μ)</span> <span class='ocrx_word' id='word_1_637' title='bbox 1540 2521 1577 2546; x_wconf 85' lang='lat' dir='ltr'>ad</span> <span class='ocrx_word' id='word_1_638' title='bbox 1595 2521 1747 2546; x_wconf 82' lang='lat' dir='ltr'>tollendum.</span> <span class='ocrx_word' id='word_1_639' title='bbox 1761 2534 1779 2540; x_wconf 86' lang='lat'>—-</span> <span class='ocrx_word' id='word_1_640' title='bbox 1792 2521 1829 2546; x_wconf 79' lang='lat' dir='ltr'>ad</span> <span class='ocrx_word' id='word_1_641' title='bbox 1847 2521 2048 2554; x_wconf 82' lang='lat' dir='ltr'>intelligendum</span> <span class='ocrx_word' id='word_1_642' title='bbox 2068 2522 2108 2546; x_wconf 88' lang='lat' dir='ltr'>ed.</span> <span class='ocrx_word' id='word_1_643' title='bbox 2121 2522 2171 2551; x_wconf 86' lang='lat' dir='ltr'>ab,</span> <span class='ocrx_word' id='word_1_644' title='bbox 2187 2523 2223 2547; x_wconf 86' lang='lat' dir='ltr'>ad</span> <span class='ocrx_word' id='word_1_645' title='bbox 2248 2522 2391 2547; x_wconf 81' lang='lat' dir='ltr'>tollendam</span> <span class='ocrx_word' id='word_1_646' title='bbox 2410 2522 2462 2546; x_wconf 85' lang='lat' dir='ltr'>FN.</span> <span class='ocrx_word' id='word_1_647' title='bbox 2480 2537 2500 2541; x_wconf 84' lang='lat'><em>-</em></span> 
     </span>
     <span class='ocr_line' id='line_1_99' title="bbox 1439 2556 2498 2588; baseline 0.002 -8"><span class='ocrx_word' id='word_1_648' title='bbox 1439 2556 1633 2588; x_wconf 84' lang='lat' dir='ltr'>aliquantulum</span> <span class='ocrx_word' id='word_1_649' title='bbox 1652 2556 1746 2580; x_wconf 85' lang='lat' dir='ltr'>habent</span> <span class='ocrx_word' id='word_1_650' title='bbox 1760 2557 1811 2586; x_wconf 81' lang='lat' dir='ltr'>PR,</span> <span class='ocrx_word' id='word_1_651' title='bbox 1827 2564 1877 2581; x_wconf 87' lang='lat' dir='ltr'>non</span> <span class='ocrx_word' id='word_1_652' title='bbox 1893 2557 1925 2587; x_wconf 81' lang='lat' dir='ltr'>Y,</span> <span class='ocrx_word' id='word_1_653' title='bbox 1938 2565 1990 2581; x_wconf 88' lang='lat' dir='ltr'>om.</span> <span class='ocrx_word' id='word_1_654' title='bbox 2006 2562 2054 2581; x_wconf 88' lang='lat' dir='ltr'>cet.</span> <span class='ocrx_word' id='word_1_655' title='bbox 2074 2562 2099 2581; x_wconf 89' lang='lat' dir='ltr'>et</span> <span class='ocrx_word' id='word_1_656' title='bbox 2118 2557 2164 2582; x_wconf 80' lang='lat' dir='ltr'>ab.</span> <span class='ocrx_word' id='word_1_657' title='bbox 2174 2571 2190 2579; x_wconf 70' lang='grc' dir='ltr'>-ι</span> <span class='ocrx_word' id='word_1_658' title='bbox 2204 2558 2251 2582; x_wconf 81' lang='lat' dir='ltr'>Pro</span> <span class='ocrx_word' id='word_1_659' title='bbox 2266 2557 2353 2582; x_wconf 84' lang='lat' dir='ltr'>notius</span> <span class='ocrx_word' id='word_1_660' title='bbox 2373 2557 2498 2587; x_wconf 76' lang='lat' dir='ltr'>dicamus,</span> 
     </span>
     <span class='ocr_line' id='line_1_100' title="bbox 1441 2591 2155 2617; baseline 0 -1"><span class='ocrx_word' id='word_1_661' title='bbox 1441 2592 1528 2616; x_wconf 82' lang='lat' dir='ltr'>notius</span> <span class='ocrx_word' id='word_1_662' title='bbox 1547 2598 1601 2616; x_wconf 85' lang='lat' dir='ltr'>esse</span> <span class='ocrx_word' id='word_1_663' title='bbox 1620 2591 1738 2616; x_wconf 74' lang='lat' dir='ltr'>dicamus</span> <span class='ocrx_word' id='word_1_664' title='bbox 1757 2592 1813 2616; x_wconf 83' lang='lat' dir='ltr'>edd.</span> <span class='ocrx_word' id='word_1_665' title='bbox 1826 2592 1868 2616; x_wconf 84' lang='lat' dir='ltr'>ab</span> <span class='ocrx_word' id='word_1_666' title='bbox 1887 2597 1912 2616; x_wconf 89' lang='lat' dir='ltr'>et</span> <span class='ocrx_word' id='word_1_667' title='bbox 1931 2592 2004 2616; x_wconf 88' lang='lat' dir='ltr'>codd.</span> <span class='ocrx_word' id='word_1_668' title='bbox 2020 2599 2072 2617; x_wconf 83' lang='lat' dir='ltr'>exc.</span> <span class='ocrx_word' id='word_1_669' title='bbox 2092 2592 2155 2617; x_wconf 88' lang='lat' dir='ltr'>IRZ.</span> 
     </span>
    </p>
   </div>
   <div class='ocr_carea' id='block_1_17' title="bbox 2523 467 2716 495">
    <p class='ocr_par' dir='ltr' id='par_1_21' title="bbox 2523 467 2716 495">
     <span class='ocr_line' id='line_1_101' title="bbox 2523 467 2716 495; baseline 0.005 -7"><span class='ocrx_word' id='word_1_670' title='bbox 2523 469 2531 477; x_wconf 87' lang='grc'>·</span> <span class='ocrx_word' id='word_1_671' title='bbox 2548 467 2610 489; x_wconf 76' lang='lat' dir='ltr'>Lect.</span> <span class='ocrx_word' id='word_1_672' title='bbox 2624 474 2647 495; x_wconf 74' lang='lat'>11,</span> <span class='ocrx_word' id='word_1_673' title='bbox 2665 474 2716 495; x_wconf 85' lang='lat' dir='ltr'>n.3.</span> 
     </span>
    </p>
   </div>
   <div class='ocr_carea' id='block_1_18' title="bbox 2522 574 2732 601">
    <p class='ocr_par' dir='ltr' id='par_1_22' title="bbox 2522 574 2732 601">
     <span class='ocr_line' id='line_1_102' title="bbox 2522 574 2732 601; baseline 0 -7"><span class='ocrx_word' id='word_1_674' title='bbox 2522 574 2532 583; x_wconf 77' lang='lat'>⁸</span> <span class='ocrx_word' id='word_1_675' title='bbox 2548 574 2594 594; x_wconf 82' lang='lat' dir='ltr'>erit</span> <span class='ocrx_word' id='word_1_676' title='bbox 2605 579 2732 601; x_wconf 69' lang='lat' dir='ltr'>amonspu.</span> 
     </span>
    </p>
   </div>
   <div class='ocr_carea' id='block_1_19' title="bbox 2525 677 2701 699">
    <p class='ocr_par' dir='ltr' id='par_1_23' title="bbox 2525 677 2701 699">
     <span class='ocr_line' id='line_1_103' title="bbox 2525 677 2701 699; baseline 0 -1"><span class='ocrx_word' id='word_1_677' title='bbox 2525 680 2533 688; x_wconf 87' lang='lat'><strong>·</strong></span> <span class='ocrx_word' id='word_1_678' title='bbox 2549 677 2652 699; x_wconf 79' lang='lat' dir='ltr'>alterari</span> <span class='ocrx_word' id='word_1_679' title='bbox 2664 683 2701 699; x_wconf 74' lang='lat' dir='ltr'>so.</span> 
     </span>
    </p>
   </div>
   <div class='ocr_carea' id='block_1_20' title="bbox 2551 945 2702 972">
    <p class='ocr_par' dir='ltr' id='par_1_24' title="bbox 2551 945 2702 972">
     <span class='ocr_line' id='line_1_104' title="bbox 2551 945 2702 972; baseline 0 -6"><span class='ocrx_word' id='word_1_680' title='bbox 2551 945 2614 966; x_wconf 87' lang='lat' dir='ltr'>Lect.</span> <span class='ocrx_word' id='word_1_681' title='bbox 2626 951 2640 971; x_wconf 88' lang='lat'>1,</span> <span class='ocrx_word' id='word_1_682' title='bbox 2650 950 2672 966; x_wconf 91' lang='lat' dir='ltr'>n.</span> <span class='ocrx_word' id='word_1_683' title='bbox 2681 951 2702 972; x_wconf 94' lang='lat'>7.</span> 
     </span>
    </p>
   </div>
   <div class='ocr_carea' id='block_1_21' title="bbox 2525 996 2742 1044">
    <p class='ocr_par' dir='ltr' id='par_1_25' title="bbox 2525 996 2742 1044">
     <span class='ocr_line' id='line_1_105' title="bbox 2525 996 2742 1044; baseline 0.009 -27.009"><span class='ocrx_word' id='word_1_684' title='bbox 2525 996 2721 1044; x_wconf 62' lang='grc' dir='ltr'>αεὲὶηιρναΙιεηᾱῐί</span> <span class='ocrx_word' id='word_1_685' title='bbox 2727 1003 2742 1019; x_wconf 77' lang='lat'>1&gt;</span> 
     </span>
    </p>
   </div>
   <div class='ocr_carea' id='block_1_22' title="bbox 2525 1053 2741 1101">
    <p class='ocr_par' dir='ltr' id='par_1_26' title="bbox 2525 1053 2741 1101">
     <span class='ocr_line' id='line_1_106' title="bbox 2525 1053 2741 1081; baseline 0.006 -7.165"><span class='ocrx_word' id='word_1_686' title='bbox 2525 1053 2673 1081; x_wconf 82' lang='lat' dir='ltr'>quoddam</span> <span class='ocrx_word' id='word_1_687' title='bbox 2692 1059 2741 1075; x_wconf 91' lang='lat' dir='ltr'>om.</span> 
     </span>
     <span class='ocr_line' id='line_1_107' title="bbox 2526 1085 2563 1101; baseline 0.027 -1"><span class='ocrx_word' id='word_1_688' title='bbox 2526 1085 2563 1101; x_wconf 70' lang='lat' dir='ltr'>EG.</span> 
     </span>
    </p>
   </div>
   <div class='ocr_carea' id='block_1_23' title="bbox 2527 1364 2738 1416">
    <p class='ocr_par' dir='ltr' id='par_1_27' title="bbox 2527 1364 2738 1416">
     <span class='ocr_line' id='line_1_108' title="bbox 2527 1364 2738 1392; baseline 0.01 -8"><span class='ocrx_word' id='word_1_689' title='bbox 2527 1364 2537 1374; x_wconf 71' lang='lat'>⁸</span> <span class='ocrx_word' id='word_1_690' title='bbox 2552 1365 2669 1392; x_wconf 79' lang='lat' dir='ltr'>accipiunt</span> <span class='ocrx_word' id='word_1_691' title='bbox 2684 1366 2738 1389; x_wconf 81' lang='lat' dir='ltr'>(om.</span> 
     </span>
     <span class='ocr_line' id='line_1_109' title="bbox 2527 1390 2710 1416; baseline 0 -5"><span class='ocrx_word' id='word_1_692' title='bbox 2527 1390 2657 1416; x_wconf 74' lang='lat' dir='ltr'>secundum)</span> <span class='ocrx_word' id='word_1_693' title='bbox 2673 1397 2710 1412; x_wconf 72' lang='lat' dir='ltr'>sc..</span> 
     </span>
    </p>
   </div>
   <div class='ocr_carea' id='block_1_24' title="bbox 2527 1426 2666 1454">
    <p class='ocr_par' dir='ltr' id='par_1_28' title="bbox 2527 1426 2666 1454">
     <span class='ocr_line' id='line_1_110' title="bbox 2527 1426 2666 1454; baseline 0 -7"><span class='ocrx_word' id='word_1_694' title='bbox 2527 1426 2622 1447; x_wconf 90' lang='lat' dir='ltr'>Num.</span> <span class='ocrx_word' id='word_1_695' title='bbox 2638 1432 2666 1454; x_wconf 85' lang='lat'>¹5·</span> 
     </span>
    </p>
   </div>
   <div class='ocr_carea' id='block_1_25' title="bbox 2552 2000 2666 2028">
    <p class='ocr_par' dir='ltr' id='par_1_29' title="bbox 2552 2000 2666 2028">
     <span class='ocr_line' id='line_1_111' title="bbox 2552 2000 2666 2028; baseline 0 -6"><span class='ocrx_word' id='word_1_696' title='bbox 2552 2000 2622 2022; x_wconf 90' lang='lat' dir='ltr'>Num.</span> <span class='ocrx_word' id='word_1_697' title='bbox 2638 2006 2666 2028; x_wconf 86' lang='lat'>¹3-</span> 
     </span>
    </p>
   </div>
   <div class='ocr_carea' id='block_1_26' title="bbox 2527 2056 2731 2134">
    <p class='ocr_par' dir='ltr' id='par_1_30' title="bbox 2527 2056 2731 2134">
     <span class='ocr_line' id='line_1_112' title="bbox 2556 2056 2731 2081; baseline 0.006 -7"><span class='ocrx_word' id='word_1_698' title='bbox 2556 2056 2582 2074; x_wconf 85' lang='lat' dir='ltr'>ut</span> <span class='ocrx_word' id='word_1_699' title='bbox 2595 2060 2609 2074; x_wconf 85' lang='grc' dir='ltr'><em>α</em></span> <span class='ocrx_word' id='word_1_700' title='bbox 2625 2060 2669 2081; x_wconf 83' lang='lat' dir='ltr'>quo</span> <span class='ocrx_word' id='word_1_701' title='bbox 2684 2060 2731 2075; x_wconf 75' lang='lat' dir='ltr'>mm</span> 
     </span>
     <span class='ocr_line' id='line_1_113' title="bbox 2527 2086 2611 2101; baseline 0.012 -1"><span class='ocrx_word' id='word_1_702' title='bbox 2527 2086 2574 2101; x_wconf 90' lang='lat' dir='ltr'>om.</span> <span class='ocrx_word' id='word_1_703' title='bbox 2589 2086 2611 2101; x_wconf 79' lang='grc'>11.</span> 
     </span>
     <span class='ocr_line' id='line_1_114' title="bbox 2551 2112 2680 2134; baseline 0.008 -7"><span class='ocrx_word' id='word_1_704' title='bbox 2551 2112 2596 2134; x_wconf 86' lang='lat' dir='ltr'>quo</span> <span class='ocrx_word' id='word_1_705' title='bbox 2610 2113 2680 2128; x_wconf 70' lang='grc'>11111111.</span> 
     </span>
    </p>
   </div>
   <div class='ocr_carea' id='block_1_27' title="bbox 2624 2143 2642 2168">
    <p class='ocr_par' dir='ltr' id='par_1_31' title="bbox 2624 2143 2642 2168">
     <span class='ocr_line' id='line_1_115' title="bbox 2624 2143 2642 2168; baseline 0 -10"><span class='ocrx_word' id='word_1_706' title='bbox 2624 2143 2642 2168; x_wconf 75' lang='grc' dir='ltr'>μ</span> 
     </span>
    </p>
   </div>
   <div class='ocr_carea' id='block_1_28' title="bbox 2526 2347 2738 2395">
    <p class='ocr_par' dir='ltr' id='par_1_32' title="bbox 2526 2347 2738 2395">
     <span class='ocr_line' id='line_1_116' title="bbox 2526 2347 2738 2369; baseline 0.009 -2"><span class='ocrx_word' id='word_1_707' title='bbox 2526 2348 2537 2358; x_wconf 71' lang='lat'>¹*</span> <span class='ocrx_word' id='word_1_708' title='bbox 2551 2347 2660 2368; x_wconf 70' lang='lat' dir='ltr'>similiter</span> <span class='ocrx_word' id='word_1_709' title='bbox 2677 2353 2738 2369; x_wconf 71' lang='lat' dir='ltr'>uuna</span> 
     </span>
     <span class='ocr_line' id='line_1_117' title="bbox 2527 2379 2591 2395; baseline 0 0"><span class='ocrx_word' id='word_1_710' title='bbox 2527 2379 2591 2395; x_wconf 62' lang='lat' dir='ltr'>mons.</span> 
     </span>
    </p>
   </div>
  </div>
 </body>
</html>
