2898 3996
6 564 15 605 ζ
35 577 56 603 Α·
69 576 94 598 in
108 581 156 598 om.
170 576 222 598 rab.

4 2252 18 2276 ,ἲ
33 2251 48 2262 ⁴¹
62 2250 132 2272 Num.
147 2256 221 2278 praec.

12 2518 23 2602 *eur-“ar
5 2352 23 2504 κκψιὲςι-ε·
10 2282 23 2343 ‹ww›-
3 2196 21 2230 ζμ».
17 2156 22 2172 a,
10 2131 22 2146 a·

13 2612 25 2640 ἲ
34 2620 48 2630 '
70 2619 142 2640 cadat
163 2619 207 2640 rab
226 2623 247 2641 et

13 2648 23 2672 {f
34 2645 106 2667 codd,
115 2651 164 2666 exc.
173 2651 247 2667 acore

12 2678 26 2714 ἒ
35 2677 140 2697 ικοανι.

12 2714 23 2743 l?

12 2747 23 2762 ,r

12 2771 48 2802 ᾗ·
63 2781 166 2800 moveret
179 2779 248 2801 codd.

27 2810 89 2830 (exc.
98 2811 186 2827 arms.

37 3072 39 3087 ὲ
62 3090 148 3119 aliquis
160 3097 195 3112 pc.

1141 280 1252 316 CAP.
1281 279 1330 325 v,
1361 279 1511 315 LECT.
1542 280 1593 314 1x

285 357 399 394 cludit
426 356 519 393 duas
542 357 653 394 falsas
682 357 994 406 comparationes.
1016 358 1190 404 Quarum
1217 357 1339 406 prima

284 417 349 455 est,
371 409 474 457 quod
502 409 661 446 addatur
688 410 736 447 ad
764 410 917 456 mobile,
939 418 974 446 et
999 422 1076 446 non
1104 410 1263 446 addatur
1291 408 1339 445 ad

282 461 491 510 potentiam
510 470 743 499 moventem.
765 463 874 499 Unde
895 462 982 499 dicit
1000 462 1105 510 quod
1124 462 1154 498 si
1173 463 1218 507 E,
1233 460 1338 509 quod

284 521 340 550 est
362 514 544 551 medietas
567 515 733 551 motivae
756 515 959 562 potentiae,
984 520 1139 551 moveat
1165 514 1208 559 Z,
1234 512 1337 561 quod

285 573 339 603 est
376 566 557 603 medietas
586 567 747 614 mobilis,
771 566 809 603 in
831 567 850 588 *
868 574 1039 614 tempore
1067 567 1102 602 D
1127 565 1336 602 secundum

235 643 238 645 v
283 618 446 666 spatium
462 619 510 665 C;
526 631 604 656 non
619 626 674 655 est
687 618 939 656 necessarium
956 618 1058 666 quod
1077 617 1160 665 ipsa
1172 617 1338 665 potentia

284 671 492 718 dimidiata,
518 683 615 720 quae
645 678 698 707 est
725 672 774 717 E,
808 677 963 707 moveat
990 670 1131 706 mobile
1159 669 1264 717 quod
1292 669 1338 707 sit

282 723 320 759 in
349 723 463 771 duplo
492 723 614 760 maius
643 735 757 772 quam
776 723 822 769 Z,
844 722 881 759 in
905 722 1052 770 aequali
1079 730 1251 770 tempore
1280 734 1335 758 se-

283 775 449 812 cundum
478 775 718 812 medietatem
747 774 854 822 spatii
882 774 987 822 quod
1011 782 1065 810 est
1093 775 1140 819 C;
1162 774 1249 822 quia
1268 787 1336 822 po-

281 828 366 864 terit
393 839 474 864 esse
503 827 606 875 quod
635 826 788 863 dimidia
814 826 981 874 potentia
1010 827 1167 875 duplum
1195 827 1335 863 mobile

281 881 383 916 nullo
411 879 529 916 modo
558 891 715 915 movere
751 878 895 926 poterit.
928 879 1004 915 Sed
1032 879 1061 916 si
1089 887 1217 927 posset
1253 892 1334 916 mo-

280 944 386 977 vere,
416 938 558 967 teneret
585 931 680 967 haec
709 931 953 979 comparatio.

334 984 508 1020 Secunda
527 983 619 1020 falsa
639 983 870 1031 comparatio
892 991 957 1030 est,
985 984 1137 1031 quando
1159 983 1336 1020 dividitur

279 1047 452 1082 movens,
473 1043 510 1072 et
527 1048 605 1072 non
626 1036 802 1073 dividitur
816 1036 967 1072 mobile.
990 1037 1039 1072 Et
1057 1036 1155 1072 hanc
1174 1036 1335 1072 excludit

278 1087 348 1124 ibi:
378 1088 420 1124 Si
438 1099 528 1124 vero
546 1089 583 1124 A
602 1096 689 1125 etc.:
721 1088 848 1125 dicens
877 1088 979 1137 quod
1003 1088 1033 1124 si
1056 1089 1223 1136 potentia
1251 1100 1333 1124 mo-

278 1153 373 1177 vens
393 1152 489 1189 quae
519 1147 572 1177 est
595 1140 642 1188 A,
663 1149 818 1178 moveat
845 1141 986 1178 mobile
1014 1141 1118 1189 quod
1147 1148 1201 1177 est
1226 1142 1269 1187 Β,
1295 1140 1333 1177 in

278 1200 452 1240 tempore
471 1194 518 1239 D,
539 1206 607 1241 per
635 1193 796 1242 spatium
817 1193 920 1241 quod
942 1200 996 1229 est
1016 1194 1063 1238 C;
1089 1206 1167 1230 non
1186 1200 1335 1242 oportet

278 1245 382 1293 quod
410 1245 591 1282 medietas
624 1246 812 1283 moventis
847 1253 1001 1283 moveat
1036 1253 1157 1282 totum
1191 1245 1332 1282 mobile

278 1298 382 1345 quod
411 1305 466 1334 est
493 1299 539 1345 B,
571 1298 608 1334 in
640 1305 812 1347 tempore
845 1300 900 1344 D,
934 1310 1058 1346 neque
1083 1296 1096 1319 ὅ
1121 1298 1231 1335 etiam
1265 1310 1333 1346 per

278 1362 559 1398 quamcumque
579 1358 724 1399 partem
744 1350 851 1399 spatii
867 1351 910 1397 C,
929 1351 1032 1387 cuius
1051 1351 1166 1399 partis
1182 1351 1226 1387 sit
1245 1363 1331 1399 pro—

276 1402 399 1450 portio
428 1403 477 1440 ad
496 1410 616 1439 totum
645 1403 806 1452 spatium
828 1404 858 1439 C
888 1403 982 1440 sicut
1006 1416 1027 1439 e
1047 1416 1232 1440 converso
1255 1411 1334 1440 erat

222 1481 250 1491 .-
278 1455 431 1503 quando
470 1456 786 1504 comparabamus
816 1457 834 1475 θ’
867 1458 901 1492 Α
930 1456 977 1492 ad
1005 1457 1056 1501 Z,
1085 1456 1181 1492 idest
1213 1463 1331 1492 totam

276 1508 484 1556 potentiam
503 1507 688 1544 motivam
707 1508 756 1544 ad
770 1516 917 1557 partem
936 1508 1098 1544 mobilis.
1121 1509 1184 1544 Illa
1200 1509 1299 1545 enirn
1312 1510 1331 1530 ‘¹‘

278 1567 356 1596 erat
384 1560 613 1597 conveniens
642 1560 894 1609 comparatio,
930 1561 996 1597 sed
1024 1561 1085 1597 hic
1113 1573 1210 1597 non:
1244 1561 1332 1609 quia

275 1619 400 1659 potest
428 1613 643 1660 contingere
681 1613 785 1661 quod
814 1612 995 1650 medietas
1033 1613 1221 1649 moventis
1254 1626 1332 1650 non

276 1664 448 1700 movebit
475 1672 595 1701 totum
625 1665 766 1702 mobile
790 1677 858 1713 per
881 1665 1034 1714 aliquod
1062 1665 1224 1714 spatium
1243 1672 1264 1702 Ε.
1292 1666 1331 1703 Si

277 1716 379 1752 enim
399 1716 523 1765 aliqua
541 1725 619 1754 tota
637 1717 755 1754 virtus
783 1725 914 1754 movet
932 1725 1053 1754 toturn
1073 1718 1226 1764 mobile,
1253 1731 1331 1755 non

277 1768 444 1816 sequitur
471 1770 574 1817 quod
603 1770 786 1806 medietas
813 1769 908 1806 illius
927 1769 1072 1806 virtutis
1092 1777 1248 1806 moveat
1274 1778 1329 1806 to-

275 1828 357 1857 turn
376 1821 529 1868 mobile,
551 1834 674 1870 neque
692 1835 761 1870 per
783 1829 1132 1871 quantumcumque
1154 1822 1327 1870 spatium,

275 1885 399 1922 neque
427 1874 465 1910 in
493 1886 735 1923 quocumque
763 1882 956 1923 tempore:
991 1874 1079 1923 quia
1111 1882 1330 1923 sequeretur

275 1926 378 1974 quod
399 1927 500 1963 solus
519 1939 616 1963 unus
640 1928 758 1964 homo
778 1935 907 1975 posset
925 1939 1083 1963 movere
1103 1939 1242 1964 navem
1261 1940 1329 1976 per

275 1978 429 2026 aliquod
448 1979 609 2027 spatium
622 2008 631 2025 ,
657 1980 686 2016 si
706 1979 872 2028 potentia
890 1979 1118 2016 trahentium
1142 1979 1330 2017 dividatur

276 2031 486 2068 secundum
524 2044 727 2068 numerum
764 2032 1010 2078 trahentium,
1051 2040 1087 2069 et
1118 2033 1328 2069 secundum

274 2083 546 2131 longitudinem
584 2085 690 2133 spatii
724 2096 793 2133 per
825 2085 930 2132 quod
958 2097 1091 2121 omnes
1120 2085 1230 2122 simul
1259 2093 1330 2122 tra-

275 2136 370 2172 hunt
397 2148 548 2173 navem.

333 2189 364 2224 5.
386 2188 533 2225 Deinde
563 2201 650 2225 cum
680 2188 782 2225 dicit:
810 2190 969 2236 Propter
991 2190 1062 2226 hoc
1090 2190 1250 2226 Zenonis
1269 2202 1350 2226 rav

275 2241 324 2276 tio
340 2248 422 2287 etc.,
443 2241 653 2277 secundum
673 2241 879 2290 praemissa
892 2242 912 2262 ’¹‘
928 2241 1038 2277 solvit
1057 2241 1240 2278 rationem
1260 2243 1329 2278 Ze-

275 2292 398 2339 nonis,
419 2293 483 2340 qui
510 2294 663 2330 volebat
698 2294 860 2342 probare
898 2294 1000 2342 quod
1029 2294 1223 2342 quodlibet
1250 2306 1330 2342 gra-

275 2357 368 2382 num
397 2345 487 2381 milii
525 2345 634 2382 faciat
670 2346 833 2394 aliquem
863 2358 1015 2392 sonum,
1044 2346 1256 2394 proiectum
1293 2347 1330 2384 in

274 2405 382 2444 terra,
409 2397 497 2445 quia
523 2405 623 2434 totus
636 2398 793 2435 >modius
822 2398 924 2445 milii,
946 2399 1098 2446 quando
1127 2399 1165 2435 in
1193 2407 1329 2436 terram

276 2450 491 2496 effunditur,
521 2450 606 2486 facit
633 2451 799 2499 aliquem
828 2463 977 2487 sonum.
1009 2451 1085 2487 Sed
1113 2451 1330 2488 Aristoteles

276 2502 363 2539 dicit
390 2503 494 2550 quod
522 2503 617 2539 haec
644 2504 810 2540 Zenonis
839 2504 931 2540 ratio
951 2516 1028 2539 non
1058 2511 1112 2540 est
1139 2516 1240 2550 vera,
1262 2505 1329 2541 sci-

274 2555 358 2591 licet
385 2555 490 2603 quod
518 2555 702 2603 quaelibet
720 2568 814 2604 pars
841 2556 936 2592 milii
961 2562 1075 2602 sonet,
1096 2556 1191 2593 idest
1211 2557 1330 2605 quod-

274 2607 363 2644 libet
390 2619 548 2655 granum
578 2608 668 2645 milii
696 2621 834 2645 sonum
863 2609 972 2645 faciat
1001 2621 1087 2645 cum
1118 2610 1216 2646 cadit
1244 2610 1263 2630 ³³
1293 2610 1329 2646 in

274 2667 428 2696 terram:
459 2660 546 2708 quia
574 2660 664 2697 nihil
691 2661 867 2710 prohibet
887 2661 1009 2698 dicere
1038 2661 1142 2709 quod
1170 2674 1332 2709 granum

275 2712 367 2748 milii
393 2712 431 2748 in
459 2713 560 2748 nullo
580 2721 752 2761 tempore
778 2722 909 2750 movet
933 2726 1059 2750 aerem
1084 2714 1270 2751 intantum
1290 2722 1331 2751 ut

275 2765 384 2801 faciat
403 2777 552 2811 sonum,
573 2778 688 2813 quem
709 2779 837 2802 aerem
863 2774 994 2803 movet
1007 2767 1027 2787 '⁸
1047 2766 1095 2802 ad
1121 2779 1257 2803 sonum
1278 2768 1331 2803 fa-

275 2817 452 2854 ciendum
471 2825 570 2854 totus
579 2818 742 2855 modius
763 2818 913 2855 cadens.
929 2840 952 2846 —
974 2820 1022 2855 Et
1042 2831 1085 2854 ex
1103 2820 1178 2855 hoc
1196 2832 1329 2867 possu—

274 2882 360 2906 mus
390 2870 612 2907 concludere
632 2871 736 2919 quod
756 2883 833 2907 non
854 2878 908 2907 est
931 2871 1196 2917 necessarium,
1226 2872 1328 2920 quod

274 2922 305 2959 si
340 2922 465 2970 aliqua
502 2930 806 2971 quantacumque
843 2935 930 2971 pars
959 2923 1125 2960 existens‘
1160 2924 1199 2960 in
1227 2931 1326 2971 toto,

274 2983 424 3022 movet,
455 2977 559 3024 quod
586 2975 787 3023 separatim
816 2987 883 3023 per
911 2987 950 3012 se
983 2976 1141 3012 existens
1170 2989 1327 3014 movere

273 3027 407 3074 possit:
437 3028 524 3075 quia
551 3040 638 3076 pars
667 3027 704 3063 in
722 3035 801 3064 toto
831 3040 908 3064 non
937 3035 991 3064 est
1018 3028 1055 3064 in
1084 3037 1179 3075 actu,
1203 3030 1270 3066 sed
1290 3029 1327 3065 in

273 3079 451 3126 potentia,
471 3079 636 3116 maxime
656 3080 693 3116 in
714 3080 910 3116 continuis.
938 3080 999 3116 Sic
1019 3081 1119 3117 enim
1149 3081 1287 3129 aliquid
1308 3083 1327 3103 '⁴¹²

275 3138 330 3166 est
359 3143 445 3178 ens,
474 3131 568 3168 sicut
596 3139 631 3168 et
658 3145 799 3177 unum;
828 3145 947 3169 unum
977 3141 1102 3169 autem
1142 3142 1196 3170 est
1224 3135 1327 3182 quod

275 3190 331 3219 est
362 3183 400 3219 in
438 3195 478 3219 se
513 3183 716 3221 indivisum
755 3192 790 3221 et
823 3186 870 3221 ab
908 3185 988 3221 aliis
1026 3185 1210 3222 divisum:
1239 3198 1326 3233 pars

274 3242 401 3271 autem
427 3243 540 3283 prout
568 3244 623 3273 est
651 3237 688 3273 in
715 3244 806 3283 tot0,
833 3249 910 3273 non
939 3245 993 3274 est
1016 3237 1135 3274 divisa
1163 3238 1200 3274 in
1229 3246 1324 3283 actu,

326 3371 351 3404 ὃ)
372 3372 397 3397 in
418 3375 534 3403 tempore
553 3372 586 3402 D,
606 3379 695 3403 neque.
714 3385 733 3390 -
751 3373 836 3404 Pergit
853 3373 889 3397 E:
909 3380 925 3397 a
940 3373 1030 3404 primo
1053 3374 1123 3404 quod
1149 3378 1268 3398 movetur
1286 3382 1324 3399 se-

272 3407 387 3432 cundum
406 3407 491 3432 Iocum
509 3414 587 3438 quam
605 3414 622 3430 a
640 3407 754 3431 secundo
772 3408 843 3438 quod
860 3408 991 3432 alteratur
1010 3412 1065 3436 etc.,
1079 3407 1094 3432 ἰ.
1110 3416 1133 3432 e.
1151 3409 1326 3440 praetermittit

274 3443 371 3474 reliqua
395 3441 471 3466 huius
496 3441 628 3471 lectioniS‚
657 3442 712 3465 libri
736 3442 789 3466 Vlll
813 3447 871 3466 octo
896 3442 993 3474 priores
1018 3443 1156 3471 lectiones,
1182 3448 1207 3467 et
1231 3451 1325 3468 nonam

274 3484 359 3508 usque
378 3477 409 3500 ad
429 3477 568 3509 praemissa
586 3476 671 3504 verba.
691 3484 756 3508 quae
775 3476 840 3500 circa
859 3475 936 3500 finem
956 3477 1072 3500 eiusdem
1092 3477 1149 3501 lect.
1165 3478 1292 3508 leguntur.

326 3511 348 3544 ε)
370 3519 419 3535 non
440 3511 552 3536 movebit
570 3514 653 3535 totum
672 3511 764 3535 mobile
775 3518 827 3542 per
845 3511 953 3542 aliquod
970 3511 1094 3542 spatium.
1107 3525 1125 3529 -
1139 3512 1189 3535 Pro
1208 3513 1324 3543 aliquod,

274 3546 374 3571 nullum
400 3546 457 3571 edd.
480 3546 521 3570 ab
547 3551 572 3570 et
589 3546 680 3570 Vener.
699 3545 763 3577 1504
777 3553 835 3570 curn
849 3546 922 3570 codd.
938 3553 989 3570 exc.
1005 3546 1026 3569 D
1046 3546 1089 3578 qui
1108 3546 1166 3570 hab.
1186 3547 1324 3571 lac.-Per-

274 3586 337 3613 gunt
357 3581 445 3606 Venet.
472 3580 531 3605 1551
559 3586 583 3604 et
603 3586 742 3613 sequentes
761 3581 899 3606 editiones:
923 3581 952 3605 Si
970 3581 1039 3605 enim
1058 3581 1147 3612 aliqua
1166 3584 1221 3606 tota
1241 3581 1324 3606 virtus

1350 3376 1354 3502 1

2376 278 2450 325 359

1393 355 1459 392 sed
1487 356 1526 391 in
1553 355 1722 403 potentia
1749 356 2043 392 tantum:'unde
2072 367 2150 391 non
2178 362 2234 391 est
2261 362 2346 391 actu
2383 367 2450 391 ens

1392 410 1516 455 n‘eque
1545 420 1630 452 una,
1652 408 1719 444 sed
1747 407 1785 444 in
1811 407 1978 455 potentia
2006 414 2161 444 tantum.
2188 409 2237 444 Et
2257 409 2276 429 ᾗ
2294 415 2450 456 propter
2478 417 2579 438 ‘Etiam
2592 423 2631 439 Ax.

1391 460 1465 496 hoc
1495 459 1606 495 etiam
1627 460 1646 480 ’³‘
1673 472 1750 496 non
1778 460 1852 507 agit
1878 472 1976 508 pars,
1998 460 2064 496 sed
2091 467 2224 496 totum.

1400 530 1406 532 ἡ
1446 512 1480 547 6.
1501 511 1649 548 Deinde
1683 524 1770 548 curn
1806 512 1906 549 dicit:
1937 513 1978 548 Si
2002 523 2091 548 vero
2125 513 2218 558 duo,
2245 518 2281 548 et
2306 519 2447 549 utrum-

1391 575 1462 611 que
1491 571 1571 609 etc.,
1600 564 1706 610 ponit
1735 565 2058 612 comparationem
2086 565 2296 602 secundum
2320 577 2447 612 aggre-

1391 616 1580 663 gationem
1602 617 1621 636 ²³²
1641 617 1888 653 moventium.
1910 618 1959 653 Et
1978 616 2065 653 dicit
2083 617 2188 665 quod
2207 618 2237 653 si
2256 618 2329 654 sint
2357 618 2446 665 duo,
2474 627 2674 674 Zeffrffieeatio-

1392 676 1428 704 et
1454 676 1657 715 utrumque
1687 680 1819 704 eorum
1848 677 2022 714 moveat;
2050 682 2214 717 quorum
2242 678 2446 718 utrumque

1390 733 1458 768 per
1486 733 1525 756 se
1554 728 1708 757 moveat
1735 728 1879 757 tantum
1909 721 2048 758 mobile
2077 721 2114 758 in
2143 729 2245 758 tanto
2274 729 2446 770 tempore

1390 776 1458 821 per
1485 780 1631 809 tantum
1661 772 1839 820 spatium:
1870 774 2023 821 quando
2054 774 2329 821 coniunguntur
2356 775 2446 811 istae

1391 826 1487 862 duae
1515 825 1705 874 potentiae
1725 826 1974 867 moventium,
1997 827 2209 862 movebunt
2227 827 2318 863 illud
2342 827 2446 875 quod

1390 886 1446 914 est
1473 878 1717 914 coniunctum
1738 889 1782 913 ex
1806 878 2037 925 ponderibus
2058 879 2181 924 motis,
2202 891 2271 926 per
2290 880 2444 926 aequale

1389 930 1551 978 spatium
1580 930 1619 966 in
1648 929 1795 976 aequali
1814 938 2003 978 tempore:
2033 931 2120 979 quia
2144 931 2181 967 in
2201 932 2275 967 hoc
2293 932 2313 952 ’¹‘
2333 931 2445 968 etiam
2473 940 2521 987 {¹2²
2537 940 2658 987 sffgscodd-

1389 990 1559 1019 servatur
1588 982 1723 1018 eadem
1752 983 1934 1029 analogia.
2516 981 2522 987 ’
2588 982 2594 988 ’

1442 1047 1477 1082 7.
1510 1034 1657 1071 Deinde
1692 1047 1778 1070 curn
1817 1034 1923 1071 dicit:
1960 1035 2020 1071 Sic
2057 1035 2170 1084 igitur
2207 1041 2259 1071 est
2292 1035 2328 1071 in
2357 1035 2444 1071 alte-

1388 1088 1532 1124 ratione
1560 1095 1650 1133 etc.,
1688 1087 1794 1134 ponit
1829 1088 1980 1124 easdem
2019 1087 2310 1135 comparationis
2339 1100 2444 1135 regu-

1387 1140 1440 1176 las
1469 1140 1507 1176 in
1535 1139 1613 1175 aliis
1651 1139 1828 1175 motibus.
1868 1141 1916 1175 Et
1954 1140 2050 1176 circa
2082 1141 2155 1176 hoc
2190 1142 2209 1160 ’³⁴
2242 1140 2310 1176 tria
2338 1140 2442 1176 facit:
2472 1149 2619 1172 ‘haecm-

1385 1192 1509 1241 primo
1540 1192 1701 1228 ostendit
1738 1191 2028 1228 divisibilitatem
2067 1204 2200 1228 eorum
2233 1193 2443 1229 secundum

1387 1257 1485 1293 quae
1505 1245 1747 1281 attenduntur
1771 1244 2073 1292 comparationes
2101 1252 2294 1290 motuum;
2311 1258 2443 1281 secun-

1388 1298 1437 1334 do
1465 1297 1572 1346 ponit
1600 1296 1902 1345 comparationes
1921 1309 2042 1343 veraS,
2064 1297 2134 1333 ibi:
2163 1299 2208 1333 In
2238 1298 2349 1345 duplo
2378 1299 2443 1334 du-

1380 1351 1488 1399 plum
1509 1351 1528 1371 ²³²
1550 1357 1635 1395 etc.;
1665 1349 1771 1386 tertio
1793 1357 1964 1386 removet
1993 1349 2294 1397 comparationes
2322 1350 2442 1397 falsas,
2471 1360 2480 1370 ·
2495 1359 2565 1382 Num·
2581 1367 2629 1388 seq·

1386 1403 1453 1439 ibi:
1474 1403 1515 1439 Si
1526 1408 1650 1439 autem
1665 1402 1857 1438 alterans*
1869 1409 1935 1439 etc.
1957 1402 2056 1438 Dicit
2076 1414 2163 1449 ergo
2183 1402 2306 1450 primo
2327 1415 2443 1451 quan·
2471 1413 2480 1422 ’
2495 1412 2564 1434 Num·
2580 1420 2601 1441 9-

1385 1463 1466 1492 tum
1495 1456 1542 1491 ad
1571 1462 1828 1502 augmentum,
1854 1454 1959 1503 quod
1986 1462 2072 1491 sunt
2091 1454 2187 1501 tria,
2213 1455 2352 1491 scilicet
2380 1468 2443 1492 au-

1386 1520 1488 1555 gens,
1509 1515 1545 1544 et
1572 1508 1611 1544 id
1630 1507 1733 1555 quod
1753 1514 1920 1554 augetur,
1943 1515 1978 1543 et
1998 1514 2164 1555 tempus:
2195 1514 2230 1543 et
2258 1508 2352 1544 haec
2375 1509 2444 1544 tria

1385 1561 1525 1597 habent
1544 1560 1709 1608 aliquam
1730 1560 1986 1608 quantitatem.
2008 1561 2076 1596 Est
2095 1560 2208 1596 etiam
2229 1568 2361 1608 quarto
2382 1573 2441 1597 ac-

1387 1614 1510 1661 cipere
1530 1612 1775 1661 quantitatem
1796 1611 1820 1659 ζ,
1842 1612 2052 1648 secundum
2076 1624 2192 1660 quarn
2217 1625 2358 1659 augens
2378 1625 2442 1649 au·
2569 1621 2584 1650 ζ

1385 1674 1456 1713 get,
1487 1673 1523 1702 et
1551 1672 1702 1701 auctum
1738 1673 1903 1712 augetur.
1938 1665 1986 1701 Et
2013 1666 2106 1701 haec
2136 1665 2248 1701 etiam
2282 1672 2443 1713 quatuor

1385 1726 1441 1754 est
1477 1717 1646 1765 accipere
1675 1717 1712 1753 in
1741 1717 1978 1753 alteratione:
2013 1717 2151 1753 scilicet
2187 1718 2366 1764 alterans,
2407 1726 2443 1754 et

1385 1771 1488 1818 quod
1516 1771 1707 1815 alteratur,
1738 1777 1773 1805 et
1800 1770 1986 1817 quantitas
2013 1770 2198 1818 passionis
2232 1771 2441 1807 secundum

1384 1834 1500 1871 quam
1528 1822 1571 1858 fit
1599 1822 1785 1867 alteratio,
1818 1834 1914 1870 quae
1950 1822 2046 1858 inest
2074 1823 2285 1859 secundum
2323 1823 2441 1870 magis

1385 1882 1420 1911 et
1448 1874 1588 1920 minus,
1621 1881 1655 1910 et
1691 1874 1828 1910 iterum
1866 1875 2050 1923 quantitas
2078 1875 2259 1923 temporis
2296 1875 2334 1912 in
2362 1889 2438 1924 quo

1382 1927 1425 1964 fit
1444 1926 1627 1971 alteratio;
1648 1926 1742 1963 sicut
1766 1935 1801 1963 et
1818 1928 1838 1948 ’f'
1857 1928 1950 1963 haec
1971 1934 2132 1976 quatuor
2150 1928 2188 1964 in
2207 1935 2314 1964 motu
2333 1929 2442 1965 locali
2468 1931 2678 1985 ;‚z}‡‘j³g¹nfico¹‡R¹;,<3

1383 1980 1681 2025 inveniebantur.

1438 2034 1471 2069 8.
1502 2032 1649 2069 Deinde
1679 2044 1766 2067 cum
1796 2032 1899 2068 dicit:
1929 2034 1974 2068 In
2012 2032 2122 2080 duplo
2157 2033 2309 2080 duplum
2349 2041 2438 2080 etc.,

1381 2085 1489 2134 ponit
1517 2084 1819 2133 comparationes
1846 2097 1967 2121 veras.
1998 2086 2046 2121 Et
2074 2085 2161 2122 dicit
2188 2086 2292 2134 quod
2320 2086 2350 2122 si
2378 2087 2440 2122 ali-

1383 2150 1459 2186 qua
1485 2137 1653 2186 potentia
1681 2137 1890 2173 secundum
1918 2138 1989 2174 hos
2018 2145 2143 2174 motus
2179 2145 2333 2175 moveat
2359 2146 2438 2176 tan-

1383 2197 1464 2226 tum
1493 2190 1530 2226 in
1558 2197 1660 2226 tanto
1689 2196 1873 2238 ternpore,
1894 2190 1932 2226 in
1961 2190 2076 2238 duplo
2106 2198 2278 2239 tempore
2306 2203 2439 2229 move-

1384 2243 1436 2278 bit
1464 2242 1643 2290 duplum:
1675 2249 1710 2277 et
1737 2242 1767 2277 si
1806 2250 1960 2279 moveat
1988 2243 2168 2290 duplum,
2197 2245 2271 2280 hoc
2305 2244 2371 2280 erit
2401 2244 2440 2281 in

1385 2295 1500 2343 duplo
1530 2302 1713 2342 tempore.
1735 2295 1783 2330 Et
1811 2295 1978 2331 similiter
2009 2295 2180 2332 movebit
2209 2297 2343 2333 eadem
2371 2309 2438 2345 po—

1384 2347 1497 2384 tentia
1525 2347 1694 2383 medium
1714 2346 1752 2382 in
1780 2347 1909 2384 medio
1929 2355 2119 2396 tempore:
2141 2356 2204 2384 aut
2232 2349 2262 2385 si
2286 2358 2441 2386 moveat

1385 2400 1422 2436 in
1450 2399 1577 2436 medio
1607 2407 1790 2447 tempore,
1818 2400 1885 2435 erit
1913 2400 2112 2437 dimidium
2141 2401 2244 2449 quod
2273 2409 2328 2438 est
2355 2415 2437 2439 mo-

1385 2461 1476 2489 tum.
1506 2454 1582 2488 Aut
1610 2451 1639 2487 si
1668 2452 1713 2488 sit
1741 2452 1855 2500 dupla
1883 2453 2070 2500 potentia,
2101 2453 2138 2489 in
2167 2454 2313 2502 aequali
2346 2462 2439 2491 tem-

1385 2517 1477 2553 pore
1506 2504 1676 2541 movebit
1704 2505 1874 2552 duplum.
2249 2537 2251 2539 ,

1439 2570 1473 2605 9.
1504 2557 1651 2593 Deinde
1691 2570 1777 2593 cum
1806 2557 1907 2594 dicit:
1938 2558 1980 2593 Si
2005 2564 2128 2594 autem
2156 2559 2319 2596 alterans
2348 2568 2438 2608 etc.,

1385 2610 1546 2646 excludit
1582 2610 1714 2646 falsam
1753 2610 2087 2658 comparationem.
2127 2613 2175 2648 Et
2213 2612 2299 2651 dicit
2336 2614 2439 2661 quod

1385 2663 1414 2699 si
1440 2663 1563 2710 aliqua
1590 2662 1758 2711 potentia
1786 2670 1940 2699 moveat
1969 2665 1987 2684 ⁹³*
2017 2670 2123 2699 motu
2152 2665 2376 2702 alterationis
2405 2673 2440 2702 et
2467 2676 2515 2697 *in
2530 2676 2582 2697 add·
2598 2683 2618 2698 1³-

2477 470 2485 479 ·
2501 469 2571 490 etiam
2588 476 2635 491 om.
2650 476 2687 492 pu

2475 496 2580 520 KQTxab-

1385 2715 1576 2763 augmenti
1598 2715 1750 2752 'tantum
1778 2715 1816 2751 in
1839 2723 1941 2752 tanto
1970 2723 2154 2764 tempore,
2180 2730 2258 2753 non
2286 2730 2438 2756 necesse

1385 2775 1440 2804 est
1468 2768 1571 2815 quod
1600 2767 1783 2804 medietas
1802 2768 1991 2816 potentiae
2020 2777 2174 2806 moveat
2197 2771 2438 2808 medietatem

1383 2820 1422 2856 in
1452 2821 1589 2857 eodem
1618 2828 1810 2868 tempore,
1841 2829 1903 2857 aut
1932 2821 1970 2857 in
1998 2822 2125 2858 medio
2159 2830 2329 2871 tempore
2357 2832 2436 2861 tan-

1384 2872 1560 2909 tundem:
1586 2873 1653 2909 sed
1677 2873 1771 2909 forte
1796 2874 2129 2922 contingetssquod
2149 2875 2238 2911 nihil
2258 2888 2437 2923 augmen·
2465 2889 2676 2917 ‘contingitrcam

1383 2925 1474 2961 tabit
1500 2926 1561 2961 vel
1589 2926 1775 2972 alterabit,
1814 2927 1909 2962 sicut
1933 2932 1968 2962 et
1995 2927 2030 2963 in
2059 2928 2191 2976 gravi,
2222 2927 2317 2965 idest
2345 2929 2438 2966 sicut

1384 2977 1524 3014 dictum
1553 2985 1608 3014 est
1627 2978 1767 3025 ²³²quod
1796 2978 1988 3015 dimidiata
2014 2980 2181 3028 potentia
2209 2993 2287 3018 non
2315 2990 2439 3030 potest
2466 2988 2598 3016 “Num-4-

1382 3043 1540 3067 movere
1559 3038 1681 3067 totum
1699 3031 1865 3079 pondus,
1887 3044 2011 3079 neque
2030 3045 2098 3080 per
2115 3041 2237 3069 totum
2262 3035 2436 3082 spatium,

1382 3095 1506 3131 neque
1535 3095 1603 3130 per
1629 3084 1794 3132 aliquam
1824 3084 1902 3120 eius
1930 3092 2089 3132 partem.
2112 3086 2179 3121 Est
2203 3086 2303 3122 enim
2332 3087 2436 3123 intel-

1381 3135 1591 3182 ligendum,
1622 3137 1725 3184 quod
1749 3137 1822 3172 hoc
1851 3138 1953 3184 quod
1984 3137 2070 3173 dicit
2089 3138 2126 3172 *ε
2157 3138 2193 3173 in
2214 3139 2333 3174 medio
2362 3151 2436 3175 me·
2463 3147 2674 3176 *Cf-num-praec-

1381 3188 1496 3232 dium,
1516 3194 1581 3224 aut
1609 3188 1644 3224 in
1675 3189 1825 3236 aequali
1850 3189 2014 3236 duplum,
2040 3191 2077 3236 ly
2106 3190 2263 3237 duplum
2293 3198 2329 3226 et
2357 3200 2435 3227 me-‘

1382 3239 1486 3275 dium
1515 3240 1641 3288 (quod
1676 3240 1714 3276 in
1748 3241 1960 3277 accusativo
1988 3241 2162 3289 ponitur)
2196 3254 2273 3278 non
2302 3243 2434 3291 accipi-

1379 3379 1464 3400 movet
1483 3379 1566 3401 totum
1589 3377 1680 3401 mobile
1700 3377 1804 3407 (ceteris
1823 3377 1940 3409 omissis)
1957 3384 2037 3408 neque
2057 3378 2167 3402 movebit
2186 3386 2237 3410 per·
2255 3380 2434 3412 quodcumque

1378 3411 1492 3441 spatium
1512 3416 1572 3441 etc-3
1593 3412 1638 3435 sed
1658 3412 1725 3435 istud
1745 3412 1855 3435 movebit
1874 3417 1913 3435 est
1931 3412 2084 3444 incompleta
2107 3414 2229 3437 correctio
2249 3414 2363 3439 lectionis
2383 3417 2433 3440 Ve-

1379 3449 1429 3469 net.
1450 3445 1522 3476 1545,
1542 3453 1607 3477 quae
1630 3454 1683 3470 om.
1702 3446 1894 3470 homoteleuton
1918 3454 1968 3470 non
1991 3447 2136 3478 sequitur...
2155 3451 2237 3473 totum
2261 3450 2367 3480 mobile5
2386 3459 2432 3483 pro

1379 3483 1623 3512 quantumcumque,
1644 3481 1823 3512 quodcumque
1842 3481 1931 3512 ssGpQ
1949 3486 1973 3505 et
1991 3482 2041 3506 ab.

1431 3513 1456 3547 ζ)
1478 3515 1526 3539 Est
1543 3515 1622 3539 etiam
1638 3518 1732 3546 quarto
1747 3515 1863 3546 accipere
1878 3516 2060 3547 quantitatem.
2072 3530 2091 3535 -
2104 3517 2158 3541 Hoc
2173 3517 2363 3543 homoteleuton
2378 3523 2432 3545 om:

1380 3549 1502 3573 editiones
1526 3555 1550 3573 et
1570 3550 1659 3581 OpA1;
1685 3550 1839 3581 inquantum
1865 3554 1903 3574 est
1925 3551 2042 3582 accipere
2067 3552 2182 3583 aliquam
2206 3554 2380 3585 quantitatem
2395 3555 2416 3579 D
2423 3563 2430 3586 ;

1381 3583 1429 3607 Est
1447 3584 1525 3608 etiam
1545 3587 1571 3608 et
1588 3588 1684 3615 quarto
1703 3590 1749 3608 etc.
1765 3584 1796 3608 G.
