2898 3996
211 1945 221 1953 ²
239 1943 300 1965 Lect¹
316 1949 364 1971 seq.

213 2162 222 2170 ⁶
238 2159 308 2181 Num.
323 2159 344 2180 6.

215 2378 224 2385 ·
239 2375 309 2397 Num.
324 2380 344 2402 5.

217 2430 225 2437 ·
239 2426 386 2474 &repositam

217 2460 245 2475 ra
263 2470 269 2476 .

218 2534 225 2541 ·
241 2531 310 2553 Num.
325 2538 348 2557 4.

218 2640 227 2648 ·
243 2637 304 2659 Lect.
316 2643 355 2664 vn,
371 2642 392 2658 n.
403 2643 426 2662 4.

218 2670 283 2691 seqq.

456 267 529 314 396

451 352 570 372 movens
584 347 723 375 movetur,
742 339 932 376 praemittitur
945 339 1016 366 haec
1037 337 1154 365 divisio:
1176 336 1313 364 nimirum
1335 345 1423 365 omne
1445 346 1508 365 mo-

450 392 519 411 vens
534 380 651 415 moveri,
661 386 710 408 aut
723 388 774 415 per
787 378 918 407 accidens
933 377 1074 405 invenitur
1089 376 1118 404 in
1132 376 1227 411 rebus,
1240 375 1279 404 ita
1293 377 1374 413 quod
1388 385 1508 404 movens

450 431 511 450 non
527 427 643 458 propter
657 420 713 447 hoc
727 425 841 446 moveat
856 417 923 454 quia
938 423 1084 451 movetur-3
1100 422 1150 443 aut
1163 421 1206 443 est
1219 424 1271 451 per
1285 424 1315 443 se
1327 422 1400 460 etex
1409 425 1508 461 neces-

450 461 531 490 sitate
548 460 627 497 quod
648 467 734 486 omne
756 466 875 485 movens
897 466 930 484 ex
951 457 1006 484 hoc
1020 455 1083 492 ipso
1099 461 1266 483 movetur.-
1281 463 1307 491 7.
1322 455 1416 483 Huius
1437 456 1508 483 d1V1-

451 500 538 529 sionis
551 498 676 535 primum
691 498 853 525 membrum
873 495 1026 523 destruitur
1040 494 1195 531 tripliciter.
1210 495 1238 529 a)
1254 493 1284 522 Si
1299 493 1444 522 moventia
1457 503 1509 531 per

450 539 580 568 accidens
601 543 760 571 moventur,
776 534 915 572 contingit
935 543 969 562 ea
989 543 1050 562 non
1071 533 1189 562 moveri.
1212 533 1270 561 Sed
1290 533 1408 569 ponitur
1429 534 1509 570 quod

450 587 536 607 omne
558 585 676 605 movens
697 581 854 603 moveatur.
879 575 955 610 Ergo
977 573 1104 609 sequitur
1130 581 1163 600 ex
1182 573 1241 600 hoc
1261 573 1341 609 quod
1362 572 1509 609 contingat

450 617 520 646 nihil
540 624 669 650 movere,
692 621 720 642 et
733 623 784 651 per
799 622 977 650 consequens
999 613 1079 649 quod
1099 611 1170 640 nihil
1191 618 1351 640 moveatur.
1374 612 1431 639 Sed
1453 612 1509 640 hoc

449 663 491 685 est
512 654 695 692 impossibile.
723 655 799 690 Ergo
825 659 853 681 et
873 652 942 680 illud
964 661 997 679 ex
1018 660 1076 688 quo
1099 651 1285 688 consequitur
1313 657 1355 679 est
1376 650 1509 687 impossi-

449 695 514 729 bile,
534 694 663 723 videlicet
684 702 771 721 omne
791 701 910 720 movens
932 690 1049 719 moveri.
1065 707 1084 712 -
1099 691 1127 719 8.
1150 691 1178 726 b)
1200 690 1279 718 Sicut
1300 689 1443 718 invenitur
1458 690 1509 718 ali-

450 734 519 772 quid
533 734 612 770 quod
634 738 764 761 movetur
785 738 812 759 et
832 740 893 759 non
914 737 1027 765 movet,
1049 729 1155 758 scilicet
1175 729 1309 757 ultimum
1331 735 1459 764 motum,
1482 735 1509 757 et

449 773 557 810 aliquid
571 773 651 810 quod
670 777 800 800 movetur
817 777 845 798 et
859 776 964 803 movet,
980 778 1084 805 nempe
1104 769 1338 803 instrumentum,
1355 768 1508 806 probabile

449 820 491 841 est
518 813 598 850 quod
624 811 784 840 inveniatur
811 809 896 837 etiam
924 808 1031 845 aliquid
1053 809 1134 845 quod
1155 814 1252 836 movet
1280 813 1308 835 et
1328 816 1389 835 non
1402 816 1508 851 ‘move-

448 859 509 880 tur:
532 850 662 888 quamvis
683 851 807 878 duorum
829 858 902 886 quae
916 857 967 884 per
981 847 1114 876 accidens
1135 846 1350 884 coniunguntur
1370 847 1460 890 (sicut
1479 846 1509 874 in

449 890 600 928 hypothesi
621 896 687 918 sunt
708 888 815 917 moveri
836 895 864 916 et
886 889 1033 922 movere),
1061 893 1088 915 et
1109 895 1235 923 quorum
1253 895 1345 914 unum
1367 885 1510 913 invenitur

449 931 510 959 sine
530 930 635 965 altero,
658 929 680 957 si
706 935 748 957 est
768 927 916 964 probabile
945 927 1024 964 quod
1047 926 1133 954 etiam
1161 925 1321 954 secundum
1349 924 1510 953 inveniatur

449 970 510 998 sine
537 970 646 1006 primo,
675 975 716 996 est
745 967 938 995 necessarium
960 966 1039 1003 quod
1064 965 1157 1003 possit
1184 964 1305 992 inveniri
1332 964 1393 992 sine
1421 963 1509 992 illo.-

451 1019 478 1046 9.
494 1011 520 1044 c)
541 1007 721 1036 Testimonio
742 1007 937 1043 Anaxagorae,
959 1005 1008 1042 qui
1030 1014 1142 1041 ponens
1171 1004 1346 1032 intellectum
1368 1012 1429 1032 esse
1450 1003 1509 1040 pri-

449 1058 529 1077 mum
550 1047 721 1084 principium
742 1052 847 1080 motus,
867 1045 962 1082 posuit
983 1045 1077 1081 ipsum
1100 1043 1274 1072 intellectum
1296 1052 1358 1071 esse
1378 1043 1509 1080 impassi-

449 1088 534 1116 bilem
550 1094 577 1115 et
592 1086 762 1120 immixtum,
778 1086 815 1112 ad
829 1085 885 1113 hoc
899 1085 979 1121 quod
1001 1090 1098 1121 posset
1115 1092 1232 1111 movere
1247 1089 1275 1111 et
1289 1082 1430 1119 imperare
1444 1083 1510 1111 abs-

448 1136 504 1164 que
518 1127 574 1155 hoc
588 1126 667 1163 quod
683 1125 742 1161 ipse
758 1130 930 1152 moveretur.
942 1140 962 1145 -
977 1132 1020 1151 10.
1033 1122 1195 1151 Destruitur
1209 1122 1264 1151 alia
1278 1131 1344 1158 pars
1361 1121 1509 1150 divisionis

448 1169 488 1202 (n.
505 1167 543 1201 6),
565 1174 668 1201 nempe
690 1165 769 1201 quod
791 1172 878 1192 omne
896 1172 1015 1191 movens
1037 1169 1188 1190 moveatur
1201 1170 1254 1199 per
1274 1170 1304 1190 se
1319 1167 1347 1190 et
1363 1170 1397 1189 ex
1410 1170 1509 1190 neces-

448 1206 537 1234 sitate.
554 1205 655 1232 Prima
670 1203 751 1231 ratio.
767 1204 826 1231 Aut
846 1203 923 1231 enirn
939 1208 1102 1230 moveretur
1123 1202 1283 1230 secundum
1305 1201 1428 1229 eandem
1445 1210 1509 1237 spe-

448 1245 520 1274 ciem
534 1251 630 1272 motus
644 1244 804 1272 secundum
815 1251 902 1279 quam
918 1249 1028 1270 movet:
1045 1248 1072 1269 et
1086 1242 1142 1270 hoc
1156 1250 1226 1276 non,
1240 1240 1307 1278 quia
1322 1246 1509 1277 sequerentur

581 1387 603 1402 ,,
632 1374 659 1388 ’π
678 1387 689 1400 .
713 1368 888 1409 ostquam
926 1360 1180 1408 Philosophus
1215 1358 1378 1395 ostendit
1404 1359 1509 1407 quod

679 1418 689 1430 ⁴⁴
713 1425 827 1450 omne
857 1412 960 1462 quod
988 1420 1165 1449 movetur
1192 1412 1240 1448 ab
1274 1411 1346 1448 alio
1376 1423 1509 1448 move—

599 1549 605 1561 -.
656 1516 693 1548 ’μ’
713 1526 768 1555 est
795 1517 972 1555 devenire
993 1518 1040 1554 ad
1060 1517 1212 1566 aliquod
1240 1516 1407 1565 primum
1427 1529 1509 1554 mo-

448 1584 542 1609 vens
570 1571 777 1609 immobile.
808 1571 856 1607 Et
885 1570 1061 1607 dividitur
1095 1570 1132 1606 in
1165 1576 1289 1618 partes
1319 1569 1433 1606 duas:
1472 1569 1510 1606 in

448 1625 571 1674 prima
600 1624 762 1662 ostendit
780 1623 885 1671 quod
912 1634 1066 1660 necesse
1088 1630 1142 1659 est
1171 1621 1349 1659 devenire
1378 1621 1427 1659 ad
1446 1621 1509 1658 ali-

450 1678 555 1725 quod
581 1677 760 1727 primum,
790 1675 894 1724 quod
921 1677 983 1712 vel
1013 1675 1058 1711 sit
1091 1674 1307 1721 immobile,
1336 1675 1399 1711 vel
1428 1686 1510 1711 mo-

449 1738 536 1766 veat
563 1731 746 1779 seipsum;
785 1729 823 1765 in
855 1728 1020 1765 secunda
1059 1727 1223 1764 ostendit
1259 1727 1364 1774 quod
1398 1727 1510 1764 etiam

450 1783 480 1819 si
509 1783 728 1820 deveniatur
756 1781 804 1818 ad
832 1781 987 1828 aliquod
1014 1780 1182 1828 primum
1221 1779 1325 1826 quod
1357 1787 1512 1816 moveat

450 1835 628 1884 seipsum,
650 1846 803 1871 necesse
832 1841 886 1870 est
913 1841 1041 1870 tamen
1069 1831 1222 1869 ulterius
1256 1831 1434 1868 devenire
1464 1832 1512 1869 ad

451 1888 605 1936 aliquod
631 1887 800 1936 primum
829 1898 991 1923 movens
1019 1884 1227 1932 immobile,
1252 1884 1319 1920 ibi:
1349 1884 1512 1921 Necesse

451 1941 566 1990 igitur
595 1952 704 1977 omne
733 1939 832 1988 quod
858 1944 1028 1975 movetur
1052 1939 1071 1959 ·”’“·
1097 1945 1164 1974 etc.
1202 1936 1311 1973 Circa
1343 1937 1511 1985 primurn

452 1993 528 2030 duo
557 1993 658 2030 facit:
688 1992 812 2040 primo
832 1990 994 2028 ostendit
1022 1990 1126 2038 quod
1147 2002 1224 2026 non
1253 1997 1308 2026 est
1334 1990 1512 2037 possibile

452 2046 557 2094 quod
585 2045 622 2082 in
650 2044 839 2081 infinitum
867 2043 1007 2090 aliquid
1037 2043 1084 2079 ab
1123 2042 1194 2078 alio
1229 2049 1446 2087 moveatur3
1475 2042 1513 2079 in

453 2098 620 2135 secunda
649 2097 752 2145 quod
780 2108 858 2133 non
887 2103 941 2132 est
977 2094 1232 2132 necessarium
1261 2094 1365 2142 quod
1398 2107 1512 2131 omne

453 2163 614 2187 movens
633 2156 844 2195 moveatur,
865 2148 932 2185 ibi:
952 2148 1015 2184 Ad
1036 2148 1132 2184 dicta
1147 2153 1270 2184 autem
1283 2149 1302 2168 ss
1315 2154 1381 2183 ete.
1404 2147 1513 2184 Circa

452 2204 619 2252 primum
658 2202 734 2239 duo
772 2202 874 2238 facit:
912 2201 1035 2249 primo
1074 2199 1236 2236 ostendit
1275 2199 1512 2248 propositum

454 2255 694 2293 ascendendo
723 2254 761 2290 in
789 2253 920 2290 ordine
954 2252 1153 2289 mobilium
1184 2259 1220 2288 et
1252 2252 1511 2298 moventium;

454 2308 621 2345 secundo
651 2306 928 2351 descendendo,
950 2305 1019 2341 ibi:
1048 2304 1219 2352 Amplius
1248 2310 1372 2340 autem
1401 2310 1435 2341 et
1460 2306 1514 2341 sic

454 2362 572 2410 ipsam
589 2362 608 2382 ’³‘
625 2368 692 2396 etc.
714 2359 823 2395 Circa
846 2358 1011 2407 primum
1033 2358 1108 2394 duo
1129 2357 1231 2393 facit:
1260 2357 1384 2405 primo
1404 2370 1511 2406 prae·

454 2414 563 2451 mittit
591 2412 780 2461 quaedam
808 2410 1018 2448 necessaria
1047 2410 1095 2446 ad
1126 2409 1311 2458 propositi
1341 2411 1359 2430 ’ᾖ
1389 2417 1513 2447 osten-

455 2467 617 2511 sionem;
647 2464 813 2502 secundo
833 2463 974 2500 inducit
1002 2462 1186 2499 rationem
1206 2461 1255 2498 ad
1274 2463 1512 2511 propositum

456 2518 745 2563 ostendendum,
774 2516 842 2553 ibi:
872 2516 913 2552 Si
939 2527 1031 2565 ergo
1060 2516 1239 2552 necesse*
1256 2523 1323 2551 etc.

509 2584 542 2608 2.
574 2570 778 2608 Praemittit
801 2576 927 2605 autem
958 2569 1051 2605 duo:
1078 2580 1242 2615 quorum
1262 2568 1429 2616 primum
1459 2575 1514 2604 est

456 2624 588 2662 divisio
627 2622 956 2660 moventis.‘Cum
986 2620 1086 2657 enim
1117 2620 1258 2656 dictum
1287 2619 1332 2656 sit
1359 2620 1379 2640 ⁵¹²
1409 2620 1514 2667 quod

456 2690 569 2714 omne
604 2683 754 2713 motum
791 2675 838 2711 ab
872 2674 997 2721 aliquo
1026 2680 1214 2719 movetur,
1246 2671 1424 2719 contingit
1451 2672 1514 2708 ali-

456 2730 547 2778 quid
575 2741 656 2766 esse
675 2739 837 2764 movens
866 2725 1071 2774 dupliciter.
1101 2725 1187 2762 Uno
1217 2723 1335 2760 modo
1359 2725 1512 2771 quando

456 2795 534 2819 non
553 2789 684 2818 movet
702 2787 857 2829 propter
876 2778 1055 2826 seipsum,
1077 2777 1172 2814 idest
1195 2776 1347 2825 propria
1365 2776 1511 2823 virtute7

458 2835 523 2872 sed
544 2834 631 2882 quia
651 2841 706 2870 est
724 2839 872 2869 motum
892 2837 908 2852 ⁶²
929 2831 975 2866 ab
1005 2830 1131 2877 aliquo
1153 2830 1225 2866 alio
1248 2836 1447 2875 movente;
1478 2837 1514 2865 et

456 2889 529 2924 hoc
563 2894 617 2923 est
645 2884 854 2922 secundum
892 2895 1065 2919 movens.
1104 2882 1188 2918 Alio
1222 2882 1339 2918 modo
1373 2881 1513 2929 aliquid

457 2946 588 2976 movet
610 2945 761 2986 propter
785 2936 963 2984 seipsum,
985 2935 1079 2971 idest
1097 2934 1249 2983 propria
1267 2934 1415 2982 virtute,
1436 2947 1514 2970 non

458 2991 546 3039 quia
575 2998 629 3027 est
656 2997 803 3026 motum
832 2988 879 3025 ab
908 2988 991 3024 alio.
1033 2987 1223 3034 Contingit
1255 2994 1380 3023 autem
1410 2987 1513 3034 quod

458 3044 529 3080 tale
562 3054 724 3079 movens
762 3047 915 3077 moveat
949 3039 1154 3088 dupliciter.
1193 3039 1279 3076 Uno
1315 3039 1431 3076 modo
1465 3039 1514 3076 ita

459 3095 563 3144 quod
600 3095 765 3144 primum
803 3105 964 3129 movens
1001 3099 1156 3129 moveat
1184 3092 1401 3140 proximum
1429 3100 1514 3140 post

457 3148 653 3194 ultimum,
683 3146 777 3183 idest
805 3146 842 3183 id
871 3145 975 3194 quod
1005 3152 1058 3181 est
1087 3144 1155 3181 sibi
1184 3145 1400 3192 proximum
1429 3153 1514 3194 post

459 3200 667 3238 secundum
695 3198 712 3228 Ρ
740 3211 926 3243 movens;
966 3205 1001 3234 et
1034 3198 1107 3234 hoc
1145 3197 1322 3244 contingit
1358 3197 1511 3245 quando

457 3253 623 3302 primum
643 3264 804 3289 movens
824 3258 955 3288 movet
974 3250 1114 3286 mobile
1135 3262 1202 3298 per
1224 3262 1343 3298 unum
1367 3258 1510 3287 tantum

459 3306 638 3343 medium.
683 3304 766 3341 Alio
799 3316 890 3341 vero
924 3303 1043 3340 modo
1073 3315 1234 3339 movens
1269 3310 1399 3339 movet
1432 3315 1513 3339 mo-

1058 259 1403 296 PHYSICORUM
1430 260 1777 296 ARISTOTELIS
1807 261 1900 297 LIB.
1929 261 2015 298 VIII

1563 336 1793 365 inconvenientia
1803 337 1960 373 manifesta,
1966 344 2035 375 puta
2045 338 2125 375 quod
2135 339 2243 367 docens
2253 341 2440 377 geometriam
2451 341 2537 370 simul
2547 342 2621 371 hanc

1564 376 1711 404 scientiam
1733 377 1898 412 doceretur3
1921 384 1970 405 aut
1997 378 2155 406 secundum
2176 388 2266 407 unam
2293 381 2419 416 speciem
2440 387 2536 410 motus
2557 391 2622 410 mo-

1563 422 1649 451 veret,
1665 422 1693 444 et
1706 417 1865 444 secundum
1879 416 1964 445 aliam
1979 423 2156 446 moveretur:
2172 424 2200 446 et
2214 425 2315 447 contra
2328 420 2384 448 hoc
2398 421 2519 449 habetur
2533 422 2622 458 quod,

1564 464 1629 483 curn
1650 464 1755 492 genera
1775 462 1803 484 et
1823 455 1930 492 species
1951 465 2047 484 rerum
2075 456 2105 484 in
2126 457 2230 494 quibus
2251 464 2294 486 est
2315 465 2412 487 motus
2433 460 2490 488 sint
2509 460 2622 496 finitae,

1563 494 1648 523 etiam
1663 501 1759 523 motus
1774 502 1840 523 sunt
1854 495 1925 523 finiti
1939 496 2098 524 secundum
2119 505 2210 533 genus
2230 497 2275 525 vel
2289 498 2429 534 speciem;
2443 507 2512 536 ergo
2526 499 2557 528 in
2569 501 2624 529 hac

1563 534 1715 570 hypothesi
1725 534 1778 562 erit
1787 534 1920 563 devenire
1931 535 1968 563 ad
1982 535 2100 572 aliquod
2110 535 2236 572 primum
2251 545 2371 565 movens
2383 539 2463 574 quod
2471 538 2550 567 nulla
2559 548 2625 576 spe-

1563 573 1605 601 cie
1626 580 1722 601 motus
1737 581 1894 609 moveatur,
1905 575 1956 602 sed
1971 574 2006 602 sit
2016 574 2137 603 omnino
2152 575 2309 604 immobile.
2321 593 2340 598 -
2355 586 2365 604 1
2375 585 2399 605 1.
2415 576 2516 606 Dicere
2527 584 2624 606 autem
2676 607 2679 610 Δ

1563 613 1644 649 quod
1658 614 1775 650 quando
1797 613 1928 641 deficient
1943 623 2045 642 omnes
2066 614 2175 651 species
2196 621 2302 651 motus,
2317 615 2421 644 iterum
2435 616 2574 645 redibitur
2587 617 2625 646 ad

1562 651 1695 687 primam,
1710 652 1787 680 idem
1802 659 1844 681 est
1857 662 1891 681 ac
1903 662 2018 681 rursum
2033 653 2127 682 dicere
2142 655 2223 691 quod
2244 655 2403 683 secundum
2422 656 2545 684 eandem
2559 665 2624 693 spe-

1563 690 1636 718 ciem
1651 697 1748 719 motus
1762 701 1882 720 movens
1897 699 1994 721 movet
2008 699 2036 721 et
2056 700 2197 722 movetur.
2217 694 2293 728 Quia
2307 694 2384 722 enim
2399 695 2479 731 quod
2494 701 2625 724 movetur

1564 729 1654 766 magis
1668 737 1801 758 movetur
1814 740 1832 759 a
1845 731 1939 768 primo
1961 739 2095 760 movente
2109 742 2196 769 quarn
2213 734 2250 761 ab
2265 733 2363 770 aliquo
2377 733 2546 763 inferiorum
2560 744 2624 763 mo-

1562 768 1700 804 ventium,
1721 769 1745 797 si
1766 770 1882 806 ponitur
1903 780 1927 799 e.
1942 781 1970 808 g.
1992 771 2101 808 aliquid
2122 772 2232 800 moveri
2252 773 2380 808 localiter
2399 774 2436 802 ab
2455 773 2624 803 immediato

1564 815 1698 836 movente
1713 809 1793 844 quod
1806 816 1934 846 augetur,
1949 817 1977 838 et
1998 811 2054 839 hoc
2068 820 2086 839 a
2099 818 2233 840 movente
2247 813 2328 849 quod
2342 813 2485 848 alteratur,
2501 819 2529 841 et
2549 813 2625 842 istud

1564 847 1600 874 ab
1615 855 1650 875 eo
1665 848 1745 883 quod
1760 854 1892 876 movetur
1906 849 2047 885 localiter3
2062 850 2190 887 sequitur
2204 851 2352 880 manifeste
2366 853 2447 890 quod
2461 852 2531 880 illud
2545 853 2626 890 quod

1563 885 1658 922 primo
1673 886 1791 922 ponitur
1803 887 1913 916 moveri
1927 890 2086 917 secundum
2100 890 2207 926 locum,
2218 897 2352 919 movetur
2364 901 2382 920 a
2394 898 2529 920 movente
2544 892 2625 929 quod

1563 925 1669 961 pariter
1683 926 1842 954 secundum
1862 927 1960 955 locum
1982 935 2122 957 movetur.
2137 930 2201 958 Hoc
2215 937 2311 958 autem
2333 930 2460 967 implicat
2481 931 2625 960 contradi·

1564 964 1704 1000 ctionem;
1719 965 1787 1001 quia
1801 972 1968 1002 sequeretur
1981 967 2089 1004 aliquid
2103 977 2165 996 esse
2180 969 2265 997 simul
2286 969 2316 998 in
2329 976 2395 998 actu
2409 977 2438 998 et
2450 970 2481 999 in
2494 970 2625 1007 potentia

1563 1010 1694 1040 respectu
1706 1003 1845 1032 eiusdem.
1863 1022 1882 1026 -
1897 1012 1942 1034 12.
1964 1006 2097 1034 Secunda
2121 1007 2207 1036 ratio:
2217 1017 2291 1045 quae
2312 1018 2372 1037 non
2393 1009 2488 1038 differt
2500 1019 2518 1038 a
2531 1010 2626 1046 prima

1563 1043 1618 1071 nisi
1633 1043 1701 1080 quia
1710 1043 1804 1080 prima
1814 1044 1937 1073 ducebat
1947 1045 1984 1073 ad
1999 1045 2095 1082 aliqua
2108 1045 2339 1076 inconvenientia
2353 1048 2542 1084 particularia,
2554 1050 2625 1078 haec

1564 1089 1661 1110 autem
1683 1083 1761 1111 ducit
1781 1084 1818 1111 ad
1839 1083 2043 1112 inconveniens
2062 1086 2203 1125 generale,
2225 1087 2305 1123 quod
2325 1096 2413 1115 omne
2435 1088 2575 1116 motivum
2590 1088 2628 1117 sit

1564 1122 1671 1150 mobile
1693 1123 1852 1150 secundum
1874 1124 1996 1151 eandem
2017 1124 2141 1168 speciem
2162 1131 2259 1153 motus
2281 1135 2338 1162 qua
2365 1133 2471 1155 movet.
2486 1143 2506 1148 -
2526 1127 2570 1156 13.
2583 1127 2626 1156 Ex

1564 1161 1700 1189 omnibus
1717 1161 1876 1190 rationibus
1890 1162 2054 1198 praemissis
2076 1162 2105 1191 in
2126 1164 2180 1192 hac
2201 1164 2323 1193 lectione
2343 1165 2525 1194 concluditur
2545 1167 2626 1204 quod

1562 1210 1624 1228 non
1638 1207 1733 1237 potest
1753 1201 1871 1237 procedi
1892 1201 1923 1229 in
1943 1201 2097 1238 infinitum,
2113 1203 2164 1231 sed
2181 1212 2298 1232 necesse
2318 1210 2361 1233 est
2381 1210 2455 1234 stare
2476 1205 2507 1234 in
2527 1206 2626 1244 aliquo

1563 1239 1666 1276 primo,
1689 1241 1769 1277 quod
1789 1241 1834 1268 vel
1854 1240 1890 1268 sit
1910 1241 2068 1278 immobile,
2089 1242 2134 1270 vel
2154 1242 2249 1279 seipso
2270 1250 2384 1272 moveat
2404 1244 2540 1282 seipsum.

1564 1358 1637 1395 bile
1666 1371 1735 1408 per
1761 1360 1870 1408 plura
1893 1359 2031 1407 media,
2051 1366 2093 1397 ut
2119 1367 2222 1410 patet
2249 1373 2337 1398 cum
2360 1361 2517 1400 baculus
2544 1374 2628 1400 mo-

1563 1419 1629 1448 vet
1655 1411 1822 1460 lapidem
1852 1419 1888 1448 et
1914 1420 2093 1449 movetur
2121 1425 2143 1450 a
2162 1425 2291 1461 manu,
2321 1426 2419 1462 quae
2449 1423 2627 1453 movetur

1565 1464 1612 1501 ab
1638 1464 1804 1512 homine,
1838 1464 1903 1512 qui
1937 1477 2015 1502 non
2047 1473 2180 1503 movet
2209 1479 2254 1503 eo
2284 1466 2390 1514 quod
2417 1468 2465 1504 ab
2500 1467 2626 1516 aliquo

1565 1516 1637 1553 alio
1666 1524 1883 1554 moveatur:
1917 1517 1970 1554 sic
1999 1530 2088 1566 ergo
2116 1519 2235 1555 horno
2266 1526 2320 1556 est
2347 1519 2515 1568 primum
2543 1532 2628 1557 mo-

1564 1581 1659 1606 vens
1678 1577 1833 1619 propter
1851 1569 2030 1618 seipsum,
2049 1577 2085 1607 et
2101 1579 2233 1608 movet
2253 1571 2419 1620 lapidem
2437 1585 2506 1621 per
2518 1573 2628 1622 plura

1566 1622 1707 1668 media;
1730 1622 1759 1658 si
1780 1630 1907 1659 autern
1929 1630 2102 1660 moveret
2120 1623 2284 1672 lapidem
2305 1636 2433 1672 manu,
2454 1632 2628 1663 moveret

1565 1687 1634 1723 per
1660 1687 1793 1711 unum*
1811 1675 1982 1712 medium
2010 1683 2168 1713 tantum.

1622 1728 1656 1764 3.
1685 1727 1862 1764 Secundo
1900 1727 1968 1764 ibi:
2003 1729 2170 1777 Utraque
2205 1729 2321 1778 igitur
2352 1741 2504 1767 movere
2539 1730 2628 1767 dici-

1567 1791 1650 1815 mus
1679 1787 1770 1826 etc.‚
1799 1780 1907 1828 ponit
1933 1781 2260 1829 comparationem
2287 1781 2401 1830 primi
2438 1782 2628 1820 moventis
2664 1792 2665 1795 ’

1569 1839 1604 1868 et
1623 1831 1790 1871 secundi,
1808 1832 1907 1869 Cum
1924 1832 2026 1869 enim
2046 1841 2123 1870 tam
2142 1833 2311 1882 primum
2326 1846 2489 1871 movens
2508 1846 2626 1882 quam

1566 1884 1742 1921 ultimum
1779 1896 1936 1922 movere
1966 1885 2157 1932 dicamus,
2188 1885 2348 1934 dicimus
2376 1887 2481 1934 quod
2509 1886 2628 1935 magis

1568 1944 1700 1973 movet
1726 1936 1893 1985 primum
1922 1949 2083 1974 movens
2112 1948 2229 1986 quam
2255 1939 2444 1976 ultimum.
2473 1939 2522 1976 Et
2553 1939 2629 1977 hoc

1566 1997 1669 2038 patet
1682 2002 1751 2037 per
1766 1990 1860 2026 duas
1879 1989 2053 2027 rationes.
2077 1991 2250 2037 Quarum
2266 1991 2390 2039 prima
2409 1998 2475 2038 est,
2491 1992 2627 2040 quod*

1567 2042 1735 2090 primum
1763 2054 1926 2079 movens
1954 2050 2086 2079 movet
2117 2043 2326 2080 secundum
2356 2055 2531 2091 movenS‚
2561 2045 2629 2082 sed

1568 2107 1646 2131 non
1674 2107 1695 2130 e
1725 2107 1922 2131 converso,
1955 2095 2131 2131 Secunda
2159 2095 2252 2132 ratio
2282 2103 2351 2142 est,
2382 2095 2471 2144 quia
2497 2108 2629 2135 secun-

1569 2147 1660 2183 dum
1688 2158 1849 2183 movens
1877 2159 1955 2183 non
1982 2154 2107 2195 potest
2125 2160 2284 2185 movere
2304 2148 2382 2185 sine
2402 2148 2540 2198 prim0‚
2561 2149 2629 2188 sed

1567 2199 1732 2248 primum
1767 2211 1929 2236 movens
1965 2207 2090 2248 potest
2126 2212 2285 2237 movere
2319 2200 2398 2238 sine
2437 2202 2626 2249 secundo;

1568 2252 1661 2288 sicut
1690 2253 1708 2272 ’ξ’
1739 2252 1894 2288 baculus
1923 2264 2001 2289 non
2028 2259 2152 2301 potest
2179 2265 2336 2290 movere
2364 2253 2530 2302 lapidem
2558 2254 2628 2292 nisi

1567 2312 1767 2341 moveatur
1795 2305 1842 2340 ab
1871 2304 2038 2352 homine,
2059 2305 2125 2342 sed
2149 2306 2268 2342 homo
2287 2313 2413 2354 potest
2430 2307 2450 2328 '¹‘
2469 2318 2627 2345 movere

1569 2357 1683 2394 etiam-
1709 2357 1788 2393 sine
1817 2357 1964 2394 baculo.

1620 2421 1657 2456 4.
1678 2409 1825 2446 Deinde
1846 2421 1932 2446 cum
1952 2409 2050 2446 dicit:
2071 2410 2112 2446 Si
2128 2421 2221 2459 ergo
2241 2422 2388 2447 necesse
2405 2417 2487 2458 etc.‚
2503 2419 2628 2449 osten-

1569 2461 1621 2498 dit
1647 2461 1883 2510 propositum
1921 2462 2130 2499 secundum
2165 2462 2383 2511 praemissa.
2423 2463 2629 2501 Ostensum

1569 2522 1624 2551 est
1643 2515 1661 2534 ’¹‘
1683 2514 1783 2550 enim
1813 2514 1916 2562 quod
1945 2526 2059 2551 omne
2083 2514 2186 2562 quod
2209 2522 2396 2563 movetur,
2422 2516 2470 2552 ab
2502 2515 2628 2565 aliquo

1567 2574 1754 2603 movetur.
1776 2566 1869 2603 Illud
1890 2573 2015 2603 autem
2034 2579 2056 2603 a
2075 2579 2152 2616 quo
2171 2575 2358 2615 movetur,
2371 2575 2434 2605 aut
2453 2576 2630 2606 movetur

1569 2627 1633 2655 aut
1661 2631 1739 2655 non
1768 2627 1945 2655 movetur
1971 2620 2008 2663 *ς
2043 2626 2078 2656 et
2106 2619 2136 2656 si
2164 2628 2357 2668 movetur,
2388 2628 2452 2658 aut
2479 2621 2526 2658 ab
2555 2621 2628 2658 alio

1570 2679 1748 2708 movetur
1767 2679 1831 2708 aut
1850 2684 1939 2708 non.
1970 2673 2075 2708 Haec
2104 2679 2231 2709 autem
2259 2673 2348 2720 duo,
2369 2673 2508 2710 scilicet
2526 2674 2631 2723 quod

1568 2732 1744 2761 movetur
1772 2725 1819 2761 ab
1847 2724 1932 2767 alio,
1963 2731 1999 2761 et
2028 2725 2131 2774 quod
2159 2733 2336 2763 movetur
2363 2738 2442 2763 non
2470 2726 2518 2763 ab
2543 2726 2628 2775 alio,

1569 2777 1621 2813 sic
1650 2789 1689 2813 se
1718 2777 1859 2813 habent
1892 2777 1995 2825 quod
2023 2777 2146 2825 posito
2173 2790 2252 2815 uno
2280 2778 2434 2827 ponitur
2461 2778 2573 2826 aliud,
2594 2786 2631 2817 et

1569 2842 1646 2866 non
1675 2841 1695 2866 e
1725 2842 1921 2866 converso,
1952 2829 2052 2876 Quia
2076 2830 2106 2867 si
2134 2830 2179 2867 sit
2207 2831 2346 2880 aliquid
2373 2832 2478 2880 quod
2497 2843 2630 2869 move-

1568 2890 1627 2918 tur
1655 2883 1702 2918 ab
1731 2882 1817 2928 alio,
1838 2894 1992 2919 necesse
2022 2890 2076 2919 est
2104 2883 2282 2920 devenire
2312 2883 2360 2920 ad
2383 2883 2536 2932 aliquod
2554 2884 2629 2933 pri-

1569 2947 1677 2971 mum
1697 2936 1802 2982 quod
1821 2947 1898 2971 non
1918 2936 2184 2972 moveturssab
2215 2936 2309 2982 alio;
2334 2936 2400 2973 sed
2416 2936 2445 2973 si
2464 2944 2629 2985 ponatur

1570 2987 1723 3035 aliquod
1759 2987 1926 3036 primum
1963 2987 2203 3035 huiusmodi,
2233 2988 2371 3025 scilicet
2408 2988 2512 3036 quod
2548 3001 2628 3026 non

1569 3041 1803 3076 moveatur*
1818 3040 1865 3077 ab
1895 3039 1979 3087 alio,
2000 3052 2077 3077 non
2107 3048 2162 3077 est
2189 3040 2444 3078 necessarium
2472 3041 2628 3079 ulterius

1568 3105 1710 3141 ponere
1740 3093 1915 3140 alterurn,
1951 3092 2089 3130 scilicet
2126 3093 2230 3141 quod
2258 3101 2436 3131 movetur
2464 3094 2512 3131 ab
2541 3094 2626 3133 alio.

1569 3146 1617 3181 Et
1644 3145 1718 3182 hoc
1746 3145 1899 3193 quidem
1927 3156 1994 3194 per
2021 3157 2061 3182 se
2089 3146 2328 3183 manifestum
2359 3154 2428 3183 est:
2459 3146 2527 3184 sed
2553 3147 2627 3196 pri-

1568 3210 1675 3234 mum
1701 3205 1850 3246 poterat
1879 3210 1960 3234 esse
1989 3197 2158 3245 dubium,
2180 3199 2318 3236 scilicet
2346 3199 2450 3247 quod
2474 3199 2504 3237 si
2523 3199 2627 3237 inve-

1568 3250 1666 3287 nitur
1694 3250 1834 3298 aliquid
1861 3251 1965 3298 quod
1993 3258 2169 3288 movetur
2196 3252 2244 3288 ab
2273 3251 2357 3299 alio,
2388 3252 2493 3300 quod
2521 3251 2626 3290 inve-

1568 3303 1690 3340 niatur
1724 3303 1877 3351 aliquod
1910 3303 2076 3352 primum
2111 3304 2215 3352 quod
2250 3316 2326 3341 non
2364 3313 2541 3342 movetur
2577 3306 2624 3342 ab

513 3468 539 3499 α)
558 3468 604 3492 sed
622 3468 683 3500 quia
702 3471 739 3492 est
759 3471 866 3492 motum.
878 3481 896 3487 ·-
910 3467 1024 3498 PLQsS;
1044 3475 1095 3493 non
1115 3468 1177 3500 quia
1195 3470 1233 3493 est
1253 3470 1351 3492 motum
1371 3468 1511 3500 AlYpKSX

1567 3468 1665 3502 (postP
1679 3468 1715 3502 F)
1734 3469 1876 3494 secundum
1896 3469 1967 3499 ΗΚ,
1983 3473 2093 3501 praeter
2112 3469 2236 3502 (propter
2251 3469 2288 3502 R)
2303 3469 2450 3495 animum...
2460 3473 2571 3502 praeter·
2584 3475 2623 3494 se-

461 3507 485 3526 et
503 3509 532 3530 α,
553 3502 613 3533 quia
632 3506 671 3527 est
690 3506 788 3527 motum
808 3503 856 3531 Bb,
882 3503 929 3527 sed
952 3503 1010 3527 idco
1034 3503 1096 3535 quia
1120 3506 1159 3527 est
1178 3506 1275 3527 morum
1297 3502 1345 3533 sK,
1370 3504 1512 3528 secundum
1567 3504 1681 3528 cundum
1707 3505 1795 3533 ceteri,
1822 3509 1927 3536 excepto
1947 3504 1966 3528 B
1986 3505 2028 3537 qul
2054 3504 2130 3529 habet
2150 3505 2269 3529 lacunam
2283 3518 2302 3523 -
2323 3505 2359 3530 lbi
2378 3504 2438 3530 Alio
2463 3511 2524 3530 vero
2545 3503 2622 3528 modo

460 3537 521 3568 quia
540 3540 579 3561 est
598 3541 694 3561 motum
715 3538 763 3569 sX,
784 3538 938 3570 inquantum
958 3542 1077 3563 mouetur
1096 3538 1364 3563 CDFGHMNORVZ.

1569 3546 1690 3567 movens,
1717 3540 1788 3563 solus
1808 3539 1827 3563 F
1846 3539 1910 3565 inter
1930 3539 2047 3570 codices,
2074 3545 2099 3564 et
2118 3540 2172 3564 sola
2192 3539 2210 3564 P
2230 3539 2295 3564 inter
2313 3540 2436 3564 editiones
2455 3539 2544 3572 legunt
2561 3538 2620 3563 Auo

514 3570 538 3603 β)
554 3575 615 3603 post
635 3573 794 3597 unimam...
806 3576 867 3605 post
885 3573 1064 3598 secundum.·-
1078 3573 1112 3598 Pb
1119 3580 1126 3601 ,·
1146 3576 1208 3605 μου
1232 3573 1394 3598 ultimum...
1406 3576 1515 3605 praeter
1570 3581 1632 3599 vero
1652 3574 1729 3599 modo
1747 3574 1854 3606 quando
1874 3581 1986 3599 movens.

2655 2001 2664 2009 '
2679 2000 2735 2028 qula
2749 2005 2845 2023 omont.

2655 2262 2665 2272 ·
2679 2261 2768 2285 eindd.
2782 2269 2803 2286 r.

2655 2316 2664 2325 ·
2686 2317 2772 2342 ponet
2797 2315 2865 2338 codd.
2891 2302 2898 2328 i

2654 2346 2703 2363 exc.
2718 2346 2736 2364 ι.
2889 2351 2892 2354 <

2890 2381 2898 2419 Ξ,

2888 2471 2898 2489 ἰ

2657 2527 2666 2535 ·
2681 2525 2744 2548 Lect.
2754 2531 2794 2553 vu,
2808 2531 2855 2552 n.4
2889 2557 2892 2558 ⁷

2657 2557 2722 2580 seqq.
2890 2573 2898 2594 i

2891 2595 2898 2606 k

2656 2631 2666 2639 '
2680 2631 2786 2651 movean-
2798 2635 2846 2652 om.
2888 2646 2898 2652 ..

2657 2655 2726 2678 codd.
2741 2661 2791 2678 exc.
2805 2661 2827 2678 c.

2655 2945 2665 2954 '
2680 2946 2801 2967 moveam
2814 2949 2851 2966 M.

2655 3053 2865 3075 'novemve-uu.
