<?xml version="1.0" encoding="UTF-8"?>
<!DOCTYPE html PUBLIC "-//W3C//DTD XHTML 1.0 Transitional//EN"
    "http://www.w3.org/TR/xhtml1/DTD/xhtml1-transitional.dtd">
<html xmlns="http://www.w3.org/1999/xhtml" xml:lang="en" lang="en">
 <head>
  <title>
</title>
<meta http-equiv="Content-Type" content="text/html;charset=utf-8" />
  <meta name='ocr-system' content='tesseract 3.04.00' />
  <meta name='ocr-capabilities' content='ocr_page ocr_carea ocr_par ocr_line ocrx_word'/>
</head>
<body>
  <div class='ocr_page' id='page_1' title='image "./operaomniaiussui02thom/operaomniaiussui02thom_0361.png"; bbox 0 0 2898 3996; ppageno 0'>
   <div class='ocr_carea' id='block_1_1' title="bbox 0 0 213 3996">
    <p class='ocr_par' dir='ltr' id='par_1_1' title="bbox 0 0 213 3996">
     <span class='ocr_line' id='line_1_1' title="bbox 0 0 213 3996; baseline 0 0"><span class='ocrx_word' id='word_1_1' title='bbox 0 0 213 3996; x_wconf 95' lang='lat' dir='ltr'> </span> 
     </span>
    </p>
   </div>
   <div class='ocr_carea' id='block_1_2' title="bbox 1097 288 1550 335">
    <p class='ocr_par' dir='ltr' id='par_1_2' title="bbox 1097 288 1550 335">
     <span class='ocr_line' id='line_1_2' title="bbox 1097 288 1550 335; baseline 0 -11"><span class='ocrx_word' id='word_1_2' title='bbox 1097 289 1207 325; x_wconf 91' lang='lat' dir='ltr'>CAP.</span> <span class='ocrx_word' id='word_1_3' title='bbox 1238 289 1287 335; x_wconf 87' lang='lat' dir='ltr'>II,</span> <span class='ocrx_word' id='word_1_4' title='bbox 1318 288 1468 325; x_wconf 90' lang='lat' dir='ltr'>LECT.</span> <span class='ocrx_word' id='word_1_5' title='bbox 1499 289 1550 325; x_wconf 94' lang='lat' dir='ltr'>IV</span> 
     </span>
    </p>
   </div>
   <div class='ocr_carea' id='block_1_3' title="bbox 237 365 1296 1028">
    <p class='ocr_par' dir='ltr' id='par_1_3' title="bbox 237 365 1296 1028">
     <span class='ocr_line' id='line_1_3' title="bbox 294 365 1296 396; baseline -0.002 -1"><span class='ocrx_word' id='word_1_6' title='bbox 294 368 443 396; x_wconf 68' lang='lat' dir='ltr'>smopsm.</span> <span class='ocrx_word' id='word_1_7' title='bbox 460 383 495 387; x_wconf 97' lang='lat'><strong>—</strong></span> <span class='ocrx_word' id='word_1_8' title='bbox 516 375 539 394; x_wconf 84' lang='lat'>1.</span> <span class='ocrx_word' id='word_1_9' title='bbox 561 367 592 394; x_wconf 89' lang='lat' dir='ltr'>In</span> <span class='ocrx_word' id='word_1_10' title='bbox 613 366 778 394; x_wconf 81' lang='lat' dir='ltr'>alteratione</span> <span class='ocrx_word' id='word_1_11' title='bbox 800 366 870 394; x_wconf 85' lang='lat' dir='ltr'>nihil</span> <span class='ocrx_word' id='word_1_12' title='bbox 891 373 933 394; x_wconf 88' lang='lat' dir='ltr'>est</span> <span class='ocrx_word' id='word_1_13' title='bbox 954 366 1082 394; x_wconf 90' lang='lat' dir='ltr'>medium</span> <span class='ocrx_word' id='word_1_14' title='bbox 1103 365 1250 394; x_wconf 87' lang='lat' dir='ltr'>alterantis</span> <span class='ocrx_word' id='word_1_15' title='bbox 1269 372 1296 393; x_wconf 91' lang='lat' dir='ltr'>et</span> 
     </span>
     <span class='ocr_line' id='line_1_4' title="bbox 241 405 1296 442; baseline -0.004 -7"><span class='ocrx_word' id='word_1_16' title='bbox 241 406 358 435; x_wconf 86' lang='lat' dir='ltr'>alterati.</span> <span class='ocrx_word' id='word_1_17' title='bbox 381 407 522 434; x_wconf 87' lang='lat' dir='ltr'>Probatur</span> <span class='ocrx_word' id='word_1_18' title='bbox 535 406 629 442; x_wconf 83' lang='lat' dir='ltr'>primo</span> <span class='ocrx_word' id='word_1_19' title='bbox 644 405 818 440; x_wconf 89' lang='lat' dir='ltr'>inductione,</span> <span class='ocrx_word' id='word_1_20' title='bbox 833 415 866 433; x_wconf 89' lang='lat' dir='ltr'>ex</span> <span class='ocrx_word' id='word_1_21' title='bbox 881 415 938 442; x_wconf 92' lang='lat' dir='ltr'>qua</span> <span class='ocrx_word' id='word_1_22' title='bbox 952 405 1133 434; x_wconf 85' lang='lat' dir='ltr'>manifestum</span> <span class='ocrx_word' id='word_1_23' title='bbox 1155 411 1196 433; x_wconf 86' lang='lat' dir='ltr'>est</span> <span class='ocrx_word' id='word_1_24' title='bbox 1217 405 1296 441; x_wconf 92' lang='lat' dir='ltr'>quod</span> 
     </span>
     <span class='ocr_line' id='line_1_5' title="bbox 240 443 1296 480; baseline -0.002 -7"><span class='ocrx_word' id='word_1_25' title='bbox 240 445 270 473; x_wconf 90' lang='lat' dir='ltr'>in</span> <span class='ocrx_word' id='word_1_26' title='bbox 291 445 372 473; x_wconf 89' lang='lat' dir='ltr'>omni</span> <span class='ocrx_word' id='word_1_27' title='bbox 393 445 560 473; x_wconf 85' lang='lat' dir='ltr'>alteratione</span> <span class='ocrx_word' id='word_1_28' title='bbox 581 445 665 472; x_wconf 88' lang='lat' dir='ltr'>simul</span> <span class='ocrx_word' id='word_1_29' title='bbox 687 450 753 472; x_wconf 92' lang='lat' dir='ltr'>sunt</span> <span class='ocrx_word' id='word_1_30' title='bbox 766 445 899 472; x_wconf 86' lang='lat' dir='ltr'>ultimum</span> <span class='ocrx_word' id='word_1_31' title='bbox 918 445 1040 473; x_wconf 86' lang='lat' dir='ltr'>alterans</span> <span class='ocrx_word' id='word_1_32' title='bbox 1062 451 1090 472; x_wconf 92' lang='lat' dir='ltr'>et</span> <span class='ocrx_word' id='word_1_33' title='bbox 1109 443 1235 480; x_wconf 87' lang='lat' dir='ltr'>primum</span> <span class='ocrx_word' id='word_1_34' title='bbox 1256 444 1296 471; x_wconf 88' lang='lat' dir='ltr'>al-</span> 
     </span>
     <span class='ocr_line' id='line_1_6' title="bbox 239 484 1296 520; baseline -0.002 -8"><span class='ocrx_word' id='word_1_35' title='bbox 239 490 371 512; x_wconf 87' lang='lat' dir='ltr'>teratum.</span> <span class='ocrx_word' id='word_1_36' title='bbox 386 500 406 505; x_wconf 92' lang='lat'>-</span> <span class='ocrx_word' id='word_1_37' title='bbox 420 484 586 513; x_wconf 88' lang='lat' dir='ltr'>Excluditur</span> <span class='ocrx_word' id='word_1_38' title='bbox 606 484 740 512; x_wconf 88' lang='lat' dir='ltr'>instantia</span> <span class='ocrx_word' id='word_1_39' title='bbox 767 485 918 520; x_wconf 85' lang='lat' dir='ltr'>quaedam.</span> <span class='ocrx_word' id='word_1_40' title='bbox 940 501 960 506; x_wconf 89' lang='lat'>—</span> <span class='ocrx_word' id='word_1_41' title='bbox 981 491 1008 511; x_wconf 87' lang='lat'>2.</span> <span class='ocrx_word' id='word_1_42' title='bbox 1034 484 1175 511; x_wconf 84' lang='lat' dir='ltr'>Probatur</span> <span class='ocrx_word' id='word_1_43' title='bbox 1195 492 1296 510; x_wconf 88' lang='lat' dir='ltr'>secun-</span> 
     </span>
     <span class='ocr_line' id='line_1_7' title="bbox 238 521 1295 560; baseline -0.003 -8"><span class='ocrx_word' id='word_1_44' title='bbox 238 524 280 553; x_wconf 75' lang='lat' dir='ltr'>do</span> <span class='ocrx_word' id='word_1_45' title='bbox 295 523 414 552; x_wconf 87' lang='lat' dir='ltr'>ratione.</span> <span class='ocrx_word' id='word_1_46' title='bbox 436 523 539 552; x_wconf 90' lang='lat' dir='ltr'>Omnis</span> <span class='ocrx_word' id='word_1_47' title='bbox 554 533 710 560; x_wconf 90' lang='lat' dir='ltr'>corporum</span> <span class='ocrx_word' id='word_1_48' title='bbox 730 523 859 551; x_wconf 85' lang='lat' dir='ltr'>alteratio</span> <span class='ocrx_word' id='word_1_49' title='bbox 874 529 916 551; x_wconf 88' lang='lat' dir='ltr'>est</span> <span class='ocrx_word' id='word_1_50' title='bbox 930 523 1029 551; x_wconf 88' lang='lat' dir='ltr'>similis</span> <span class='ocrx_word' id='word_1_51' title='bbox 1046 521 1207 550; x_wconf 86' lang='lat' dir='ltr'>alterationi</span> <span class='ocrx_word' id='word_1_52' title='bbox 1222 530 1295 558; x_wconf 91' lang='lat' dir='ltr'>quae</span> 
     </span>
     <span class='ocr_line' id='line_1_8' title="bbox 241 562 1296 598; baseline -0.003 -7"><span class='ocrx_word' id='word_1_53' title='bbox 241 562 273 590; x_wconf 85' lang='lat' dir='ltr'>fit</span> <span class='ocrx_word' id='word_1_54' title='bbox 299 564 458 591; x_wconf 88' lang='lat' dir='ltr'>secundum</span> <span class='ocrx_word' id='word_1_55' title='bbox 486 572 618 598; x_wconf 87' lang='lat' dir='ltr'>sensum;</span> <span class='ocrx_word' id='word_1_56' title='bbox 643 563 694 590; x_wconf 92' lang='lat' dir='ltr'>sed</span> <span class='ocrx_word' id='word_1_57' title='bbox 721 562 750 590; x_wconf 90' lang='lat' dir='ltr'>in</span> <span class='ocrx_word' id='word_1_58' title='bbox 778 562 831 590; x_wconf 89' lang='lat' dir='ltr'>ista</span> <span class='ocrx_word' id='word_1_59' title='bbox 858 562 980 590; x_wconf 86' lang='lat' dir='ltr'>alterans</span> <span class='ocrx_word' id='word_1_60' title='bbox 1004 568 1031 589; x_wconf 90' lang='lat' dir='ltr'>et</span> <span class='ocrx_word' id='word_1_61' title='bbox 1046 562 1201 589; x_wconf 80' lang='lat' dir='ltr'>alteratum</span> <span class='ocrx_word' id='word_1_62' title='bbox 1230 567 1296 588; x_wconf 89' lang='lat' dir='ltr'>sunt</span> 
     </span>
     <span class='ocr_line' id='line_1_9' title="bbox 238 600 1294 639; baseline -0.003 -9"><span class='ocrx_word' id='word_1_63' title='bbox 238 601 341 638; x_wconf 81' lang='lat' dir='ltr'>simul;</span> <span class='ocrx_word' id='word_1_64' title='bbox 371 611 439 639; x_wconf 88' lang='lat' dir='ltr'>ergo</span> <span class='ocrx_word' id='word_1_65' title='bbox 461 609 488 630; x_wconf 91' lang='lat' dir='ltr'>et</span> <span class='ocrx_word' id='word_1_66' title='bbox 509 602 538 630; x_wconf 93' lang='lat' dir='ltr'>in</span> <span class='ocrx_word' id='word_1_67' title='bbox 559 602 686 638; x_wconf 89' lang='lat' dir='ltr'>qualibet</span> <span class='ocrx_word' id='word_1_68' title='bbox 706 601 760 629; x_wconf 87' lang='lat' dir='ltr'>alia</span> <span class='ocrx_word' id='word_1_69' title='bbox 785 601 960 629; x_wconf 87' lang='lat' dir='ltr'>alteratione.</span> <span class='ocrx_word' id='word_1_70' title='bbox 982 601 1067 628; x_wconf 89' lang='lat' dir='ltr'>Prob.</span> <span class='ocrx_word' id='word_1_71' title='bbox 1097 600 1198 628; x_wconf 88' lang='lat' dir='ltr'>maior.</span> <span class='ocrx_word' id='word_1_72' title='bbox 1223 600 1294 627; x_wconf 91' lang='lat' dir='ltr'>Cor-</span> 
     </span>
     <span class='ocr_line' id='line_1_10' title="bbox 239 639 1294 677; baseline -0.003 -8"><span class='ocrx_word' id='word_1_73' title='bbox 239 650 313 677; x_wconf 83' lang='lat' dir='ltr'>pora</span> <span class='ocrx_word' id='word_1_74' title='bbox 332 642 487 669; x_wconf 84' lang='lat' dir='ltr'>alterantur</span> <span class='ocrx_word' id='word_1_75' title='bbox 510 642 669 670; x_wconf 85' lang='lat' dir='ltr'>secundum</span> <span class='ocrx_word' id='word_1_76' title='bbox 689 641 750 675; x_wconf 84' lang='lat' dir='ltr'>illa,</span> <span class='ocrx_word' id='word_1_77' title='bbox 772 640 876 677; x_wconf 89' lang='lat' dir='ltr'>quibus</span> <span class='ocrx_word' id='word_1_78' title='bbox 895 639 990 676; x_wconf 86' lang='lat' dir='ltr'>primo</span> <span class='ocrx_word' id='word_1_79' title='bbox 1011 639 1146 667; x_wconf 88' lang='lat' dir='ltr'>differunt</span> <span class='ocrx_word' id='word_1_80' title='bbox 1166 639 1202 667; x_wconf 91' lang='lat' dir='ltr'>ab</span> <span class='ocrx_word' id='word_1_81' title='bbox 1223 639 1294 666; x_wconf 90' lang='lat' dir='ltr'>invi-</span> 
     </span>
     <span class='ocr_line' id='line_1_11' title="bbox 240 678 1294 717; baseline -0.003 -9"><span class='ocrx_word' id='word_1_82' title='bbox 240 689 312 715; x_wconf 89' lang='lat' dir='ltr'>cem,</span> <span class='ocrx_word' id='word_1_83' title='bbox 327 681 383 709; x_wconf 87' lang='lat' dir='ltr'>hoc</span> <span class='ocrx_word' id='word_1_84' title='bbox 397 687 439 708; x_wconf 88' lang='lat' dir='ltr'>est</span> <span class='ocrx_word' id='word_1_85' title='bbox 454 681 611 709; x_wconf 89' lang='lat' dir='ltr'>secundum</span> <span class='ocrx_word' id='word_1_86' title='bbox 632 680 782 717; x_wconf 82' lang='lat' dir='ltr'>qualitates</span> <span class='ocrx_word' id='word_1_87' title='bbox 795 679 944 707; x_wconf 78' lang='lat' dir='ltr'>sensibiles</span> <span class='ocrx_word' id='word_1_88' title='bbox 965 678 1168 706; x_wconf 85' lang='lat' dir='ltr'>constituentes</span> <span class='ocrx_word' id='word_1_89' title='bbox 1182 678 1294 706; x_wconf 88' lang='lat' dir='ltr'>tertiam</span> 
     </span>
     <span class='ocr_line' id='line_1_12' title="bbox 240 718 1294 757; baseline -0.004 -9"><span class='ocrx_word' id='word_1_90' title='bbox 240 719 364 755; x_wconf 88' lang='lat' dir='ltr'>speciem</span> <span class='ocrx_word' id='word_1_91' title='bbox 386 720 537 757; x_wconf 85' lang='lat' dir='ltr'>qualitatis,</span> <span class='ocrx_word' id='word_1_92' title='bbox 563 728 636 756; x_wconf 89' lang='lat' dir='ltr'>quae</span> <span class='ocrx_word' id='word_1_93' title='bbox 657 725 796 746; x_wconf 81' lang='lat' dir='ltr'>vocantur</span> <span class='ocrx_word' id='word_1_94' title='bbox 811 718 971 755; x_wconf 78' lang='lat' dir='ltr'>passiones,</span> <span class='ocrx_word' id='word_1_95' title='bbox 993 723 1021 745; x_wconf 92' lang='lat' dir='ltr'>et</span> <span class='ocrx_word' id='word_1_96' title='bbox 1041 718 1199 745; x_wconf 88' lang='lat' dir='ltr'>secundum</span> <span class='ocrx_word' id='word_1_97' title='bbox 1223 726 1294 754; x_wconf 88' lang='lat' dir='ltr'>quas</span> 
     </span>
     <span class='ocr_line' id='line_1_13' title="bbox 240 756 1295 793; baseline -0.002 -7"><span class='ocrx_word' id='word_1_98' title='bbox 240 766 340 786; x_wconf 90' lang='lat' dir='ltr'>sensus</span> <span class='ocrx_word' id='word_1_99' title='bbox 367 759 531 787; x_wconf 86' lang='lat' dir='ltr'>alterantur.</span> <span class='ocrx_word' id='word_1_100' title='bbox 560 759 725 786; x_wconf 89' lang='lat' dir='ltr'>Secundum</span> <span class='ocrx_word' id='word_1_101' title='bbox 748 762 844 785; x_wconf 87' lang='lat' dir='ltr'>autem</span> <span class='ocrx_word' id='word_1_102' title='bbox 869 765 971 784; x_wconf 90' lang='lat' dir='ltr'>omnes</span> <span class='ocrx_word' id='word_1_103' title='bbox 999 757 1059 784; x_wconf 86' lang='lat' dir='ltr'>illas</span> <span class='ocrx_word' id='word_1_104' title='bbox 1081 756 1244 793; x_wconf 85' lang='lat' dir='ltr'>qualitates,</span> <span class='ocrx_word' id='word_1_105' title='bbox 1268 763 1295 784; x_wconf 88' lang='lat' dir='ltr'>et</span> 
     </span>
     <span class='ocr_line' id='line_1_14' title="bbox 239 796 1294 832; baseline -0.003 -6"><span class='ocrx_word' id='word_1_106' title='bbox 239 799 398 826; x_wconf 84' lang='lat' dir='ltr'>secundum</span> <span class='ocrx_word' id='word_1_107' title='bbox 419 807 521 826; x_wconf 87' lang='lat' dir='ltr'>omnes</span> <span class='ocrx_word' id='word_1_108' title='bbox 541 797 605 825; x_wconf 88' lang='lat' dir='ltr'>illos</span> <span class='ocrx_word' id='word_1_109' title='bbox 631 802 728 824; x_wconf 87' lang='lat' dir='ltr'>motus</span> <span class='ocrx_word' id='word_1_110' title='bbox 753 796 857 832; x_wconf 92' lang='lat' dir='ltr'>quibus</span> <span class='ocrx_word' id='word_1_111' title='bbox 879 796 1034 823; x_wconf 85' lang='lat' dir='ltr'>alterantur</span> <span class='ocrx_word' id='word_1_112' title='bbox 1055 805 1178 832; x_wconf 88' lang='lat' dir='ltr'>corpora</span> <span class='ocrx_word' id='word_1_113' title='bbox 1203 796 1294 823; x_wconf 91' lang='lat' dir='ltr'>inani-</span> 
     </span>
     <span class='ocr_line' id='line_1_15' title="bbox 239 835 1293 872; baseline -0.001 -8"><span class='ocrx_word' id='word_1_114' title='bbox 239 843 330 872; x_wconf 86' lang='lat' dir='ltr'>mata,</span> <span class='ocrx_word' id='word_1_115' title='bbox 358 837 514 866; x_wconf 81' lang='lat' dir='ltr'>alterantur</span> <span class='ocrx_word' id='word_1_116' title='bbox 533 836 618 864; x_wconf 87' lang='lat' dir='ltr'>etiam</span> <span class='ocrx_word' id='word_1_117' title='bbox 640 844 762 871; x_wconf 84' lang='lat' dir='ltr'>corpora</span> <span class='ocrx_word' id='word_1_118' title='bbox 788 835 930 869; x_wconf 78' lang='lat' dir='ltr'>animata-3</span> <span class='ocrx_word' id='word_1_119' title='bbox 958 836 1008 863; x_wconf 88' lang='lat' dir='ltr'>sed</span> <span class='ocrx_word' id='word_1_120' title='bbox 1029 844 1090 863; x_wconf 89' lang='lat' dir='ltr'>non</span> <span class='ocrx_word' id='word_1_121' title='bbox 1107 845 1122 863; x_wconf 90' lang='lat' dir='ltr'>e</span> <span class='ocrx_word' id='word_1_122' title='bbox 1139 844 1293 870; x_wconf 86' lang='lat' dir='ltr'>convers0,</span> 
     </span>
     <span class='ocr_line' id='line_1_16' title="bbox 239 874 1294 912; baseline -0.002 -8"><span class='ocrx_word' id='word_1_123' title='bbox 239 876 307 912; x_wconf 88' lang='lat' dir='ltr'>quia</span> <span class='ocrx_word' id='word_1_124' title='bbox 327 875 357 904; x_wconf 92' lang='lat' dir='ltr'>in</span> <span class='ocrx_word' id='word_1_125' title='bbox 379 875 547 912; x_wconf 81' lang='lat' dir='ltr'>corporibus</span> <span class='ocrx_word' id='word_1_126' title='bbox 570 874 702 902; x_wconf 90' lang='lat' dir='ltr'>animatis</span> <span class='ocrx_word' id='word_1_127' title='bbox 726 874 868 902; x_wconf 88' lang='lat' dir='ltr'>invenitur</span> <span class='ocrx_word' id='word_1_128' title='bbox 894 874 1023 902; x_wconf 89' lang='lat' dir='ltr'>alteratio</span> <span class='ocrx_word' id='word_1_129' title='bbox 1048 875 1207 902; x_wconf 87' lang='lat' dir='ltr'>secundum</span> <span class='ocrx_word' id='word_1_130' title='bbox 1229 884 1294 902; x_wconf 84' lang='lat' dir='ltr'>sen-</span> 
     </span>
     <span class='ocr_line' id='line_1_17' title="bbox 238 913 1293 951; baseline -0.002 -8"><span class='ocrx_word' id='word_1_131' title='bbox 238 924 311 950; x_wconf 90' lang='lat' dir='ltr'>sum,</span> <span class='ocrx_word' id='word_1_132' title='bbox 334 923 407 951; x_wconf 82' lang='lat' dir='ltr'>quae</span> <span class='ocrx_word' id='word_1_133' title='bbox 428 914 458 942; x_wconf 91' lang='lat' dir='ltr'>in</span> <span class='ocrx_word' id='word_1_134' title='bbox 471 915 556 942; x_wconf 90' lang='lat' dir='ltr'>rebus</span> <span class='ocrx_word' id='word_1_135' title='bbox 576 913 739 941; x_wconf 87' lang='lat' dir='ltr'>inanimatis</span> <span class='ocrx_word' id='word_1_136' title='bbox 760 922 820 941; x_wconf 90' lang='lat' dir='ltr'>non</span> <span class='ocrx_word' id='word_1_137' title='bbox 841 913 995 941; x_wconf 89' lang='lat' dir='ltr'>invenitur:</span> <span class='ocrx_word' id='word_1_138' title='bbox 1018 922 1086 950; x_wconf 89' lang='lat' dir='ltr'>ergo</span> <span class='ocrx_word' id='word_1_139' title='bbox 1108 914 1203 942; x_wconf 90' lang='lat' dir='ltr'>omnis</span> <span class='ocrx_word' id='word_1_140' title='bbox 1224 914 1293 941; x_wconf 87' lang='lat' dir='ltr'>alte-</span> 
     </span>
     <span class='ocr_line' id='line_1_18' title="bbox 238 952 1295 989; baseline -0.001 -8"><span class='ocrx_word' id='word_1_141' title='bbox 238 953 311 982; x_wconf 84' lang='lat' dir='ltr'>ratio</span> <span class='ocrx_word' id='word_1_142' title='bbox 339 962 494 989; x_wconf 86' lang='lat' dir='ltr'>corporum</span> <span class='ocrx_word' id='word_1_143' title='bbox 521 959 564 980; x_wconf 87' lang='lat' dir='ltr'>est</span> <span class='ocrx_word' id='word_1_144' title='bbox 590 961 642 989; x_wconf 88' lang='lat' dir='ltr'>per</span> <span class='ocrx_word' id='word_1_145' title='bbox 668 953 784 980; x_wconf 88' lang='lat' dir='ltr'>easdem</span> <span class='ocrx_word' id='word_1_146' title='bbox 811 952 978 988; x_wconf 80' lang='lat' dir='ltr'>passiones,</span> <span class='ocrx_word' id='word_1_147' title='bbox 1009 953 1112 989; x_wconf 88' lang='lat' dir='ltr'>quibus</span> <span class='ocrx_word' id='word_1_148' title='bbox 1140 954 1295 981; x_wconf 78' lang='lat' dir='ltr'>alterantur</span> 
     </span>
     <span class='ocr_line' id='line_1_19' title="bbox 237 991 1294 1028; baseline -0.001 -8"><span class='ocrx_word' id='word_1_149' title='bbox 237 1001 347 1021; x_wconf 83' lang='lat' dir='ltr'>sensus.</span> <span class='ocrx_word' id='word_1_150' title='bbox 371 993 455 1020; x_wconf 88' lang='lat' dir='ltr'>Unde</span> <span class='ocrx_word' id='word_1_151' title='bbox 478 992 501 1020; x_wconf 90' lang='lat' dir='ltr'>si</span> <span class='ocrx_word' id='word_1_152' title='bbox 524 991 672 1028; x_wconf 83' lang='lat' dir='ltr'>passiones</span> <span class='ocrx_word' id='word_1_153' title='bbox 695 1001 832 1020; x_wconf 88' lang='lat' dir='ltr'>sensuum</span> <span class='ocrx_word' id='word_1_154' title='bbox 856 997 922 1019; x_wconf 90' lang='lat' dir='ltr'>sunt</span> <span class='ocrx_word' id='word_1_155' title='bbox 944 992 1030 1027; x_wconf 90' lang='lat' dir='ltr'>tales,</span> <span class='ocrx_word' id='word_1_156' title='bbox 1059 993 1140 1028; x_wconf 90' lang='lat' dir='ltr'>quod</span> <span class='ocrx_word' id='word_1_157' title='bbox 1167 991 1238 1020; x_wconf 85' lang='lat' dir='ltr'>nihil</span> <span class='ocrx_word' id='word_1_158' title='bbox 1265 992 1294 1019; x_wconf 91' lang='lat' dir='ltr'>in</span> 
     </span>
    </p>
   </div>
   <div class='ocr_carea' id='block_1_4' title="bbox 290 1101 499 1301">
    <p class='ocr_par' dir='ltr' id='par_1_4' title="bbox 290 1101 499 1301">
     <span class='ocr_line' id='line_1_20' title="bbox 290 1101 499 1301; baseline 0 2695"><span class='ocrx_word' id='word_1_159' title='bbox 290 1101 499 1301; x_wconf 95' lang='lat' dir='ltr'> </span> 
     </span>
    </p>
   </div>
   <div class='ocr_carea' id='block_1_5' title="bbox 188 1201 1295 2666">
    <p class='ocr_par' dir='ltr' id='par_1_5' title="bbox 382 1201 1294 1257">
     <span class='ocr_line' id='line_1_21' title="bbox 382 1201 1294 1257; baseline 0 -19"><span class='ocrx_word' id='word_1_160' title='bbox 382 1246 390 1257; x_wconf 35' lang='lat' dir='ltr'><em>l</em></span> <span class='ocrx_word' id='word_1_161' title='bbox 446 1203 454 1219; x_wconf 66' lang='lat'>²</span> <span class='ocrx_word' id='word_1_162' title='bbox 473 1240 483 1249; x_wconf 27' lang='grc' dir='ltr'><strong><em>ί</em></strong></span> <span class='ocrx_word' id='word_1_163' title='bbox 501 1202 555 1239; x_wconf 89' lang='lat' dir='ltr'>dit</span> <span class='ocrx_word' id='word_1_164' title='bbox 571 1202 674 1238; x_wconf 89' lang='lat' dir='ltr'>idem</span> <span class='ocrx_word' id='word_1_165' title='bbox 702 1201 741 1238; x_wconf 92' lang='lat' dir='ltr'>in</span> <span class='ocrx_word' id='word_1_166' title='bbox 759 1201 991 1247; x_wconf 74' lang='lat' dir='ltr'>alterationet,</span> <span class='ocrx_word' id='word_1_167' title='bbox 1022 1202 1127 1250; x_wconf 91' lang='lat' dir='ltr'>quod</span> <span class='ocrx_word' id='word_1_168' title='bbox 1155 1201 1294 1238; x_wconf 90' lang='lat' dir='ltr'>scilicet</span> 
     </span>
    </p>

    <p class='ocr_par' dir='ltr' id='par_1_6' title="bbox 188 1252 1295 2244">
     <span class='ocr_line' id='line_1_22' title="bbox 387 1252 1292 1296; baseline 0 -6"><span class='ocrx_word' id='word_1_169' title='bbox 387 1283 393 1296; x_wconf 30' lang='grc' dir='ltr'>Χ</span> <span class='ocrx_word' id='word_1_170' title='bbox 444 1252 481 1282; x_wconf 53' lang='grc' dir='ltr'>ἵν’</span> <span class='ocrx_word' id='word_1_171' title='bbox 501 1254 590 1291; x_wconf 90' lang='lat' dir='ltr'>nihil</span> <span class='ocrx_word' id='word_1_172' title='bbox 610 1262 665 1291; x_wconf 91' lang='lat' dir='ltr'>est</span> <span class='ocrx_word' id='word_1_173' title='bbox 683 1254 852 1291; x_wconf 88' lang='lat' dir='ltr'>medium</span> <span class='ocrx_word' id='word_1_174' title='bbox 878 1254 1065 1290; x_wconf 89' lang='lat' dir='ltr'>alterantis</span> <span class='ocrx_word' id='word_1_175' title='bbox 1085 1262 1121 1290; x_wconf 89' lang='lat' dir='ltr'>et</span> <span class='ocrx_word' id='word_1_176' title='bbox 1140 1254 1292 1291; x_wconf 86' lang='lat' dir='ltr'>alterati.</span> 
     </span>
     <span class='ocr_line' id='line_1_23' title="bbox 237 1306 1293 1356; baseline 0.001 -14"><span class='ocrx_word' id='word_1_177' title='bbox 237 1307 286 1342; x_wconf 93' lang='lat' dir='ltr'>Et</span> <span class='ocrx_word' id='word_1_178' title='bbox 312 1307 387 1343; x_wconf 94' lang='lat' dir='ltr'>hoc</span> <span class='ocrx_word' id='word_1_179' title='bbox 408 1307 544 1356; x_wconf 90' lang='lat' dir='ltr'>probat</span> <span class='ocrx_word' id='word_1_180' title='bbox 571 1307 694 1354; x_wconf 89' lang='lat' dir='ltr'>primo</span> <span class='ocrx_word' id='word_1_181' title='bbox 714 1319 783 1355; x_wconf 91' lang='lat' dir='ltr'>per</span> <span class='ocrx_word' id='word_1_182' title='bbox 809 1306 1079 1343; x_wconf 86' lang='lat' dir='ltr'>inductionem.</span> <span class='ocrx_word' id='word_1_183' title='bbox 1101 1308 1143 1343; x_wconf 90' lang='lat' dir='ltr'>In</span> <span class='ocrx_word' id='word_1_184' title='bbox 1172 1307 1293 1343; x_wconf 89' lang='lat' dir='ltr'>omni-</span> 
     </span>
     <span class='ocr_line' id='line_1_24' title="bbox 235 1359 1294 1407; baseline 0.001 -12"><span class='ocrx_word' id='word_1_185' title='bbox 235 1359 307 1395; x_wconf 91' lang='lat' dir='ltr'>bus</span> <span class='ocrx_word' id='word_1_186' title='bbox 336 1359 438 1396; x_wconf 88' lang='lat' dir='ltr'>enim</span> <span class='ocrx_word' id='word_1_187' title='bbox 467 1371 565 1407; x_wconf 89' lang='lat' dir='ltr'>quae</span> <span class='ocrx_word' id='word_1_188' title='bbox 593 1360 806 1405; x_wconf 87' lang='lat' dir='ltr'>alterantur,</span> <span class='ocrx_word' id='word_1_189' title='bbox 835 1359 1078 1395; x_wconf 89' lang='lat' dir='ltr'>manifestum</span> <span class='ocrx_word' id='word_1_190' title='bbox 1107 1367 1161 1396; x_wconf 91' lang='lat' dir='ltr'>est</span> <span class='ocrx_word' id='word_1_191' title='bbox 1189 1360 1294 1407; x_wconf 91' lang='lat' dir='ltr'>quod</span> 
     </span>
     <span class='ocr_line' id='line_1_25' title="bbox 236 1411 1293 1460; baseline 0.001 -13"><span class='ocrx_word' id='word_1_192' title='bbox 236 1411 348 1448; x_wconf 88' lang='lat' dir='ltr'>simul</span> <span class='ocrx_word' id='word_1_193' title='bbox 376 1419 462 1449; x_wconf 91' lang='lat' dir='ltr'>sunt</span> <span class='ocrx_word' id='word_1_194' title='bbox 490 1411 665 1448; x_wconf 88' lang='lat' dir='ltr'>ultimum</span> <span class='ocrx_word' id='word_1_195' title='bbox 702 1412 862 1448; x_wconf 85' lang='lat' dir='ltr'>alterans</span> <span class='ocrx_word' id='word_1_196' title='bbox 891 1419 927 1448; x_wconf 92' lang='lat' dir='ltr'>et</span> <span class='ocrx_word' id='word_1_197' title='bbox 957 1411 1125 1460; x_wconf 89' lang='lat' dir='ltr'>primum</span> <span class='ocrx_word' id='word_1_198' title='bbox 1163 1413 1293 1449; x_wconf 90' lang='lat' dir='ltr'>altera-</span> 
     </span>
     <span class='ocr_line' id='line_1_26' title="bbox 235 1464 1293 1501; baseline 0.001 -1"><span class='ocrx_word' id='word_1_199' title='bbox 235 1470 329 1500; x_wconf 88' lang='lat' dir='ltr'>tum.</span> <span class='ocrx_word' id='word_1_200' title='bbox 355 1485 379 1491; x_wconf 99' lang='lat'>-</span> <span class='ocrx_word' id='word_1_201' title='bbox 400 1464 559 1501; x_wconf 91' lang='lat' dir='ltr'>Videtur</span> <span class='ocrx_word' id='word_1_202' title='bbox 586 1471 715 1500; x_wconf 90' lang='lat' dir='ltr'>autem</span> <span class='ocrx_word' id='word_1_203' title='bbox 742 1465 817 1500; x_wconf 93' lang='lat' dir='ltr'>hoc</span> <span class='ocrx_word' id='word_1_204' title='bbox 842 1465 984 1500; x_wconf 89' lang='lat' dir='ltr'>habere</span> <span class='ocrx_word' id='word_1_205' title='bbox 1013 1464 1227 1501; x_wconf 87' lang='lat' dir='ltr'>instantiam</span> <span class='ocrx_word' id='word_1_206' title='bbox 1255 1465 1293 1501; x_wconf 90' lang='lat' dir='ltr'>in</span> 
     </span>
     <span class='ocr_line' id='line_1_27' title="bbox 236 1516 1295 1564; baseline 0.002 -12"><span class='ocrx_word' id='word_1_207' title='bbox 236 1516 467 1564; x_wconf 88' lang='lat' dir='ltr'>quibusdam</span> <span class='ocrx_word' id='word_1_208' title='bbox 484 1518 502 1538; x_wconf 86' lang='grc'><em>*</em></span> <span class='ocrx_word' id='word_1_209' title='bbox 519 1516 814 1553; x_wconf 86' lang='lat' dir='ltr'>alterationibus:</span> <span class='ocrx_word' id='word_1_210' title='bbox 839 1516 934 1553; x_wconf 84' lang='lat' dir='ltr'>sicut</span> <span class='ocrx_word' id='word_1_211' title='bbox 953 1529 1041 1553; x_wconf 91' lang='lat' dir='ltr'>cum</span> <span class='ocrx_word' id='word_1_212' title='bbox 1056 1518 1112 1554; x_wconf 94' lang='lat' dir='ltr'>sol</span> <span class='ocrx_word' id='word_1_213' title='bbox 1128 1517 1295 1554; x_wconf 87' lang='lat' dir='ltr'>calefacit</span> 
     </span>
     <span class='ocr_line' id='line_1_28' title="bbox 188 1564 1294 1619; baseline 0.002 -15"><span class='ocrx_word' id='word_1_214' title='bbox 188 1564 194 1570; x_wconf 80' lang='grc'><em>’</em></span> <span class='ocrx_word' id='word_1_215' title='bbox 236 1580 364 1606; x_wconf 82' lang='lat' dir='ltr'>aerem</span> <span class='ocrx_word' id='word_1_216' title='bbox 384 1569 464 1606; x_wconf 91' lang='lat' dir='ltr'>sine</span> <span class='ocrx_word' id='word_1_217' title='bbox 483 1570 558 1606; x_wconf 92' lang='lat' dir='ltr'>hoc</span> <span class='ocrx_word' id='word_1_218' title='bbox 577 1569 681 1617; x_wconf 90' lang='lat' dir='ltr'>quod</span> <span class='ocrx_word' id='word_1_219' title='bbox 710 1569 900 1605; x_wconf 88' lang='lat' dir='ltr'>calefaciat</span> <span class='ocrx_word' id='word_1_220' title='bbox 918 1570 1030 1606; x_wconf 92' lang='lat' dir='ltr'>orbes</span> <span class='ocrx_word' id='word_1_221' title='bbox 1050 1569 1198 1606; x_wconf 86' lang='lat' dir='ltr'>medios</span> <span class='ocrx_word' id='word_1_222' title='bbox 1216 1571 1294 1619; x_wconf 89' lang='lat' dir='ltr'>pla-</span> 
     </span>
     <span class='ocr_line' id='line_1_29' title="bbox 235 1621 1294 1670; baseline 0.002 -13"><span class='ocrx_word' id='word_1_223' title='bbox 235 1628 426 1667; x_wconf 89' lang='lat' dir='ltr'>netarum;</span> <span class='ocrx_word' id='word_1_224' title='bbox 458 1629 494 1658; x_wconf 90' lang='lat' dir='ltr'>et</span> <span class='ocrx_word' id='word_1_225' title='bbox 519 1621 631 1669; x_wconf 90' lang='lat' dir='ltr'>piscis</span> <span class='ocrx_word' id='word_1_226' title='bbox 651 1621 806 1670; x_wconf 87' lang='lat' dir='ltr'>quidam</span> <span class='ocrx_word' id='word_1_227' title='bbox 830 1621 868 1658; x_wconf 91' lang='lat' dir='ltr'>in</span> <span class='ocrx_word' id='word_1_228' title='bbox 889 1621 956 1658; x_wconf 88' lang='lat' dir='ltr'>reti</span> <span class='ocrx_word' id='word_1_229' title='bbox 974 1622 994 1643; x_wconf 75' lang='lat'><em>*</em></span> <span class='ocrx_word' id='word_1_230' title='bbox 1013 1623 1196 1670; x_wconf 83' lang='lat' dir='ltr'>detentus,</span> <span class='ocrx_word' id='word_1_231' title='bbox 1218 1630 1294 1659; x_wconf 91' lang='lat' dir='ltr'>stu-</span> 
     </span>
     <span class='ocr_line' id='line_1_30' title="bbox 234 1673 1292 1723; baseline 0.002 -13"><span class='ocrx_word' id='word_1_232' title='bbox 234 1673 372 1722; x_wconf 86' lang='lat' dir='ltr'>pefacit</span> <span class='ocrx_word' id='word_1_233' title='bbox 399 1686 535 1711; x_wconf 89' lang='lat' dir='ltr'>manus</span> <span class='ocrx_word' id='word_1_234' title='bbox 573 1674 751 1710; x_wconf 90' lang='lat' dir='ltr'>trahentis</span> <span class='ocrx_word' id='word_1_235' title='bbox 779 1681 878 1719; x_wconf 91' lang='lat' dir='ltr'>rete,</span> <span class='ocrx_word' id='word_1_236' title='bbox 908 1675 1051 1722; x_wconf 90' lang='lat' dir='ltr'>absque</span> <span class='ocrx_word' id='word_1_237' title='bbox 1085 1675 1160 1711; x_wconf 91' lang='lat' dir='ltr'>hoc</span> <span class='ocrx_word' id='word_1_238' title='bbox 1189 1676 1292 1723; x_wconf 92' lang='lat' dir='ltr'>quod</span> 
     </span>
     <span class='ocr_line' id='line_1_31' title="bbox 235 1726 1293 1775; baseline 0.001 -12"><span class='ocrx_word' id='word_1_239' title='bbox 235 1726 456 1774; x_wconf 88' lang='lat' dir='ltr'>stupefaciat</span> <span class='ocrx_word' id='word_1_240' title='bbox 487 1733 575 1763; x_wconf 85' lang='lat' dir='ltr'>rete.</span> <span class='ocrx_word' id='word_1_241' title='bbox 615 1727 690 1763; x_wconf 89' lang='lat' dir='ltr'>Sed</span> <span class='ocrx_word' id='word_1_242' title='bbox 721 1726 924 1763; x_wconf 89' lang='lat' dir='ltr'>dicendum</span> <span class='ocrx_word' id='word_1_243' title='bbox 954 1734 1009 1762; x_wconf 90' lang='lat' dir='ltr'>est</span> <span class='ocrx_word' id='word_1_244' title='bbox 1036 1727 1141 1774; x_wconf 91' lang='lat' dir='ltr'>quod</span> <span class='ocrx_word' id='word_1_245' title='bbox 1176 1728 1293 1775; x_wconf 90' lang='lat' dir='ltr'>passi-</span> 
     </span>
     <span class='ocr_line' id='line_1_32' title="bbox 233 1778 1292 1828; baseline 0.001 -13"><span class='ocrx_word' id='word_1_246' title='bbox 233 1790 285 1815; x_wconf 89' lang='lat' dir='ltr'>va</span> <span class='ocrx_word' id='word_1_247' title='bbox 304 1778 487 1827; x_wconf 91' lang='lat' dir='ltr'>recipiunt</span> <span class='ocrx_word' id='word_1_248' title='bbox 514 1779 702 1815; x_wconf 89' lang='lat' dir='ltr'>actionem</span> <span class='ocrx_word' id='word_1_249' title='bbox 731 1778 942 1815; x_wconf 87' lang='lat' dir='ltr'>activorum</span> <span class='ocrx_word' id='word_1_250' title='bbox 966 1779 1177 1816; x_wconf 90' lang='lat' dir='ltr'>secundum</span> <span class='ocrx_word' id='word_1_251' title='bbox 1205 1792 1292 1828; x_wconf 91' lang='lat' dir='ltr'>pro-</span> 
     </span>
     <span class='ocr_line' id='line_1_33' title="bbox 232 1831 1293 1879; baseline 0.001 -11"><span class='ocrx_word' id='word_1_252' title='bbox 232 1831 360 1879; x_wconf 89' lang='lat' dir='ltr'>prium</span> <span class='ocrx_word' id='word_1_253' title='bbox 397 1831 580 1876; x_wconf 82' lang='lat' dir='ltr'>modurn;</span> <span class='ocrx_word' id='word_1_254' title='bbox 610 1838 646 1868; x_wconf 91' lang='lat' dir='ltr'>et</span> <span class='ocrx_word' id='word_1_255' title='bbox 673 1831 758 1868; x_wconf 90' lang='lat' dir='ltr'>ideo</span> <span class='ocrx_word' id='word_1_256' title='bbox 788 1831 913 1868; x_wconf 90' lang='lat' dir='ltr'>media</span> <span class='ocrx_word' id='word_1_257' title='bbox 940 1843 1039 1878; x_wconf 90' lang='lat' dir='ltr'>quae</span> <span class='ocrx_word' id='word_1_258' title='bbox 1077 1839 1163 1868; x_wconf 90' lang='lat' dir='ltr'>sunt</span> <span class='ocrx_word' id='word_1_259' title='bbox 1198 1832 1293 1869; x_wconf 91' lang='lat' dir='ltr'>inter</span> 
     </span>
     <span class='ocr_line' id='line_1_34' title="bbox 231 1883 1292 1933; baseline 0.002 -13"><span class='ocrx_word' id='word_1_260' title='bbox 231 1883 400 1931; x_wconf 89' lang='lat' dir='ltr'>primum</span> <span class='ocrx_word' id='word_1_261' title='bbox 438 1885 598 1920; x_wconf 89' lang='lat' dir='ltr'>alterans</span> <span class='ocrx_word' id='word_1_262' title='bbox 627 1891 662 1920; x_wconf 90' lang='lat' dir='ltr'>et</span> <span class='ocrx_word' id='word_1_263' title='bbox 689 1883 865 1920; x_wconf 87' lang='lat' dir='ltr'>ultimum</span> <span class='ocrx_word' id='word_1_264' title='bbox 903 1883 1120 1931; x_wconf 86' lang='lat' dir='ltr'>alteratum,</span> <span class='ocrx_word' id='word_1_265' title='bbox 1150 1884 1292 1933; x_wconf 92' lang='lat' dir='ltr'>aliquid</span> 
     </span>
     <span class='ocr_line' id='line_1_35' title="bbox 231 1936 1290 1984; baseline 0.003 -12"><span class='ocrx_word' id='word_1_266' title='bbox 231 1936 424 1984; x_wconf 86' lang='lat' dir='ltr'>patiuntur</span> <span class='ocrx_word' id='word_1_267' title='bbox 442 1948 464 1972; x_wconf 91' lang='lat' dir='ltr'>a</span> <span class='ocrx_word' id='word_1_268' title='bbox 491 1936 616 1984; x_wconf 89' lang='lat' dir='ltr'>primo</span> <span class='ocrx_word' id='word_1_269' title='bbox 637 1936 826 1982; x_wconf 87' lang='lat' dir='ltr'>alterante,</span> <span class='ocrx_word' id='word_1_270' title='bbox 848 1936 914 1973; x_wconf 90' lang='lat' dir='ltr'>sed</span> <span class='ocrx_word' id='word_1_271' title='bbox 934 1936 1029 1973; x_wconf 91' lang='lat' dir='ltr'>forte</span> <span class='ocrx_word' id='word_1_272' title='bbox 1053 1949 1131 1973; x_wconf 91' lang='lat' dir='ltr'>non</span> <span class='ocrx_word' id='word_1_273' title='bbox 1151 1938 1290 1975; x_wconf 88' lang='lat' dir='ltr'>eodem</span> 
     </span>
     <span class='ocr_line' id='line_1_36' title="bbox 232 1989 1290 2039; baseline 0.003 -15"><span class='ocrx_word' id='word_1_274' title='bbox 232 1989 351 2025; x_wconf 89' lang='lat' dir='ltr'>modo</span> <span class='ocrx_word' id='word_1_275' title='bbox 381 1989 475 2025; x_wconf 90' lang='lat' dir='ltr'>sicut</span> <span class='ocrx_word' id='word_1_276' title='bbox 493 1989 668 2025; x_wconf 89' lang='lat' dir='ltr'>ultimum</span> <span class='ocrx_word' id='word_1_277' title='bbox 689 1989 896 2025; x_wconf 85' lang='lat' dir='ltr'>alteratum.</span> <span class='ocrx_word' id='word_1_278' title='bbox 922 1989 1075 2038; x_wconf 90' lang='lat' dir='ltr'>Aliquid</span> <span class='ocrx_word' id='word_1_279' title='bbox 1098 1990 1207 2037; x_wconf 86' lang='lat' dir='ltr'>igitur</span> <span class='ocrx_word' id='word_1_280' title='bbox 1225 2003 1290 2039; x_wconf 91' lang='lat' dir='ltr'>pa-</span> 
     </span>
     <span class='ocr_line' id='line_1_37' title="bbox 231 2040 1291 2092; baseline 0.003 -15"><span class='ocrx_word' id='word_1_281' title='bbox 231 2040 318 2090; x_wconf 86' lang='lat' dir='ltr'>titur</span> <span class='ocrx_word' id='word_1_282' title='bbox 346 2049 423 2078; x_wconf 91' lang='lat' dir='ltr'>rete</span> <span class='ocrx_word' id='word_1_283' title='bbox 452 2053 474 2077; x_wconf 92' lang='lat' dir='ltr'>a</span> <span class='ocrx_word' id='word_1_284' title='bbox 500 2041 603 2090; x_wconf 92' lang='lat' dir='ltr'>pisce</span> <span class='ocrx_word' id='word_1_285' title='bbox 632 2041 910 2089; x_wconf 86' lang='lat' dir='ltr'>stupefaciente,</span> <span class='ocrx_word' id='word_1_286' title='bbox 932 2042 999 2078; x_wconf 90' lang='lat' dir='ltr'>sed</span> <span class='ocrx_word' id='word_1_287' title='bbox 1022 2054 1101 2079; x_wconf 91' lang='lat' dir='ltr'>non</span> <span class='ocrx_word' id='word_1_288' title='bbox 1129 2044 1291 2092; x_wconf 86' lang='lat' dir='ltr'>stupefa-</span> 
     </span>
     <span class='ocr_line' id='line_1_38' title="bbox 233 2092 1289 2142; baseline 0.003 -12"><span class='ocrx_word' id='word_1_289' title='bbox 233 2093 415 2140; x_wconf 84' lang='lat' dir='ltr'>ctionem,</span> <span class='ocrx_word' id='word_1_290' title='bbox 444 2093 533 2141; x_wconf 84' lang='lat' dir='ltr'>quia</span> <span class='ocrx_word' id='word_1_291' title='bbox 562 2092 640 2130; x_wconf 90' lang='lat' dir='ltr'>eius</span> <span class='ocrx_word' id='word_1_292' title='bbox 669 2106 748 2130; x_wconf 91' lang='lat' dir='ltr'>non</span> <span class='ocrx_word' id='word_1_293' title='bbox 772 2101 827 2130; x_wconf 90' lang='lat' dir='ltr'>est</span> <span class='ocrx_word' id='word_1_294' title='bbox 855 2106 992 2142; x_wconf 83' lang='lat' dir='ltr'>capax:</span> <span class='ocrx_word' id='word_1_295' title='bbox 1014 2102 1051 2130; x_wconf 90' lang='lat' dir='ltr'>et</span> <span class='ocrx_word' id='word_1_296' title='bbox 1078 2095 1190 2132; x_wconf 89' lang='lat' dir='ltr'>orbes</span> <span class='ocrx_word' id='word_1_297' title='bbox 1210 2108 1289 2133; x_wconf 89' lang='lat' dir='ltr'>me-</span> 
     </span>
     <span class='ocr_line' id='line_1_39' title="bbox 233 2145 1291 2194; baseline 0.003 -12"><span class='ocrx_word' id='word_1_298' title='bbox 233 2145 283 2182; x_wconf 92' lang='lat' dir='ltr'>dii</span> <span class='ocrx_word' id='word_1_299' title='bbox 309 2146 546 2194; x_wconf 88' lang='lat' dir='ltr'>planetarum</span> <span class='ocrx_word' id='word_1_300' title='bbox 581 2146 720 2194; x_wconf 91' lang='lat' dir='ltr'>aliquid</span> <span class='ocrx_word' id='word_1_301' title='bbox 758 2145 941 2194; x_wconf 89' lang='lat' dir='ltr'>recipiunt</span> <span class='ocrx_word' id='word_1_302' title='bbox 974 2159 996 2183; x_wconf 91' lang='lat' dir='ltr'>a</span> <span class='ocrx_word' id='word_1_303' title='bbox 1023 2147 1122 2194; x_wconf 88' lang='lat' dir='ltr'>sole,</span> <span class='ocrx_word' id='word_1_304' title='bbox 1153 2149 1291 2185; x_wconf 90' lang='lat' dir='ltr'>scilicet</span> 
     </span>
     <span class='ocr_line' id='line_1_40' title="bbox 231 2198 834 2244; baseline 0 -10"><span class='ocrx_word' id='word_1_305' title='bbox 231 2198 372 2244; x_wconf 90' lang='lat' dir='ltr'>lumen,</span> <span class='ocrx_word' id='word_1_306' title='bbox 393 2210 472 2234; x_wconf 90' lang='lat' dir='ltr'>non</span> <span class='ocrx_word' id='word_1_307' title='bbox 500 2205 627 2234; x_wconf 91' lang='lat' dir='ltr'>autem</span> <span class='ocrx_word' id='word_1_308' title='bbox 657 2199 834 2235; x_wconf 90' lang='lat' dir='ltr'>calorem.</span> 
     </span>
    </p>

    <p class='ocr_par' dir='ltr' id='par_1_7' title="bbox 231 2250 1290 2666">
     <span class='ocr_line' id='line_1_41' title="bbox 287 2250 1289 2301; baseline 0.002 -14"><span class='ocrx_word' id='word_1_309' title='bbox 287 2262 322 2287; x_wconf 87' lang='lat'>2.</span> <span class='ocrx_word' id='word_1_310' title='bbox 344 2250 522 2287; x_wconf 88' lang='lat' dir='ltr'>Secundo</span> <span class='ocrx_word' id='word_1_311' title='bbox 542 2250 608 2287; x_wconf 87' lang='lat' dir='ltr'>ibi:</span> <span class='ocrx_word' id='word_1_312' title='bbox 634 2251 752 2292; x_wconf 85' lang='lat' dir='ltr'>Quale</span> <span class='ocrx_word' id='word_1_313' title='bbox 779 2251 876 2286; x_wconf 86' lang='lat' dir='ltr'>enim</span> <span class='ocrx_word' id='word_1_314' title='bbox 896 2251 1076 2288; x_wconf 87' lang='lat' dir='ltr'>alteratur</span> <span class='ocrx_word' id='word_1_315' title='bbox 1101 2260 1182 2298; x_wconf 85' lang='lat' dir='ltr'>etc.,</span> <span class='ocrx_word' id='word_1_316' title='bbox 1202 2266 1289 2301; x_wconf 90' lang='lat' dir='ltr'>pro—</span> 
     </span>
     <span class='ocr_line' id='line_1_42' title="bbox 232 2302 1289 2351; baseline 0.003 -12"><span class='ocrx_word' id='word_1_317' title='bbox 232 2302 296 2339; x_wconf 89' lang='lat' dir='ltr'>bat</span> <span class='ocrx_word' id='word_1_318' title='bbox 323 2302 425 2340; x_wconf 88' lang='lat' dir='ltr'>idem</span> <span class='ocrx_word' id='word_1_319' title='bbox 452 2315 520 2351; x_wconf 89' lang='lat' dir='ltr'>per</span> <span class='ocrx_word' id='word_1_320' title='bbox 539 2303 739 2339; x_wconf 89' lang='lat' dir='ltr'>rationem:</span> <span class='ocrx_word' id='word_1_321' title='bbox 770 2315 866 2351; x_wconf 89' lang='lat' dir='ltr'>quae</span> <span class='ocrx_word' id='word_1_322' title='bbox 885 2303 966 2339; x_wconf 91' lang='lat' dir='ltr'>talis</span> <span class='ocrx_word' id='word_1_323' title='bbox 996 2311 1060 2341; x_wconf 91' lang='lat' dir='ltr'>est.</span> <span class='ocrx_word' id='word_1_324' title='bbox 1083 2305 1220 2341; x_wconf 89' lang='lat' dir='ltr'>Omnis</span> <span class='ocrx_word' id='word_1_325' title='bbox 1240 2307 1289 2342; x_wconf 90' lang='lat' dir='ltr'>al-</span> 
     </span>
     <span class='ocr_line' id='line_1_43' title="bbox 231 2354 1288 2403; baseline 0.004 -12"><span class='ocrx_word' id='word_1_326' title='bbox 231 2354 362 2391; x_wconf 87' lang='lat' dir='ltr'>teratio</span> <span class='ocrx_word' id='word_1_327' title='bbox 392 2362 447 2392; x_wconf 89' lang='lat' dir='ltr'>est</span> <span class='ocrx_word' id='word_1_328' title='bbox 474 2355 602 2392; x_wconf 89' lang='lat' dir='ltr'>similis</span> <span class='ocrx_word' id='word_1_329' title='bbox 637 2355 843 2392; x_wconf 89' lang='lat' dir='ltr'>alterationi</span> <span class='ocrx_word' id='word_1_330' title='bbox 873 2368 969 2403; x_wconf 89' lang='lat' dir='ltr'>quae</span> <span class='ocrx_word' id='word_1_331' title='bbox 1002 2357 1044 2392; x_wconf 92' lang='lat' dir='ltr'>fit</span> <span class='ocrx_word' id='word_1_332' title='bbox 1079 2359 1288 2395; x_wconf 87' lang='lat' dir='ltr'>secundum</span> 
     </span>
     <span class='ocr_line' id='line_1_44' title="bbox 231 2408 1288 2456; baseline 0.004 -12"><span class='ocrx_word' id='word_1_333' title='bbox 231 2419 404 2444; x_wconf 87' lang='lat' dir='ltr'>sensum:</span> <span class='ocrx_word' id='word_1_334' title='bbox 434 2408 501 2444; x_wconf 92' lang='lat' dir='ltr'>sed</span> <span class='ocrx_word' id='word_1_335' title='bbox 528 2408 567 2444; x_wconf 89' lang='lat' dir='ltr'>in</span> <span class='ocrx_word' id='word_1_336' title='bbox 595 2408 811 2444; x_wconf 90' lang='lat' dir='ltr'>alteratione</span> <span class='ocrx_word' id='word_1_337' title='bbox 840 2420 938 2456; x_wconf 91' lang='lat' dir='ltr'>quae</span> <span class='ocrx_word' id='word_1_338' title='bbox 967 2417 1022 2445; x_wconf 92' lang='lat' dir='ltr'>est</span> <span class='ocrx_word' id='word_1_339' title='bbox 1040 2415 1057 2430; x_wconf 64' lang='grc' dir='ltr'>α</span> <span class='ocrx_word' id='word_1_340' title='bbox 1078 2411 1288 2448; x_wconf 90' lang='lat' dir='ltr'>secundum</span> 
     </span>
     <span class='ocr_line' id='line_1_45' title="bbox 232 2461 1290 2511; baseline 0.004 -15"><span class='ocrx_word' id='word_1_341' title='bbox 232 2471 398 2506; x_wconf 88' lang='lat' dir='ltr'>sensum,</span> <span class='ocrx_word' id='word_1_342' title='bbox 420 2461 580 2496; x_wconf 87' lang='lat' dir='ltr'>alterans</span> <span class='ocrx_word' id='word_1_343' title='bbox 601 2467 636 2496; x_wconf 90' lang='lat' dir='ltr'>et</span> <span class='ocrx_word' id='word_1_344' title='bbox 664 2461 860 2497; x_wconf 89' lang='lat' dir='ltr'>alteratum</span> <span class='ocrx_word' id='word_1_345' title='bbox 881 2468 966 2497; x_wconf 90' lang='lat' dir='ltr'>sunt</span> <span class='ocrx_word' id='word_1_346' title='bbox 985 2461 1112 2499; x_wconf 90' lang='lat' dir='ltr'>simul:</span> <span class='ocrx_word' id='word_1_347' title='bbox 1144 2476 1232 2511; x_wconf 89' lang='lat' dir='ltr'>ergo</span> <span class='ocrx_word' id='word_1_348' title='bbox 1254 2472 1290 2500; x_wconf 94' lang='lat' dir='ltr'>et</span> 
     </span>
     <span class='ocr_line' id='line_1_46' title="bbox 231 2512 1290 2562; baseline 0.005 -14"><span class='ocrx_word' id='word_1_349' title='bbox 231 2512 270 2548; x_wconf 92' lang='lat' dir='ltr'>in</span> <span class='ocrx_word' id='word_1_350' title='bbox 290 2512 454 2561; x_wconf 88' lang='lat' dir='ltr'>qualibet</span> <span class='ocrx_word' id='word_1_351' title='bbox 472 2513 700 2549; x_wconf 86' lang='lat' dir='ltr'>alteratione.</span> <span class='ocrx_word' id='word_1_352' title='bbox 722 2513 893 2550; x_wconf 90' lang='lat' dir='ltr'>Primum</span> <span class='ocrx_word' id='word_1_353' title='bbox 909 2513 961 2549; x_wconf 90' lang='lat' dir='ltr'>sic</span> <span class='ocrx_word' id='word_1_354' title='bbox 979 2515 1126 2562; x_wconf 89' lang='lat' dir='ltr'>probat.</span> <span class='ocrx_word' id='word_1_355' title='bbox 1154 2516 1290 2553; x_wconf 90' lang='lat' dir='ltr'>Omnis</span> 
     </span>
     <span class='ocr_line' id='line_1_47' title="bbox 233 2565 1290 2617; baseline 0.004 -16"><span class='ocrx_word' id='word_1_356' title='bbox 233 2565 397 2601; x_wconf 89' lang='lat' dir='ltr'>alteratio</span> <span class='ocrx_word' id='word_1_357' title='bbox 417 2566 460 2602; x_wconf 88' lang='lat' dir='ltr'>fit</span> <span class='ocrx_word' id='word_1_358' title='bbox 479 2566 690 2602; x_wconf 90' lang='lat' dir='ltr'>secundum</span> <span class='ocrx_word' id='word_1_359' title='bbox 710 2565 927 2614; x_wconf 88' lang='lat' dir='ltr'>qualitatem</span> <span class='ocrx_word' id='word_1_360' title='bbox 947 2567 1175 2615; x_wconf 85' lang='lat' dir='ltr'>sensibilem,</span> <span class='ocrx_word' id='word_1_361' title='bbox 1191 2581 1290 2617; x_wconf 90' lang='lat' dir='ltr'>quae</span> 
     </span>
     <span class='ocr_line' id='line_1_48' title="bbox 233 2617 1289 2666; baseline 0.005 -13"><span class='ocrx_word' id='word_1_362' title='bbox 233 2624 288 2653; x_wconf 88' lang='lat' dir='ltr'>est</span> <span class='ocrx_word' id='word_1_363' title='bbox 314 2617 420 2654; x_wconf 88' lang='lat' dir='ltr'>tertia</span> <span class='ocrx_word' id='word_1_364' title='bbox 447 2617 592 2666; x_wconf 90' lang='lat' dir='ltr'>species</span> <span class='ocrx_word' id='word_1_365' title='bbox 620 2618 814 2666; x_wconf 88' lang='lat' dir='ltr'>qualitatis.</span> <span class='ocrx_word' id='word_1_366' title='bbox 846 2619 1066 2656; x_wconf 87' lang='lat' dir='ltr'>Secundum</span> <span class='ocrx_word' id='word_1_367' title='bbox 1095 2620 1155 2657; x_wconf 91' lang='lat' dir='ltr'>illa</span> <span class='ocrx_word' id='word_1_368' title='bbox 1188 2621 1289 2658; x_wconf 90' lang='lat' dir='ltr'>enim</span> 
     </span>
    </p>
   </div>
   <div class='ocr_carea' id='block_1_6' title="bbox 151 2670 1288 2721">
    <p class='ocr_par' dir='ltr' id='par_1_8' title="bbox 151 2670 1288 2721">
     <span class='ocr_line' id='line_1_49' title="bbox 151 2670 1288 2721; baseline 0.004 -16"><span class='ocrx_word' id='word_1_369' title='bbox 151 2687 158 2694; x_wconf 89' lang='lat'><strong>·</strong></span> <span class='ocrx_word' id='word_1_370' title='bbox 198 2689 204 2695; x_wconf 94' lang='lat'><em>·</em></span> <span class='ocrx_word' id='word_1_371' title='bbox 233 2670 434 2706; x_wconf 88' lang='lat' dir='ltr'>alterantur</span> <span class='ocrx_word' id='word_1_372' title='bbox 468 2682 647 2718; x_wconf 89' lang='lat' dir='ltr'>corpora,</span> <span class='ocrx_word' id='word_1_373' title='bbox 677 2670 814 2718; x_wconf 89' lang='lat' dir='ltr'>quibus</span> <span class='ocrx_word' id='word_1_374' title='bbox 847 2671 971 2719; x_wconf 89' lang='lat' dir='ltr'>primo</span> <span class='ocrx_word' id='word_1_375' title='bbox 999 2673 1019 2692; x_wconf 58' lang='lat'>²²</span> <span class='ocrx_word' id='word_1_376' title='bbox 1048 2685 1207 2721; x_wconf 91' lang='lat' dir='ltr'>corpora</span> <span class='ocrx_word' id='word_1_377' title='bbox 1241 2675 1288 2711; x_wconf 92' lang='lat' dir='ltr'>ab</span> 
     </span>
    </p>
   </div>
   <div class='ocr_carea' id='block_1_7' title="bbox 231 2721 1293 3398">
    <p class='ocr_par' dir='ltr' id='par_1_9' title="bbox 231 2721 1293 3398">
     <span class='ocr_line' id='line_1_50' title="bbox 232 2721 1289 2774; baseline 0.006 -17"><span class='ocrx_word' id='word_1_378' title='bbox 232 2721 397 2758; x_wconf 82' lang='lat' dir='ltr'>invicem</span> <span class='ocrx_word' id='word_1_379' title='bbox 434 2722 634 2768; x_wconf 81' lang='lat' dir='ltr'>differunt3</span> <span class='ocrx_word' id='word_1_380' title='bbox 678 2735 775 2771; x_wconf 88' lang='lat' dir='ltr'>quae</span> <span class='ocrx_word' id='word_1_381' title='bbox 817 2731 902 2759; x_wconf 91' lang='lat' dir='ltr'>sunt</span> <span class='ocrx_word' id='word_1_382' title='bbox 938 2723 1131 2761; x_wconf 86' lang='lat' dir='ltr'>sensibiles</span> <span class='ocrx_word' id='word_1_383' title='bbox 1173 2726 1289 2774; x_wconf 90' lang='lat' dir='ltr'>quali-</span> 
     </span>
     <span class='ocr_line' id='line_1_51' title="bbox 232 2775 1288 2826; baseline 0.005 -16"><span class='ocrx_word' id='word_1_384' title='bbox 232 2781 345 2811; x_wconf 90' lang='lat' dir='ltr'>tates:</span> <span class='ocrx_word' id='word_1_385' title='bbox 375 2781 416 2810; x_wconf 91' lang='lat' dir='ltr'>ut</span> <span class='ocrx_word' id='word_1_386' title='bbox 442 2775 603 2821; x_wconf 87' lang='lat' dir='ltr'>gravitas</span> <span class='ocrx_word' id='word_1_387' title='bbox 632 2782 667 2810; x_wconf 89' lang='lat' dir='ltr'>et</span> <span class='ocrx_word' id='word_1_388' title='bbox 695 2775 842 2821; x_wconf 83' lang='lat' dir='ltr'>levitas,</span> <span class='ocrx_word' id='word_1_389' title='bbox 873 2775 1024 2812; x_wconf 82' lang='lat' dir='ltr'>durities</span> <span class='ocrx_word' id='word_1_390' title='bbox 1050 2784 1086 2813; x_wconf 92' lang='lat' dir='ltr'>et</span> <span class='ocrx_word' id='word_1_391' title='bbox 1104 2778 1288 2826; x_wconf 81' lang='lat' dir='ltr'>mollities,</span> 
     </span>
     <span class='ocr_line' id='line_1_52' title="bbox 233 2826 1291 2879; baseline 0.006 -17"><span class='ocrx_word' id='word_1_392' title='bbox 233 2839 331 2874; x_wconf 89' lang='lat' dir='ltr'>quae</span> <span class='ocrx_word' id='word_1_393' title='bbox 356 2826 612 2875; x_wconf 82' lang='lat' dir='ltr'>percipiuntur</span> <span class='ocrx_word' id='word_1_394' title='bbox 630 2834 746 2873; x_wconf 91' lang='lat' dir='ltr'>tactu;</span> <span class='ocrx_word' id='word_1_395' title='bbox 777 2840 891 2864; x_wconf 90' lang='lat' dir='ltr'>sonus</span> <span class='ocrx_word' id='word_1_396' title='bbox 917 2835 952 2864; x_wconf 91' lang='lat' dir='ltr'>et</span> <span class='ocrx_word' id='word_1_397' title='bbox 971 2841 1049 2865; x_wconf 92' lang='lat' dir='ltr'>non</span> <span class='ocrx_word' id='word_1_398' title='bbox 1073 2841 1201 2877; x_wconf 86' lang='lat' dir='ltr'>sonus,</span> <span class='ocrx_word' id='word_1_399' title='bbox 1226 2832 1291 2879; x_wconf 91' lang='lat' dir='ltr'>qui</span> 
     </span>
     <span class='ocr_line' id='line_1_53' title="bbox 231 2878 1290 2928; baseline 0.005 -13"><span class='ocrx_word' id='word_1_400' title='bbox 231 2879 488 2928; x_wconf 90' lang='lat' dir='ltr'>percipiuntur</span> <span class='ocrx_word' id='word_1_401' title='bbox 505 2878 522 2908; x_wconf 69' lang='grc' dir='ltr'><strong><em>β</em></strong></span> <span class='ocrx_word' id='word_1_402' title='bbox 551 2879 679 2916; x_wconf 90' lang='lat' dir='ltr'>auditu</span> <span class='ocrx_word' id='word_1_403' title='bbox 708 2880 791 2926; x_wconf 89' lang='lat' dir='ltr'>(sed</span> <span class='ocrx_word' id='word_1_404' title='bbox 814 2888 942 2917; x_wconf 90' lang='lat' dir='ltr'>tamen</span> <span class='ocrx_word' id='word_1_405' title='bbox 962 2881 991 2917; x_wconf 93' lang='lat' dir='ltr'>si</span> <span class='ocrx_word' id='word_1_406' title='bbox 1011 2894 1127 2918; x_wconf 91' lang='lat' dir='ltr'>sonus</span> <span class='ocrx_word' id='word_1_407' title='bbox 1147 2883 1184 2919; x_wconf 92' lang='lat' dir='ltr'>in</span> <span class='ocrx_word' id='word_1_408' title='bbox 1205 2892 1290 2920; x_wconf 91' lang='lat' dir='ltr'>actu</span> 
     </span>
     <span class='ocr_line' id='line_1_54' title="bbox 233 2930 1290 2983; baseline 0.004 -15"><span class='ocrx_word' id='word_1_409' title='bbox 233 2930 455 2980; x_wconf 85' lang='lat' dir='ltr'>accipiatur,</span> <span class='ocrx_word' id='word_1_410' title='bbox 486 2940 540 2968; x_wconf 90' lang='lat' dir='ltr'>est</span> <span class='ocrx_word' id='word_1_411' title='bbox 568 2932 726 2980; x_wconf 88' lang='lat' dir='ltr'>qualitas</span> <span class='ocrx_word' id='word_1_412' title='bbox 754 2933 792 2968; x_wconf 94' lang='lat' dir='ltr'>in</span> <span class='ocrx_word' id='word_1_413' title='bbox 821 2945 923 2980; x_wconf 88' lang='lat' dir='ltr'>aere,</span> <span class='ocrx_word' id='word_1_414' title='bbox 963 2946 1200 2983; x_wconf 91' lang='lat' dir='ltr'>consequens</span> <span class='ocrx_word' id='word_1_415' title='bbox 1229 2937 1290 2972; x_wconf 91' lang='lat' dir='ltr'>ali-</span> 
     </span>
     <span class='ocr_line' id='line_1_55' title="bbox 232 2985 1290 3032; baseline 0.005 -12"><span class='ocrx_word' id='word_1_416' title='bbox 232 2996 348 3032; x_wconf 90' lang='lat' dir='ltr'>quem</span> <span class='ocrx_word' id='word_1_417' title='bbox 377 2991 526 3021; x_wconf 90' lang='lat' dir='ltr'>motum</span> <span class='ocrx_word' id='word_1_418' title='bbox 554 2985 735 3031; x_wconf 88' lang='lat' dir='ltr'>localem;</span> <span class='ocrx_word' id='word_1_419' title='bbox 762 2985 864 3021; x_wconf 89' lang='lat' dir='ltr'>unde</span> <span class='ocrx_word' id='word_1_420' title='bbox 889 2998 967 3022; x_wconf 91' lang='lat' dir='ltr'>non</span> <span class='ocrx_word' id='word_1_421' title='bbox 990 2986 1140 3024; x_wconf 86' lang='lat' dir='ltr'>videtur</span> <span class='ocrx_word' id='word_1_422' title='bbox 1159 3001 1290 3025; x_wconf 91' lang='lat' dir='ltr'>secun-</span> 
     </span>
     <span class='ocr_line' id='line_1_56' title="bbox 234 3037 1289 3088; baseline 0.006 -16"><span class='ocrx_word' id='word_1_423' title='bbox 234 3037 326 3072; x_wconf 90' lang='lat' dir='ltr'>dum</span> <span class='ocrx_word' id='word_1_424' title='bbox 354 3037 573 3074; x_wconf 90' lang='lat' dir='ltr'>huiusmodi</span> <span class='ocrx_word' id='word_1_425' title='bbox 601 3037 816 3085; x_wconf 86' lang='lat' dir='ltr'>qualitatem</span> <span class='ocrx_word' id='word_1_426' title='bbox 841 3050 922 3074; x_wconf 90' lang='lat' dir='ltr'>esse</span> <span class='ocrx_word' id='word_1_427' title='bbox 950 3038 1075 3087; x_wconf 89' lang='lat' dir='ltr'>primo</span> <span class='ocrx_word' id='word_1_428' title='bbox 1096 3047 1131 3076; x_wconf 90' lang='lat' dir='ltr'>et</span> <span class='ocrx_word' id='word_1_429' title='bbox 1154 3053 1222 3088; x_wconf 92' lang='lat' dir='ltr'>per</span> <span class='ocrx_word' id='word_1_430' title='bbox 1250 3054 1289 3078; x_wconf 92' lang='lat' dir='ltr'>se</span> 
     </span>
     <span class='ocr_line' id='line_1_57' title="bbox 233 3089 1289 3142; baseline 0.006 -18"><span class='ocrx_word' id='word_1_431' title='bbox 233 3089 422 3125; x_wconf 85' lang='lat' dir='ltr'>alteratio:</span> <span class='ocrx_word' id='word_1_432' title='bbox 452 3089 482 3125; x_wconf 89' lang='lat' dir='ltr'>si</span> <span class='ocrx_word' id='word_1_433' title='bbox 509 3102 602 3126; x_wconf 88' lang='lat' dir='ltr'>vero</span> <span class='ocrx_word' id='word_1_434' title='bbox 632 3102 747 3126; x_wconf 90' lang='lat' dir='ltr'>sonus</span> <span class='ocrx_word' id='word_1_435' title='bbox 771 3090 808 3126; x_wconf 90' lang='lat' dir='ltr'>in</span> <span class='ocrx_word' id='word_1_436' title='bbox 833 3090 1039 3139; x_wconf 90' lang='lat' dir='ltr'>aptitudine</span> <span class='ocrx_word' id='word_1_437' title='bbox 1067 3093 1289 3142; x_wconf 87' lang='lat' dir='ltr'>accipiatur,</span> 
     </span>
     <span class='ocr_line' id='line_1_58' title="bbox 233 3141 1290 3192; baseline 0.007 -16"><span class='ocrx_word' id='word_1_438' title='bbox 233 3141 286 3177; x_wconf 90' lang='lat' dir='ltr'>sic</span> <span class='ocrx_word' id='word_1_439' title='bbox 310 3153 379 3188; x_wconf 91' lang='lat' dir='ltr'>per</span> <span class='ocrx_word' id='word_1_440' title='bbox 407 3141 572 3190; x_wconf 88' lang='lat' dir='ltr'>aliquam</span> <span class='ocrx_word' id='word_1_441' title='bbox 597 3142 856 3179; x_wconf 88' lang='lat' dir='ltr'>alterationem</span> <span class='ocrx_word' id='word_1_442' title='bbox 885 3144 927 3179; x_wconf 87' lang='lat' dir='ltr'>fit</span> <span class='ocrx_word' id='word_1_443' title='bbox 955 3144 1094 3192; x_wconf 91' lang='lat' dir='ltr'>aliquid</span> <span class='ocrx_word' id='word_1_444' title='bbox 1122 3146 1290 3183; x_wconf 90' lang='lat' dir='ltr'>sonabile</span> 
     </span>
     <span class='ocr_line' id='line_1_59' title="bbox 231 3194 1290 3246; baseline 0.006 -17"><span class='ocrx_word' id='word_1_445' title='bbox 231 3194 294 3229; x_wconf 88' lang='lat' dir='ltr'>vel</span> <span class='ocrx_word' id='word_1_446' title='bbox 314 3205 392 3229; x_wconf 92' lang='lat' dir='ltr'>non</span> <span class='ocrx_word' id='word_1_447' title='bbox 412 3194 610 3241; x_wconf 87' lang='lat' dir='ltr'>sonabile);</span> <span class='ocrx_word' id='word_1_448' title='bbox 640 3195 776 3231; x_wconf 87' lang='lat' dir='ltr'>albedo</span> <span class='ocrx_word' id='word_1_449' title='bbox 806 3203 841 3231; x_wconf 91' lang='lat' dir='ltr'>et</span> <span class='ocrx_word' id='word_1_450' title='bbox 861 3195 1027 3243; x_wconf 86' lang='lat' dir='ltr'>nigredo,</span> <span class='ocrx_word' id='word_1_451' title='bbox 1055 3210 1152 3245; x_wconf 91' lang='lat' dir='ltr'>quae</span> <span class='ocrx_word' id='word_1_452' title='bbox 1180 3199 1290 3246; x_wconf 86' lang='lat' dir='ltr'>perti-</span> 
     </span>
     <span class='ocr_line' id='line_1_60' title="bbox 234 3245 1291 3298; baseline 0.006 -17"><span class='ocrx_word' id='word_1_453' title='bbox 234 3253 324 3282; x_wconf 87' lang='lat' dir='ltr'>nent</span> <span class='ocrx_word' id='word_1_454' title='bbox 343 3245 391 3281; x_wconf 90' lang='lat' dir='ltr'>ad</span> <span class='ocrx_word' id='word_1_455' title='bbox 409 3245 556 3292; x_wconf 81' lang='lat' dir='ltr'>visum3</span> <span class='ocrx_word' id='word_1_456' title='bbox 583 3247 743 3284; x_wconf 90' lang='lat' dir='ltr'>dulcedo</span> <span class='ocrx_word' id='word_1_457' title='bbox 765 3254 801 3283; x_wconf 92' lang='lat' dir='ltr'>et</span> <span class='ocrx_word' id='word_1_458' title='bbox 820 3248 1043 3295; x_wconf 85' lang='lat' dir='ltr'>amaritudo,</span> <span class='ocrx_word' id='word_1_459' title='bbox 1065 3261 1161 3297; x_wconf 86' lang='lat' dir='ltr'>quae</span> <span class='ocrx_word' id='word_1_460' title='bbox 1181 3251 1291 3298; x_wconf 91' lang='lat' dir='ltr'>perti-</span> 
     </span>
     <span class='ocr_line' id='line_1_61' title="bbox 234 3297 1293 3347; baseline 0.005 -13"><span class='ocrx_word' id='word_1_461' title='bbox 234 3305 325 3334; x_wconf 91' lang='lat' dir='ltr'>nent</span> <span class='ocrx_word' id='word_1_462' title='bbox 343 3297 391 3333; x_wconf 88' lang='lat' dir='ltr'>ad</span> <span class='ocrx_word' id='word_1_463' title='bbox 411 3305 579 3344; x_wconf 78' lang='lat' dir='ltr'>gustum3</span> <span class='ocrx_word' id='word_1_464' title='bbox 609 3299 812 3335; x_wconf 89' lang='lat' dir='ltr'>humiditas</span> <span class='ocrx_word' id='word_1_465' title='bbox 837 3307 873 3335; x_wconf 91' lang='lat' dir='ltr'>et</span> <span class='ocrx_word' id='word_1_466' title='bbox 896 3299 1051 3347; x_wconf 90' lang='lat' dir='ltr'>siccitas,</span> <span class='ocrx_word' id='word_1_467' title='bbox 1074 3301 1236 3338; x_wconf 89' lang='lat' dir='ltr'>densitas</span> <span class='ocrx_word' id='word_1_468' title='bbox 1257 3310 1293 3338; x_wconf 91' lang='lat' dir='ltr'>et</span> 
     </span>
     <span class='ocr_line' id='line_1_62' title="bbox 233 3350 1291 3398; baseline 0.004 -12"><span class='ocrx_word' id='word_1_469' title='bbox 233 3350 375 3397; x_wconf 89' lang='lat' dir='ltr'>raritas,</span> <span class='ocrx_word' id='word_1_470' title='bbox 397 3361 493 3398; x_wconf 92' lang='lat' dir='ltr'>quae</span> <span class='ocrx_word' id='word_1_471' title='bbox 512 3350 698 3398; x_wconf 88' lang='lat' dir='ltr'>pertinent</span> <span class='ocrx_word' id='word_1_472' title='bbox 722 3351 769 3387; x_wconf 91' lang='lat' dir='ltr'>ad</span> <span class='ocrx_word' id='word_1_473' title='bbox 789 3358 941 3387; x_wconf 89' lang='lat' dir='ltr'>tactum.</span> <span class='ocrx_word' id='word_1_474' title='bbox 972 3353 1021 3388; x_wconf 93' lang='lat' dir='ltr'>Et</span> <span class='ocrx_word' id='word_1_475' title='bbox 1040 3353 1174 3390; x_wconf 89' lang='lat' dir='ltr'>eadem</span> <span class='ocrx_word' id='word_1_476' title='bbox 1200 3355 1291 3390; x_wconf 88' lang='lat' dir='ltr'>ratio</span> 
     </span>
    </p>
   </div>
   <div class='ocr_carea' id='block_1_8' title="bbox 232 3483 1288 3582">
    <p class='ocr_par' dir='ltr' id='par_1_10' title="bbox 232 3483 1288 3582">
     <span class='ocr_line' id='line_1_63' title="bbox 288 3483 1288 3518; baseline 0.003 -11"><span class='ocrx_word' id='word_1_477' title='bbox 288 3483 315 3517; x_wconf 88' lang='grc' dir='ltr'>α)</span> <span class='ocrx_word' id='word_1_478' title='bbox 335 3491 401 3515; x_wconf 84' lang='lat' dir='ltr'>quae</span> <span class='ocrx_word' id='word_1_479' title='bbox 419 3486 466 3508; x_wconf 82' lang='lat' dir='ltr'>est.</span> <span class='ocrx_word' id='word_1_480' title='bbox 484 3497 503 3502; x_wconf 92' lang='lat'>-</span> <span class='ocrx_word' id='word_1_481' title='bbox 520 3491 586 3515; x_wconf 84' lang='lat' dir='ltr'>quae</span> <span class='ocrx_word' id='word_1_482' title='bbox 598 3483 635 3515; x_wconf 85' lang='lat' dir='ltr'>fit</span> <span class='ocrx_word' id='word_1_483' title='bbox 647 3484 837 3514; x_wconf 86' lang='lat' dir='ltr'>DLOSsBGH;</span> <span class='ocrx_word' id='word_1_484' title='bbox 857 3484 969 3516; x_wconf 85' lang='lat' dir='ltr'>ETpGH</span> <span class='ocrx_word' id='word_1_485' title='bbox 984 3483 1043 3508; x_wconf 85' lang='lat' dir='ltr'>hab.</span> <span class='ocrx_word' id='word_1_486' title='bbox 1061 3485 1108 3509; x_wconf 82' lang='lat' dir='ltr'>lac.</span> <span class='ocrx_word' id='word_1_487' title='bbox 1126 3498 1144 3503; x_wconf 94' lang='lat'>-</span> <span class='ocrx_word' id='word_1_488' title='bbox 1162 3485 1217 3509; x_wconf 90' lang='lat' dir='ltr'>Lin.</span> <span class='ocrx_word' id='word_1_489' title='bbox 1232 3493 1288 3518; x_wconf 86' lang='lat' dir='ltr'>seq.</span> 
     </span>
     <span class='ocr_line' id='line_1_64' title="bbox 233 3518 1287 3550; baseline 0.003 -8"><span class='ocrx_word' id='word_1_490' title='bbox 233 3526 281 3550; x_wconf 88' lang='lat' dir='ltr'>pro</span> <span class='ocrx_word' id='word_1_491' title='bbox 299 3522 362 3543; x_wconf 83' lang='lat' dir='ltr'>sunt</span> <span class='ocrx_word' id='word_1_492' title='bbox 379 3518 465 3546; x_wconf 85' lang='lat' dir='ltr'>simul,</span> <span class='ocrx_word' id='word_1_493' title='bbox 484 3522 523 3543; x_wconf 87' lang='lat' dir='ltr'>est</span> <span class='ocrx_word' id='word_1_494' title='bbox 545 3519 625 3543; x_wconf 84' lang='lat' dir='ltr'>simul</span> <span class='ocrx_word' id='word_1_495' title='bbox 649 3519 837 3543; x_wconf 89' lang='lat' dir='ltr'>CDMOVZsH.</span> <span class='ocrx_word' id='word_1_496' title='bbox 855 3533 874 3538; x_wconf 93' lang='lat'>—</span> <span class='ocrx_word' id='word_1_497' title='bbox 892 3519 941 3543; x_wconf 85' lang='lat' dir='ltr'>Pro</span> <span class='ocrx_word' id='word_1_498' title='bbox 957 3519 1076 3543; x_wconf 72' lang='lat' dir='ltr'>Primum</span> <span class='ocrx_word' id='word_1_499' title='bbox 1094 3519 1143 3549; x_wconf 87' lang='lat' dir='ltr'>sic,</span> <span class='ocrx_word' id='word_1_500' title='bbox 1169 3520 1287 3545; x_wconf 79' lang='lat' dir='ltr'>Primam</span> 
     </span>
     <span class='ocr_line' id='line_1_65' title="bbox 232 3553 525 3582; baseline -0.003 -4"><span class='ocrx_word' id='word_1_501' title='bbox 232 3554 271 3578; x_wconf 82' lang='lat' dir='ltr'>sic</span> <span class='ocrx_word' id='word_1_502' title='bbox 290 3554 340 3582; x_wconf 75' lang='lat' dir='ltr'>Pb5</span> <span class='ocrx_word' id='word_1_503' title='bbox 359 3553 390 3578; x_wconf 87' lang='lat' dir='ltr'>cf.</span> <span class='ocrx_word' id='word_1_504' title='bbox 410 3561 480 3577; x_wconf 91' lang='lat' dir='ltr'>num.</span> <span class='ocrx_word' id='word_1_505' title='bbox 502 3553 525 3577; x_wconf 87' lang='lat'>3.</span> 
     </span>
    </p>
   </div>
   <div class='ocr_carea' id='block_1_9' title="bbox 2336 287 2409 324">
    <p class='ocr_par' dir='ltr' id='par_1_11' title="bbox 2336 287 2409 324">
     <span class='ocr_line' id='line_1_66' title="bbox 2336 287 2409 324; baseline 0.014 -1"><span class='ocrx_word' id='word_1_506' title='bbox 2336 287 2409 324; x_wconf 86' lang='lat'>335</span> 
     </span>
    </p>
   </div>
   <div class='ocr_carea' id='block_1_10' title="bbox 1349 365 2411 1022">
    <p class='ocr_par' dir='ltr' id='par_1_12' title="bbox 1349 365 2411 1022">
     <span class='ocr_line' id='line_1_67' title="bbox 1352 365 2411 402; baseline 0 -10"><span class='ocrx_word' id='word_1_507' title='bbox 1352 365 1392 392; x_wconf 90' lang='lat' dir='ltr'>eis</span> <span class='ocrx_word' id='word_1_508' title='bbox 1423 372 1464 393; x_wconf 91' lang='lat' dir='ltr'>est</span> <span class='ocrx_word' id='word_1_509' title='bbox 1495 366 1622 394; x_wconf 89' lang='lat' dir='ltr'>medium</span> <span class='ocrx_word' id='word_1_510' title='bbox 1651 366 1724 394; x_wconf 88' lang='lat' dir='ltr'>inter</span> <span class='ocrx_word' id='word_1_511' title='bbox 1753 375 1840 402; x_wconf 84' lang='lat' dir='ltr'>agens</span> <span class='ocrx_word' id='word_1_512' title='bbox 1867 372 1895 393; x_wconf 94' lang='lat' dir='ltr'>et</span> <span class='ocrx_word' id='word_1_513' title='bbox 1921 365 2050 402; x_wconf 86' lang='lat' dir='ltr'>patiens,</span> <span class='ocrx_word' id='word_1_514' title='bbox 2083 365 2211 401; x_wconf 90' lang='lat' dir='ltr'>sequitur</span> <span class='ocrx_word' id='word_1_515' title='bbox 2240 365 2411 402; x_wconf 87' lang='lat' dir='ltr'>generaliter</span> 
     </span>
     <span class='ocr_line' id='line_1_68' title="bbox 1352 404 2410 441; baseline 0.001 -10"><span class='ocrx_word' id='word_1_516' title='bbox 1352 405 1431 440; x_wconf 92' lang='lat' dir='ltr'>quod</span> <span class='ocrx_word' id='word_1_517' title='bbox 1455 405 1578 433; x_wconf 88' lang='lat' dir='ltr'>alterans</span> <span class='ocrx_word' id='word_1_518' title='bbox 1599 405 1721 433; x_wconf 76' lang='lat' dir='ltr'>inferens</span> <span class='ocrx_word' id='word_1_519' title='bbox 1741 405 1906 441; x_wconf 87' lang='lat' dir='ltr'>passionem</span> <span class='ocrx_word' id='word_1_520' title='bbox 1931 411 1958 433; x_wconf 91' lang='lat' dir='ltr'>et</span> <span class='ocrx_word' id='word_1_521' title='bbox 1981 405 2131 433; x_wconf 88' lang='lat' dir='ltr'>alteratum</span> <span class='ocrx_word' id='word_1_522' title='bbox 2159 404 2269 440; x_wconf 88' lang='lat' dir='ltr'>patiens</span> <span class='ocrx_word' id='word_1_523' title='bbox 2291 404 2347 432; x_wconf 84' lang='lat' dir='ltr'>sint</span> <span class='ocrx_word' id='word_1_524' title='bbox 2372 404 2410 432; x_wconf 89' lang='lat' dir='ltr'>si-</span> 
     </span>
     <span class='ocr_line' id='line_1_69' title="bbox 1351 443 2410 481; baseline 0.001 -11"><span class='ocrx_word' id='word_1_525' title='bbox 1351 443 1420 470; x_wconf 93' lang='lat' dir='ltr'>mul.</span> <span class='ocrx_word' id='word_1_526' title='bbox 1443 460 1461 464; x_wconf 95' lang='lat'>—</span> <span class='ocrx_word' id='word_1_527' title='bbox 1484 444 1509 471; x_wconf 83' lang='lat'>3.</span> <span class='ocrx_word' id='word_1_528' title='bbox 1538 445 1679 472; x_wconf 89' lang='lat' dir='ltr'>Probatur</span> <span class='ocrx_word' id='word_1_529' title='bbox 1700 454 1767 481; x_wconf 87' lang='lat' dir='ltr'>ergo</span> <span class='ocrx_word' id='word_1_530' title='bbox 1789 444 1899 479; x_wconf 85' lang='lat' dir='ltr'>minor,</span> <span class='ocrx_word' id='word_1_531' title='bbox 1929 445 2009 480; x_wconf 90' lang='lat' dir='ltr'>quod</span> <span class='ocrx_word' id='word_1_532' title='bbox 2035 444 2172 471; x_wconf 88' lang='lat' dir='ltr'>nimirum</span> <span class='ocrx_word' id='word_1_533' title='bbox 2193 443 2222 471; x_wconf 89' lang='lat' dir='ltr'>in</span> <span class='ocrx_word' id='word_1_534' title='bbox 2243 443 2410 471; x_wconf 90' lang='lat' dir='ltr'>alteratione</span> 
     </span>
     <span class='ocr_line' id='line_1_70' title="bbox 1351 483 2411 518; baseline 0.001 -9"><span class='ocrx_word' id='word_1_535' title='bbox 1351 491 1496 517; x_wconf 83' lang='lat' dir='ltr'>sensuum,</span> <span class='ocrx_word' id='word_1_536' title='bbox 1519 484 1640 512; x_wconf 89' lang='lat' dir='ltr'>alterans</span> <span class='ocrx_word' id='word_1_537' title='bbox 1654 490 1682 511; x_wconf 89' lang='lat' dir='ltr'>et</span> <span class='ocrx_word' id='word_1_538' title='bbox 1695 485 1844 511; x_wconf 87' lang='lat' dir='ltr'>alteratum</span> <span class='ocrx_word' id='word_1_539' title='bbox 1859 489 1925 511; x_wconf 92' lang='lat' dir='ltr'>sunt</span> <span class='ocrx_word' id='word_1_540' title='bbox 1939 483 2036 518; x_wconf 83' lang='lat' dir='ltr'>simul3</span> <span class='ocrx_word' id='word_1_541' title='bbox 2059 490 2086 511; x_wconf 91' lang='lat' dir='ltr'>et</span> <span class='ocrx_word' id='word_1_542' title='bbox 2107 483 2268 511; x_wconf 89' lang='lat' dir='ltr'>ostenditur</span> <span class='ocrx_word' id='word_1_543' title='bbox 2283 483 2340 510; x_wconf 90' lang='lat' dir='ltr'>hoc</span> <span class='ocrx_word' id='word_1_544' title='bbox 2360 492 2411 518; x_wconf 91' lang='lat' dir='ltr'>per</span> 
     </span>
     <span class='ocr_line' id='line_1_71' title="bbox 1351 521 2410 560; baseline 0.001 -12"><span class='ocrx_word' id='word_1_545' title='bbox 1351 521 1556 557; x_wconf 84' lang='lat' dir='ltr'>inductionem,</span> <span class='ocrx_word' id='word_1_546' title='bbox 1566 529 1627 550; x_wconf 89' lang='lat' dir='ltr'>turn</span> <span class='ocrx_word' id='word_1_547' title='bbox 1642 523 1671 551; x_wconf 91' lang='lat' dir='ltr'>in</span> <span class='ocrx_word' id='word_1_548' title='bbox 1682 523 1810 551; x_wconf 87' lang='lat' dir='ltr'>sensibus</span> <span class='ocrx_word' id='word_1_549' title='bbox 1822 523 1871 560; x_wconf 94' lang='lat' dir='ltr'>qui</span> <span class='ocrx_word' id='word_1_550' title='bbox 1885 532 1937 558; x_wconf 89' lang='lat' dir='ltr'>per</span> <span class='ocrx_word' id='word_1_551' title='bbox 1946 523 2064 559; x_wconf 90' lang='lat' dir='ltr'>aliquod</span> <span class='ocrx_word' id='word_1_552' title='bbox 2078 522 2206 550; x_wconf 89' lang='lat' dir='ltr'>medium</span> <span class='ocrx_word' id='word_1_553' title='bbox 2220 522 2410 550; x_wconf 88' lang='lat' dir='ltr'>extrinsecum</span> 
     </span>
     <span class='ocr_line' id='line_1_72' title="bbox 1351 560 2410 598; baseline 0.001 -10"><span class='ocrx_word' id='word_1_554' title='bbox 1351 560 1564 598; x_wconf 89' lang='lat' dir='ltr'>coniunguntur</span> <span class='ocrx_word' id='word_1_555' title='bbox 1578 562 1700 597; x_wconf 88' lang='lat' dir='ltr'>obiecto,</span> <span class='ocrx_word' id='word_1_556' title='bbox 1725 569 1786 590; x_wconf 91' lang='lat' dir='ltr'>turn</span> <span class='ocrx_word' id='word_1_557' title='bbox 1801 562 1830 590; x_wconf 92' lang='lat' dir='ltr'>in</span> <span class='ocrx_word' id='word_1_558' title='bbox 1852 562 1982 590; x_wconf 86' lang='lat' dir='ltr'>sensibus</span> <span class='ocrx_word' id='word_1_559' title='bbox 1999 562 2048 598; x_wconf 80' lang='lat' dir='ltr'>qui</span> <span class='ocrx_word' id='word_1_560' title='bbox 2069 562 2233 590; x_wconf 90' lang='lat' dir='ltr'>immediate</span> <span class='ocrx_word' id='word_1_561' title='bbox 2254 562 2410 590; x_wconf 85' lang='lat' dir='ltr'>alterantur</span> 
     </span>
     <span class='ocr_line' id='line_1_73' title="bbox 1351 599 2409 638; baseline 0.001 -11"><span class='ocrx_word' id='word_1_562' title='bbox 1351 600 1386 628; x_wconf 90' lang='lat' dir='ltr'>ab</span> <span class='ocrx_word' id='word_1_563' title='bbox 1406 599 1469 636; x_wconf 90' lang='lat' dir='ltr'>ipso</span> <span class='ocrx_word' id='word_1_564' title='bbox 1487 601 1610 628; x_wconf 86' lang='lat' dir='ltr'>obiecto.</span> <span class='ocrx_word' id='word_1_565' title='bbox 1626 618 1644 622; x_wconf 92' lang='lat'><em>—</em></span> <span class='ocrx_word' id='word_1_566' title='bbox 1658 611 1686 636; x_wconf 81' lang='lat'>4.</span> <span class='ocrx_word' id='word_1_567' title='bbox 1709 603 1850 629; x_wconf 86' lang='lat' dir='ltr'>Probatur</span> <span class='ocrx_word' id='word_1_568' title='bbox 1871 601 1899 629; x_wconf 90' lang='lat' dir='ltr'>in</span> <span class='ocrx_word' id='word_1_569' title='bbox 1913 607 2067 638; x_wconf 87' lang='lat' dir='ltr'>augmento</span> <span class='ocrx_word' id='word_1_570' title='bbox 2082 608 2110 628; x_wconf 87' lang='lat' dir='ltr'>et</span> <span class='ocrx_word' id='word_1_571' title='bbox 2124 602 2307 629; x_wconf 84' lang='lat' dir='ltr'>decremento</span> <span class='ocrx_word' id='word_1_572' title='bbox 2329 601 2409 637; x_wconf 91' lang='lat' dir='ltr'>quod</span> 
     </span>
     <span class='ocr_line' id='line_1_74' title="bbox 1350 640 2407 677; baseline 0.002 -11"><span class='ocrx_word' id='word_1_573' title='bbox 1350 645 1466 675; x_wconf 81' lang='lat' dir='ltr'>oportet</span> <span class='ocrx_word' id='word_1_574' title='bbox 1486 648 1547 667; x_wconf 90' lang='lat' dir='ltr'>esse</span> <span class='ocrx_word' id='word_1_575' title='bbox 1575 640 1659 668; x_wconf 86' lang='lat' dir='ltr'>simul</span> <span class='ocrx_word' id='word_1_576' title='bbox 1683 642 1762 677; x_wconf 92' lang='lat' dir='ltr'>quod</span> <span class='ocrx_word' id='word_1_577' title='bbox 1790 647 1873 677; x_wconf 88' lang='lat' dir='ltr'>auget</span> <span class='ocrx_word' id='word_1_578' title='bbox 1894 647 1922 668; x_wconf 92' lang='lat' dir='ltr'>et</span> <span class='ocrx_word' id='word_1_579' title='bbox 1943 641 2023 677; x_wconf 90' lang='lat' dir='ltr'>quod</span> <span class='ocrx_word' id='word_1_580' title='bbox 2046 647 2174 677; x_wconf 85' lang='lat' dir='ltr'>augetur.</span> <span class='ocrx_word' id='word_1_581' title='bbox 2203 640 2407 677; x_wconf 85' lang='lat' dir='ltr'>Augmentatio</span> 
     </span>
     <span class='ocr_line' id='line_1_75' title="bbox 1350 678 2406 715; baseline 0.001 -9"><span class='ocrx_word' id='word_1_582' title='bbox 1350 678 1427 706; x_wconf 90' lang='lat' dir='ltr'>enim</span> <span class='ocrx_word' id='word_1_583' title='bbox 1438 685 1480 706; x_wconf 87' lang='lat' dir='ltr'>est</span> <span class='ocrx_word' id='word_1_584' title='bbox 1490 680 1632 715; x_wconf 89' lang='lat' dir='ltr'>quaedam</span> <span class='ocrx_word' id='word_1_585' title='bbox 1646 680 1799 715; x_wconf 86' lang='lat' dir='ltr'>appositio,</span> <span class='ocrx_word' id='word_1_586' title='bbox 1815 679 1968 708; x_wconf 89' lang='lat' dir='ltr'>diminutio</span> <span class='ocrx_word' id='word_1_587' title='bbox 1979 686 2076 708; x_wconf 87' lang='lat' dir='ltr'>autem</span> <span class='ocrx_word' id='word_1_588' title='bbox 2086 679 2242 708; x_wconf 88' lang='lat' dir='ltr'>subtractio</span> <span class='ocrx_word' id='word_1_589' title='bbox 2254 680 2406 715; x_wconf 90' lang='lat' dir='ltr'>quaedam.</span> 
     </span>
     <span class='ocr_line' id='line_1_76' title="bbox 1350 718 2409 755; baseline 0.001 -10"><span class='ocrx_word' id='word_1_590' title='bbox 1350 718 1392 746; x_wconf 87' lang='lat' dir='ltr'>Ex</span> <span class='ocrx_word' id='word_1_591' title='bbox 1413 727 1472 754; x_wconf 90' lang='lat' dir='ltr'>quo</span> <span class='ocrx_word' id='word_1_592' title='bbox 1494 718 1643 754; x_wconf 89' lang='lat' dir='ltr'>dupliciter</span> <span class='ocrx_word' id='word_1_593' title='bbox 1663 719 1753 755; x_wconf 88' lang='lat' dir='ltr'>accipi</span> <span class='ocrx_word' id='word_1_594' title='bbox 1774 725 1868 755; x_wconf 89' lang='lat' dir='ltr'>potest</span> <span class='ocrx_word' id='word_1_595' title='bbox 1889 719 1960 747; x_wconf 91' lang='lat' dir='ltr'>ratio</span> <span class='ocrx_word' id='word_1_596' title='bbox 1976 719 2014 747; x_wconf 91' lang='lat' dir='ltr'>ad</span> <span class='ocrx_word' id='word_1_597' title='bbox 2026 719 2223 755; x_wconf 88' lang='lat' dir='ltr'>propositum:</span> <span class='ocrx_word' id='word_1_598' title='bbox 2246 728 2349 755; x_wconf 87' lang='lat' dir='ltr'>nempe</span> <span class='ocrx_word' id='word_1_599' title='bbox 2364 718 2409 746; x_wconf 88' lang='lat' dir='ltr'>vel</span> 
     </span>
     <span class='ocr_line' id='line_1_77' title="bbox 1350 757 2408 795; baseline 0.001 -11"><span class='ocrx_word' id='word_1_600' title='bbox 1350 757 1507 785; x_wconf 89' lang='lat' dir='ltr'>secundum</span> <span class='ocrx_word' id='word_1_601' title='bbox 1530 758 1610 794; x_wconf 94' lang='lat' dir='ltr'>quod</span> <span class='ocrx_word' id='word_1_602' title='bbox 1631 758 1725 794; x_wconf 90' lang='lat' dir='ltr'>ipsum</span> <span class='ocrx_word' id='word_1_603' title='bbox 1747 765 1887 795; x_wconf 87' lang='lat' dir='ltr'>quantum</span> <span class='ocrx_word' id='word_1_604' title='bbox 1908 764 1993 795; x_wconf 86' lang='lat' dir='ltr'>auget</span> <span class='ocrx_word' id='word_1_605' title='bbox 2012 758 2056 786; x_wconf 89' lang='lat' dir='ltr'>vel</span> <span class='ocrx_word' id='word_1_606' title='bbox 2073 758 2184 792; x_wconf 86' lang='lat' dir='ltr'>minuit,</span> <span class='ocrx_word' id='word_1_607' title='bbox 2207 767 2257 786; x_wconf 88' lang='lat' dir='ltr'>seu</span> <span class='ocrx_word' id='word_1_608' title='bbox 2279 764 2320 785; x_wconf 90' lang='lat' dir='ltr'>est</span> <span class='ocrx_word' id='word_1_609' title='bbox 2340 767 2408 794; x_wconf 91' lang='lat' dir='ltr'>pro-</span> 
     </span>
     <span class='ocr_line' id='line_1_78' title="bbox 1349 796 2408 833; baseline 0.001 -10"><span class='ocrx_word' id='word_1_610' title='bbox 1349 796 1458 824; x_wconf 89' lang='lat' dir='ltr'>ximum</span> <span class='ocrx_word' id='word_1_611' title='bbox 1480 806 1599 825; x_wconf 89' lang='lat' dir='ltr'>movens</span> <span class='ocrx_word' id='word_1_612' title='bbox 1620 797 1649 825; x_wconf 89' lang='lat' dir='ltr'>in</span> <span class='ocrx_word' id='word_1_613' title='bbox 1671 797 1836 825; x_wconf 88' lang='lat' dir='ltr'>huiusmodi</span> <span class='ocrx_word' id='word_1_614' title='bbox 1857 797 1998 831; x_wconf 85' lang='lat' dir='ltr'>motibus;</span> <span class='ocrx_word' id='word_1_615' title='bbox 2022 798 2066 825; x_wconf 89' lang='lat' dir='ltr'>vel</span> <span class='ocrx_word' id='word_1_616' title='bbox 2086 807 2120 825; x_wconf 84' lang='lat' dir='ltr'>ex</span> <span class='ocrx_word' id='word_1_617' title='bbox 2141 804 2221 833; x_wconf 90' lang='lat' dir='ltr'>parte</span> <span class='ocrx_word' id='word_1_618' title='bbox 2245 796 2408 833; x_wconf 87' lang='lat' dir='ltr'>principalis</span> 
     </span>
     <span class='ocr_line' id='line_1_79' title="bbox 1349 836 2409 873; baseline 0.001 -10"><span class='ocrx_word' id='word_1_619' title='bbox 1349 836 1467 872; x_wconf 86' lang='lat' dir='ltr'>agentis,</span> <span class='ocrx_word' id='word_1_620' title='bbox 1490 843 1630 872; x_wconf 89' lang='lat' dir='ltr'>quatenus</span> <span class='ocrx_word' id='word_1_621' title='bbox 1652 837 1794 873; x_wconf 87' lang='lat' dir='ltr'>appositio</span> <span class='ocrx_word' id='word_1_622' title='bbox 1817 843 1859 865; x_wconf 92' lang='lat' dir='ltr'>est</span> <span class='ocrx_word' id='word_1_623' title='bbox 1880 836 2072 873; x_wconf 87' lang='lat' dir='ltr'>congregatio,</span> <span class='ocrx_word' id='word_1_624' title='bbox 2098 836 2254 864; x_wconf 88' lang='lat' dir='ltr'>subtractio</span> <span class='ocrx_word' id='word_1_625' title='bbox 2275 846 2343 864; x_wconf 87' lang='lat' dir='ltr'>vero</span> <span class='ocrx_word' id='word_1_626' title='bbox 2365 842 2409 864; x_wconf 92' lang='lat' dir='ltr'>est</span> 
     </span>
     <span class='ocr_line' id='line_1_80' title="bbox 1350 875 2407 913; baseline 0.001 -11"><span class='ocrx_word' id='word_1_627' title='bbox 1350 875 1523 911; x_wconf 80' lang='lat' dir='ltr'>segregatIO,</span> <span class='ocrx_word' id='word_1_628' title='bbox 1551 882 1578 904; x_wconf 92' lang='lat' dir='ltr'>et</span> <span class='ocrx_word' id='word_1_629' title='bbox 1599 876 1628 903; x_wconf 92' lang='lat' dir='ltr'>in</span> <span class='ocrx_word' id='word_1_630' title='bbox 1649 883 1730 904; x_wconf 91' lang='lat' dir='ltr'>motu</span> <span class='ocrx_word' id='word_1_631' title='bbox 1758 876 1987 913; x_wconf 87' lang='lat' dir='ltr'>congregationis</span> <span class='ocrx_word' id='word_1_632' title='bbox 2009 882 2036 903; x_wconf 91' lang='lat' dir='ltr'>et</span> <span class='ocrx_word' id='word_1_633' title='bbox 2057 875 2260 912; x_wconf 85' lang='lat' dir='ltr'>segregationis</span> <span class='ocrx_word' id='word_1_634' title='bbox 2288 885 2407 903; x_wconf 90' lang='lat' dir='ltr'>movens</span> 
     </span>
     <span class='ocr_line' id='line_1_81' title="bbox 1349 914 2408 951; baseline 0.001 -10"><span class='ocrx_word' id='word_1_635' title='bbox 1349 920 1391 941; x_wconf 88' lang='lat' dir='ltr'>est</span> <span class='ocrx_word' id='word_1_636' title='bbox 1412 914 1497 942; x_wconf 90' lang='lat' dir='ltr'>simul</span> <span class='ocrx_word' id='word_1_637' title='bbox 1518 924 1583 942; x_wconf 89' lang='lat' dir='ltr'>curn</span> <span class='ocrx_word' id='word_1_638' title='bbox 1606 921 1686 943; x_wconf 87' lang='lat' dir='ltr'>moto</span> <span class='ocrx_word' id='word_1_639' title='bbox 1709 915 1760 951; x_wconf 92' lang='lat' dir='ltr'>(cf.</span> <span class='ocrx_word' id='word_1_640' title='bbox 1782 915 1844 943; x_wconf 91' lang='lat' dir='ltr'>lect.</span> <span class='ocrx_word' id='word_1_641' title='bbox 1867 925 1959 951; x_wconf 89' lang='lat' dir='ltr'>praec.</span> <span class='ocrx_word' id='word_1_642' title='bbox 1982 925 2010 943; x_wconf 79' lang='lat' dir='ltr'>n.</span> <span class='ocrx_word' id='word_1_643' title='bbox 2037 917 2097 950; x_wconf 89' lang='lat'>11).</span> <span class='ocrx_word' id='word_1_644' title='bbox 2114 932 2133 936; x_wconf 95' lang='lat'><em>-</em></span> <span class='ocrx_word' id='word_1_645' title='bbox 2147 914 2335 943; x_wconf 87' lang='lat' dir='ltr'>Concluditur</span> <span class='ocrx_word' id='word_1_646' title='bbox 2360 924 2408 951; x_wconf 84' lang='lat' dir='ltr'>ge-</span> 
     </span>
     <span class='ocr_line' id='line_1_82' title="bbox 1349 953 2408 990; baseline 0.002 -10"><span class='ocrx_word' id='word_1_647' title='bbox 1349 953 1483 981; x_wconf 88' lang='lat' dir='ltr'>neraliter</span> <span class='ocrx_word' id='word_1_648' title='bbox 1503 955 1582 990; x_wconf 91' lang='lat' dir='ltr'>quod</span> <span class='ocrx_word' id='word_1_649' title='bbox 1603 954 1676 982; x_wconf 89' lang='lat' dir='ltr'>inter</span> <span class='ocrx_word' id='word_1_650' title='bbox 1699 954 1833 982; x_wconf 87' lang='lat' dir='ltr'>ultimum</span> <span class='ocrx_word' id='word_1_651' title='bbox 1859 964 1979 982; x_wconf 89' lang='lat' dir='ltr'>movens</span> <span class='ocrx_word' id='word_1_652' title='bbox 2000 961 2027 982; x_wconf 88' lang='lat' dir='ltr'>et</span> <span class='ocrx_word' id='word_1_653' title='bbox 2047 954 2174 990; x_wconf 87' lang='lat' dir='ltr'>primum</span> <span class='ocrx_word' id='word_1_654' title='bbox 2201 961 2314 982; x_wconf 89' lang='lat' dir='ltr'>motum</span> <span class='ocrx_word' id='word_1_655' title='bbox 2338 954 2408 982; x_wconf 88' lang='lat' dir='ltr'>nihil</span> 
     </span>
     <span class='ocr_line' id='line_1_83' title="bbox 1349 992 1551 1022; baseline 0.005 -2"><span class='ocrx_word' id='word_1_656' title='bbox 1349 999 1391 1020; x_wconf 88' lang='lat' dir='ltr'>est</span> <span class='ocrx_word' id='word_1_657' title='bbox 1412 992 1551 1022; x_wconf 87' lang='lat' dir='ltr'>medium.</span> 
     </span>
    </p>
   </div>
   <div class='ocr_carea' id='block_1_11' title="bbox 1342 1096 2408 3403">
    <p class='ocr_par' dir='ltr' id='par_1_13' title="bbox 1342 1096 2408 2288">
     <span class='ocr_line' id='line_1_84' title="bbox 1349 1096 2408 1143; baseline 0.001 -11"><span class='ocrx_word' id='word_1_658' title='bbox 1349 1104 1405 1132; x_wconf 91' lang='lat' dir='ltr'>est</span> <span class='ocrx_word' id='word_1_659' title='bbox 1433 1096 1479 1133; x_wconf 92' lang='lat' dir='ltr'>de</span> <span class='ocrx_word' id='word_1_660' title='bbox 1508 1097 1566 1132; x_wconf 91' lang='lat' dir='ltr'>his</span> <span class='ocrx_word' id='word_1_661' title='bbox 1595 1098 1799 1143; x_wconf 89' lang='lat' dir='ltr'>contrariis,</span> <span class='ocrx_word' id='word_1_662' title='bbox 1822 1105 1858 1134; x_wconf 91' lang='lat' dir='ltr'>et</span> <span class='ocrx_word' id='word_1_663' title='bbox 1886 1099 1932 1135; x_wconf 92' lang='lat' dir='ltr'>de</span> <span class='ocrx_word' id='word_1_664' title='bbox 1957 1098 2092 1135; x_wconf 92' lang='lat' dir='ltr'>mediis</span> <span class='ocrx_word' id='word_1_665' title='bbox 2120 1099 2270 1134; x_wconf 92' lang='lat' dir='ltr'>horum.</span> <span class='ocrx_word' id='word_1_666' title='bbox 2292 1099 2342 1134; x_wconf 91' lang='lat' dir='ltr'>Et</span> <span class='ocrx_word' id='word_1_667' title='bbox 2360 1097 2408 1134; x_wconf 93' lang='lat' dir='ltr'>si-</span> 
     </span>
     <span class='ocr_line' id='line_1_85' title="bbox 1348 1149 2406 1198; baseline 0.003 -14"><span class='ocrx_word' id='word_1_668' title='bbox 1348 1149 1484 1185; x_wconf 91' lang='lat' dir='ltr'>militer</span> <span class='ocrx_word' id='word_1_669' title='bbox 1512 1149 1625 1185; x_wconf 89' lang='lat' dir='ltr'>etiam</span> <span class='ocrx_word' id='word_1_670' title='bbox 1654 1157 1739 1186; x_wconf 92' lang='lat' dir='ltr'>sunt</span> <span class='ocrx_word' id='word_1_671' title='bbox 1773 1150 1844 1186; x_wconf 90' lang='lat' dir='ltr'>alia</span> <span class='ocrx_word' id='word_1_672' title='bbox 1871 1163 1968 1198; x_wconf 90' lang='lat' dir='ltr'>quae</span> <span class='ocrx_word' id='word_1_673' title='bbox 1997 1152 2066 1187; x_wconf 92' lang='lat' dir='ltr'>sub</span> <span class='ocrx_word' id='word_1_674' title='bbox 2105 1163 2218 1187; x_wconf 91' lang='lat' dir='ltr'>sensu</span> <span class='ocrx_word' id='word_1_675' title='bbox 2247 1150 2406 1196; x_wconf 86' lang='lat' dir='ltr'>cadunt,</span> 
     </span>
     <span class='ocr_line' id='line_1_86' title="bbox 1349 1201 2407 1251; baseline 0.002 -14"><span class='ocrx_word' id='word_1_676' title='bbox 1349 1201 1444 1238; x_wconf 90' lang='lat' dir='ltr'>sicut</span> <span class='ocrx_word' id='word_1_677' title='bbox 1472 1202 1575 1238; x_wconf 88' lang='lat' dir='ltr'>calor</span> <span class='ocrx_word' id='word_1_678' title='bbox 1603 1209 1639 1238; x_wconf 94' lang='lat' dir='ltr'>et</span> <span class='ocrx_word' id='word_1_679' title='bbox 1666 1202 1791 1249; x_wconf 82' lang='lat' dir='ltr'>frigus,</span> <span class='ocrx_word' id='word_1_680' title='bbox 1813 1210 1849 1238; x_wconf 91' lang='lat' dir='ltr'>et</span> <span class='ocrx_word' id='word_1_681' title='bbox 1875 1203 2006 1239; x_wconf 87' lang='lat' dir='ltr'>lenitas</span> <span class='ocrx_word' id='word_1_682' title='bbox 2032 1211 2068 1239; x_wconf 91' lang='lat' dir='ltr'>et</span> <span class='ocrx_word' id='word_1_683' title='bbox 2094 1203 2287 1251; x_wconf 89' lang='lat' dir='ltr'>asperitas,</span> <span class='ocrx_word' id='word_1_684' title='bbox 2309 1214 2407 1251; x_wconf 90' lang='lat' dir='ltr'>quae</span> 
     </span>
     <span class='ocr_line' id='line_1_87' title="bbox 1349 1253 2407 1302; baseline 0.001 -12"><span class='ocrx_word' id='word_1_685' title='bbox 1349 1253 1462 1290; x_wconf 90' lang='lat' dir='ltr'>etiam</span> <span class='ocrx_word' id='word_1_686' title='bbox 1481 1255 1988 1302; x_wconf 90' lang='lat' dir='ltr'>tactu-comprehenduntur.</span> <span class='ocrx_word' id='word_1_687' title='bbox 2005 1276 2028 1283; x_wconf 88' lang='lat'><em>-</em></span> <span class='ocrx_word' id='word_1_688' title='bbox 2051 1255 2283 1292; x_wconf 88' lang='lat' dir='ltr'>Huiusmodi</span> <span class='ocrx_word' id='word_1_689' title='bbox 2303 1255 2407 1292; x_wconf 92' lang='lat' dir='ltr'>enim</span> 
     </span>
     <span class='ocr_line' id='line_1_88' title="bbox 1348 1306 2406 1356; baseline 0.001 -13"><span class='ocrx_word' id='word_1_690' title='bbox 1348 1314 1435 1343; x_wconf 89' lang='lat' dir='ltr'>sunt</span> <span class='ocrx_word' id='word_1_691' title='bbox 1471 1306 1661 1354; x_wconf 91' lang='lat' dir='ltr'>quaedam</span> <span class='ocrx_word' id='word_1_692' title='bbox 1697 1306 1894 1355; x_wconf 87' lang='lat' dir='ltr'>passiones</span> <span class='ocrx_word' id='word_1_693' title='bbox 1931 1308 2001 1343; x_wconf 91' lang='lat' dir='ltr'>sub</span> <span class='ocrx_word' id='word_1_694' title='bbox 2040 1320 2178 1355; x_wconf 89' lang='lat' dir='ltr'>genere</span> <span class='ocrx_word' id='word_1_695' title='bbox 2221 1308 2406 1356; x_wconf 87' lang='lat' dir='ltr'>qualitatis</span> 
     </span>
     <span class='ocr_line' id='line_1_89' title="bbox 1349 1359 2408 1408; baseline 0.001 -13"><span class='ocrx_word' id='word_1_696' title='bbox 1349 1366 1563 1396; x_wconf 89' lang='lat' dir='ltr'>contentae:</span> <span class='ocrx_word' id='word_1_697' title='bbox 1585 1367 1620 1395; x_wconf 91' lang='lat' dir='ltr'>et</span> <span class='ocrx_word' id='word_1_698' title='bbox 1635 1359 1809 1396; x_wconf 88' lang='lat' dir='ltr'>dicuntur</span> <span class='ocrx_word' id='word_1_699' title='bbox 1825 1360 2030 1407; x_wconf 82' lang='lat' dir='ltr'>passiones,</span> <span class='ocrx_word' id='word_1_700' title='bbox 2047 1360 2135 1407; x_wconf 91' lang='lat' dir='ltr'>quia</span> <span class='ocrx_word' id='word_1_701' title='bbox 2153 1360 2372 1408; x_wconf 89' lang='lat' dir='ltr'>passionem</span> <span class='ocrx_word' id='word_1_702' title='bbox 2387 1361 2408 1381; x_wconf 80' lang='grc'><em>*</em></span> 
     </span>
     <span class='ocr_line' id='line_1_90' title="bbox 1347 1412 2407 1460; baseline 0 -12"><span class='ocrx_word' id='word_1_703' title='bbox 1347 1412 1522 1458; x_wconf 88' lang='lat' dir='ltr'>ingerunt</span> <span class='ocrx_word' id='word_1_704' title='bbox 1549 1412 1738 1459; x_wconf 90' lang='lat' dir='ltr'>sensibus,</span> <span class='ocrx_word' id='word_1_705' title='bbox 1764 1413 1827 1449; x_wconf 87' lang='lat' dir='ltr'>vel</span> <span class='ocrx_word' id='word_1_706' title='bbox 1856 1412 1944 1460; x_wconf 92' lang='lat' dir='ltr'>quia</span> <span class='ocrx_word' id='word_1_707' title='bbox 1972 1413 2019 1448; x_wconf 90' lang='lat' dir='ltr'>ab</span> <span class='ocrx_word' id='word_1_708' title='bbox 2049 1412 2235 1460; x_wconf 90' lang='lat' dir='ltr'>aliquibus</span> <span class='ocrx_word' id='word_1_709' title='bbox 2263 1412 2407 1460; x_wconf 91' lang='lat' dir='ltr'>passio-</span> 
     </span>
     <span class='ocr_line' id='line_1_91' title="bbox 1347 1464 2405 1511; baseline 0.001 -11"><span class='ocrx_word' id='word_1_710' title='bbox 1347 1464 1457 1500; x_wconf 91' lang='lat' dir='ltr'>nibus</span> <span class='ocrx_word' id='word_1_711' title='bbox 1490 1472 1710 1511; x_wconf 89' lang='lat' dir='ltr'>causantur,</span> <span class='ocrx_word' id='word_1_712' title='bbox 1743 1472 1786 1501; x_wconf 92' lang='lat' dir='ltr'>ut</span> <span class='ocrx_word' id='word_1_713' title='bbox 1817 1464 1855 1501; x_wconf 90' lang='lat' dir='ltr'>in</span> <span class='ocrx_word' id='word_1_714' title='bbox 1882 1465 2197 1501; x_wconf 86' lang='lat' dir='ltr'>Praedicamentis</span> <span class='ocrx_word' id='word_1_715' title='bbox 2221 1465 2241 1485; x_wconf 83' lang='grc'><strong>*</strong></span> <span class='ocrx_word' id='word_1_716' title='bbox 2262 1465 2405 1502; x_wconf 90' lang='lat' dir='ltr'>dicitur.</span> 
     </span>
     <span class='ocr_line' id='line_1_92' title="bbox 1347 1516 2405 1565; baseline 0.002 -13"><span class='ocrx_word' id='word_1_717' title='bbox 1347 1516 1533 1553; x_wconf 89' lang='lat' dir='ltr'>Dicuntur</span> <span class='ocrx_word' id='word_1_718' title='bbox 1560 1524 1688 1553; x_wconf 89' lang='lat' dir='ltr'>autern</span> <span class='ocrx_word' id='word_1_719' title='bbox 1710 1517 1906 1565; x_wconf 82' lang='lat' dir='ltr'>passiones</span> <span class='ocrx_word' id='word_1_720' title='bbox 1930 1518 2157 1554; x_wconf 82' lang='lat' dir='ltr'>sensibilium</span> <span class='ocrx_word' id='word_1_721' title='bbox 2182 1529 2405 1565; x_wconf 83' lang='lat' dir='ltr'>corporum,</span> 
     </span>
     <span class='ocr_line' id='line_1_93' title="bbox 1347 1569 2407 1618; baseline 0.002 -13"><span class='ocrx_word' id='word_1_722' title='bbox 1347 1569 1435 1617; x_wconf 90' lang='lat' dir='ltr'>quia</span> <span class='ocrx_word' id='word_1_723' title='bbox 1463 1569 1653 1606; x_wconf 87' lang='lat' dir='ltr'>sensibilia</span> <span class='ocrx_word' id='word_1_724' title='bbox 1673 1582 1833 1618; x_wconf 90' lang='lat' dir='ltr'>corpora</span> <span class='ocrx_word' id='word_1_725' title='bbox 1857 1570 2067 1607; x_wconf 91' lang='lat' dir='ltr'>secundum</span> <span class='ocrx_word' id='word_1_726' title='bbox 2095 1570 2314 1607; x_wconf 91' lang='lat' dir='ltr'>huiusmodi</span> <span class='ocrx_word' id='word_1_727' title='bbox 2340 1571 2407 1607; x_wconf 85' lang='lat' dir='ltr'>dif—</span> 
     </span>
     <span class='ocr_line' id='line_1_94' title="bbox 1347 1622 2406 1669; baseline 0.002 -11"><span class='ocrx_word' id='word_1_728' title='bbox 1347 1622 1490 1667; x_wconf 79' lang='lat' dir='ltr'>ferunt3</span> <span class='ocrx_word' id='word_1_729' title='bbox 1528 1622 1754 1669; x_wconf 87' lang='lat' dir='ltr'>inquantum</span> <span class='ocrx_word' id='word_1_730' title='bbox 1790 1622 1930 1659; x_wconf 90' lang='lat' dir='ltr'>scilicet</span> <span class='ocrx_word' id='word_1_731' title='bbox 1949 1624 1969 1644; x_wconf 56' lang='lat'>‘2‘</span> <span class='ocrx_word' id='word_1_732' title='bbox 1989 1635 2111 1659; x_wconf 90' lang='lat' dir='ltr'>unum</span> <span class='ocrx_word' id='word_1_733' title='bbox 2149 1630 2205 1659; x_wconf 89' lang='lat' dir='ltr'>est</span> <span class='ocrx_word' id='word_1_734' title='bbox 2242 1623 2406 1660; x_wconf 91' lang='lat' dir='ltr'>calidum</span> 
     </span>
     <span class='ocr_line' id='line_1_95' title="bbox 1347 1674 2407 1723; baseline 0.002 -13"><span class='ocrx_word' id='word_1_735' title='bbox 1347 1682 1384 1710; x_wconf 90' lang='lat' dir='ltr'>et</span> <span class='ocrx_word' id='word_1_736' title='bbox 1411 1674 1513 1711; x_wconf 91' lang='lat' dir='ltr'>aliud</span> <span class='ocrx_word' id='word_1_737' title='bbox 1539 1674 1726 1722; x_wconf 82' lang='lat' dir='ltr'>frigidum,</span> <span class='ocrx_word' id='word_1_738' title='bbox 1747 1687 1868 1711; x_wconf 90' lang='lat' dir='ltr'>unum</span> <span class='ocrx_word' id='word_1_739' title='bbox 1897 1687 2012 1723; x_wconf 86' lang='lat' dir='ltr'>grave</span> <span class='ocrx_word' id='word_1_740' title='bbox 2041 1682 2078 1711; x_wconf 89' lang='lat' dir='ltr'>et</span> <span class='ocrx_word' id='word_1_741' title='bbox 2104 1674 2206 1712; x_wconf 90' lang='lat' dir='ltr'>aliud</span> <span class='ocrx_word' id='word_1_742' title='bbox 2234 1675 2339 1723; x_wconf 88' lang='lat' dir='ltr'>leve,</span> <span class='ocrx_word' id='word_1_743' title='bbox 2371 1683 2407 1712; x_wconf 91' lang='lat' dir='ltr'>et</span> 
     </span>
     <span class='ocr_line' id='line_1_96' title="bbox 1347 1726 2406 1776; baseline 0.002 -13"><span class='ocrx_word' id='word_1_744' title='bbox 1347 1726 1399 1763; x_wconf 92' lang='lat' dir='ltr'>sic</span> <span class='ocrx_word' id='word_1_745' title='bbox 1441 1727 1488 1763; x_wconf 93' lang='lat' dir='ltr'>de</span> <span class='ocrx_word' id='word_1_746' title='bbox 1517 1727 1612 1773; x_wconf 88' lang='lat' dir='ltr'>aliis;</span> <span class='ocrx_word' id='word_1_747' title='bbox 1642 1735 1706 1764; x_wconf 91' lang='lat' dir='ltr'>aut</span> <span class='ocrx_word' id='word_1_748' title='bbox 1743 1727 1974 1775; x_wconf 88' lang='lat' dir='ltr'>inquantum.</span> <span class='ocrx_word' id='word_1_749' title='bbox 2009 1727 2162 1776; x_wconf 91' lang='lat' dir='ltr'>aliquod</span> <span class='ocrx_word' id='word_1_750' title='bbox 2197 1740 2320 1764; x_wconf 91' lang='lat' dir='ltr'>unum</span> <span class='ocrx_word' id='word_1_751' title='bbox 2358 1728 2406 1765; x_wconf 91' lang='lat' dir='ltr'>de</span> 
     </span>
     <span class='ocr_line' id='line_1_97' title="bbox 1345 1779 2404 1827; baseline 0.002 -12"><span class='ocrx_word' id='word_1_752' title='bbox 1345 1779 1561 1827; x_wconf 89' lang='lat' dir='ltr'>praemissis</span> <span class='ocrx_word' id='word_1_753' title='bbox 1589 1779 1686 1816; x_wconf 90' lang='lat' dir='ltr'>inest</span> <span class='ocrx_word' id='word_1_754' title='bbox 1713 1779 1864 1816; x_wconf 91' lang='lat' dir='ltr'>duobus</span> <span class='ocrx_word' id='word_1_755' title='bbox 1893 1780 2103 1817; x_wconf 90' lang='lat' dir='ltr'>secundum</span> <span class='ocrx_word' id='word_1_756' title='bbox 2123 1780 2243 1827; x_wconf 87' lang='lat' dir='ltr'>magis</span> <span class='ocrx_word' id='word_1_757' title='bbox 2273 1788 2308 1817; x_wconf 89' lang='lat' dir='ltr'>et</span> <span class='ocrx_word' id='word_1_758' title='bbox 2336 1781 2404 1817; x_wconf 90' lang='lat' dir='ltr'>mi-</span> 
     </span>
     <span class='ocr_line' id='line_1_98' title="bbox 1345 1831 2405 1880; baseline 0.003 -13"><span class='ocrx_word' id='word_1_759' title='bbox 1345 1843 1428 1868; x_wconf 89' lang='lat' dir='ltr'>nus.</span> <span class='ocrx_word' id='word_1_760' title='bbox 1451 1831 1549 1878; x_wconf 88' lang='lat' dir='ltr'>Ignis</span> <span class='ocrx_word' id='word_1_761' title='bbox 1578 1832 1680 1868; x_wconf 92' lang='lat' dir='ltr'>enim</span> <span class='ocrx_word' id='word_1_762' title='bbox 1710 1832 1832 1868; x_wconf 82' lang='lat' dir='ltr'>differt</span> <span class='ocrx_word' id='word_1_763' title='bbox 1860 1833 1906 1868; x_wconf 90' lang='lat' dir='ltr'>ab</span> <span class='ocrx_word' id='word_1_764' title='bbox 1937 1845 2035 1880; x_wconf 91' lang='lat' dir='ltr'>aqua</span> <span class='ocrx_word' id='word_1_765' title='bbox 2059 1833 2270 1869; x_wconf 90' lang='lat' dir='ltr'>secundum</span> <span class='ocrx_word' id='word_1_766' title='bbox 2300 1833 2405 1870; x_wconf 86' lang='lat' dir='ltr'>diffe-</span> 
     </span>
     <span class='ocr_line' id='line_1_99' title="bbox 1346 1883 2405 1931; baseline 0.003 -11"><span class='ocrx_word' id='word_1_767' title='bbox 1346 1883 1504 1921; x_wconf 89' lang='lat' dir='ltr'>rentiam</span> <span class='ocrx_word' id='word_1_768' title='bbox 1535 1884 1643 1920; x_wconf 91' lang='lat' dir='ltr'>calidi</span> <span class='ocrx_word' id='word_1_769' title='bbox 1672 1892 1708 1920; x_wconf 91' lang='lat' dir='ltr'>et</span> <span class='ocrx_word' id='word_1_770' title='bbox 1727 1884 1861 1931; x_wconf 83' lang='lat' dir='ltr'>frigidi3</span> <span class='ocrx_word' id='word_1_771' title='bbox 1892 1886 1939 1921; x_wconf 91' lang='lat' dir='ltr'>ab</span> <span class='ocrx_word' id='word_1_772' title='bbox 1969 1898 2055 1921; x_wconf 92' lang='lat' dir='ltr'>aere</span> <span class='ocrx_word' id='word_1_773' title='bbox 2074 1897 2167 1922; x_wconf 85' lang='lat' dir='ltr'>vero</span> <span class='ocrx_word' id='word_1_774' title='bbox 2193 1886 2405 1923; x_wconf 89' lang='lat' dir='ltr'>secundum</span> 
     </span>
     <span class='ocr_line' id='line_1_100' title="bbox 1345 1936 2404 1984; baseline 0.003 -12"><span class='ocrx_word' id='word_1_775' title='bbox 1345 1936 1464 1984; x_wconf 90' lang='lat' dir='ltr'>magis</span> <span class='ocrx_word' id='word_1_776' title='bbox 1484 1944 1520 1973; x_wconf 89' lang='lat' dir='ltr'>et</span> <span class='ocrx_word' id='word_1_777' title='bbox 1548 1936 1674 1973; x_wconf 89' lang='lat' dir='ltr'>minus</span> <span class='ocrx_word' id='word_1_778' title='bbox 1693 1937 1868 1974; x_wconf 90' lang='lat' dir='ltr'>calidum.</span> <span class='ocrx_word' id='word_1_779' title='bbox 1891 1939 1939 1974; x_wconf 92' lang='lat' dir='ltr'>Et</span> <span class='ocrx_word' id='word_1_780' title='bbox 1960 1937 2072 1974; x_wconf 90' lang='lat' dir='ltr'>etiam</span> <span class='ocrx_word' id='word_1_781' title='bbox 2094 1938 2306 1975; x_wconf 90' lang='lat' dir='ltr'>secundum</span> <span class='ocrx_word' id='word_1_782' title='bbox 2330 1939 2404 1975; x_wconf 92' lang='lat' dir='ltr'>hoc</span> 
     </span>
     <span class='ocr_line' id='line_1_101' title="bbox 1345 1989 2403 2038; baseline 0.003 -13"><span class='ocrx_word' id='word_1_783' title='bbox 1345 1989 1546 2026; x_wconf 89' lang='lat' dir='ltr'>attenditur</span> <span class='ocrx_word' id='word_1_784' title='bbox 1579 1989 1811 2026; x_wconf 89' lang='lat' dir='ltr'>sensibilium</span> <span class='ocrx_word' id='word_1_785' title='bbox 1850 2002 2053 2038; x_wconf 88' lang='lat' dir='ltr'>corporum</span> <span class='ocrx_word' id='word_1_786' title='bbox 2092 1990 2320 2038; x_wconf 88' lang='lat' dir='ltr'>differentia,</span> <span class='ocrx_word' id='word_1_787' title='bbox 2349 1991 2403 2028; x_wconf 93' lang='lat' dir='ltr'>in-</span> 
     </span>
     <span class='ocr_line' id='line_1_102' title="bbox 1345 2042 2403 2091; baseline 0.002 -13"><span class='ocrx_word' id='word_1_788' title='bbox 1345 2050 1528 2090; x_wconf 90' lang='lat' dir='ltr'>quantum</span> <span class='ocrx_word' id='word_1_789' title='bbox 1548 2042 1740 2091; x_wconf 89' lang='lat' dir='ltr'>patiuntur</span> <span class='ocrx_word' id='word_1_790' title='bbox 1765 2042 1919 2090; x_wconf 88' lang='lat' dir='ltr'>aliquod</span> <span class='ocrx_word' id='word_1_791' title='bbox 1941 2044 2097 2090; x_wconf 89' lang='lat' dir='ltr'>horum,</span> <span class='ocrx_word' id='word_1_792' title='bbox 2127 2043 2211 2080; x_wconf 90' lang='lat' dir='ltr'>licet</span> <span class='ocrx_word' id='word_1_793' title='bbox 2239 2056 2317 2080; x_wconf 93' lang='lat' dir='ltr'>non</span> <span class='ocrx_word' id='word_1_794' title='bbox 2349 2044 2403 2080; x_wconf 92' lang='lat' dir='ltr'>in-</span> 
     </span>
     <span class='ocr_line' id='line_1_103' title="bbox 1344 2094 2404 2140; baseline 0.003 -10"><span class='ocrx_word' id='word_1_795' title='bbox 1344 2094 1389 2130; x_wconf 91' lang='lat' dir='ltr'>sit</span> <span class='ocrx_word' id='word_1_796' title='bbox 1405 2096 1424 2116; x_wconf 56' lang='lat' dir='ltr'>ss</span> <span class='ocrx_word' id='word_1_797' title='bbox 1440 2094 1492 2131; x_wconf 91' lang='lat' dir='ltr'>eis</span> <span class='ocrx_word' id='word_1_798' title='bbox 1508 2095 1739 2140; x_wconf 89' lang='lat' dir='ltr'>naturaliter;</span> <span class='ocrx_word' id='word_1_799' title='bbox 1761 2095 1855 2132; x_wconf 88' lang='lat' dir='ltr'>sicut</span> <span class='ocrx_word' id='word_1_800' title='bbox 1875 2095 2034 2132; x_wconf 88' lang='lat' dir='ltr'>dicimus</span> <span class='ocrx_word' id='word_1_801' title='bbox 2055 2096 2206 2132; x_wconf 87' lang='lat' dir='ltr'>differre</span> <span class='ocrx_word' id='word_1_802' title='bbox 2226 2097 2404 2133; x_wconf 83' lang='lat' dir='ltr'>calefacta</span> 
     </span>
     <span class='ocr_line' id='line_1_104' title="bbox 1344 2147 2403 2197; baseline 0.003 -14"><span class='ocrx_word' id='word_1_803' title='bbox 1344 2147 1391 2183; x_wconf 90' lang='lat' dir='ltr'>ab</span> <span class='ocrx_word' id='word_1_804' title='bbox 1415 2147 1644 2194; x_wconf 89' lang='lat' dir='ltr'>infrigidatis,</span> <span class='ocrx_word' id='word_1_805' title='bbox 1667 2155 1702 2184; x_wconf 91' lang='lat' dir='ltr'>et</span> <span class='ocrx_word' id='word_1_806' title='bbox 1722 2160 1765 2184; x_wconf 91' lang='lat' dir='ltr'>ea</span> <span class='ocrx_word' id='word_1_807' title='bbox 1786 2160 1882 2196; x_wconf 88' lang='lat' dir='ltr'>quae</span> <span class='ocrx_word' id='word_1_808' title='bbox 1903 2149 1999 2185; x_wconf 90' lang='lat' dir='ltr'>fiunt</span> <span class='ocrx_word' id='word_1_809' title='bbox 2018 2149 2140 2185; x_wconf 91' lang='lat' dir='ltr'>dulcia</span> <span class='ocrx_word' id='word_1_810' title='bbox 2160 2149 2208 2185; x_wconf 87' lang='lat' dir='ltr'>ab</span> <span class='ocrx_word' id='word_1_811' title='bbox 2228 2149 2285 2185; x_wconf 90' lang='lat' dir='ltr'>his</span> <span class='ocrx_word' id='word_1_812' title='bbox 2305 2161 2403 2197; x_wconf 89' lang='lat' dir='ltr'>quae</span> 
     </span>
     <span class='ocr_line' id='line_1_105' title="bbox 1342 2200 2403 2249; baseline 0.004 -14"><span class='ocrx_word' id='word_1_813' title='bbox 1342 2200 1439 2235; x_wconf 89' lang='lat' dir='ltr'>fiunt</span> <span class='ocrx_word' id='word_1_814' title='bbox 1467 2212 1612 2247; x_wconf 89' lang='lat' dir='ltr'>amara,</span> <span class='ocrx_word' id='word_1_815' title='bbox 1641 2213 1710 2248; x_wconf 90' lang='lat' dir='ltr'>per</span> <span class='ocrx_word' id='word_1_816' title='bbox 1738 2200 1902 2248; x_wconf 89' lang='lat' dir='ltr'>aliquam</span> <span class='ocrx_word' id='word_1_817' title='bbox 1930 2202 2165 2249; x_wconf 90' lang='lat' dir='ltr'>passionem,</span> <span class='ocrx_word' id='word_1_818' title='bbox 2188 2209 2223 2238; x_wconf 90' lang='lat' dir='ltr'>et</span> <span class='ocrx_word' id='word_1_819' title='bbox 2251 2214 2329 2238; x_wconf 92' lang='lat' dir='ltr'>non</span> <span class='ocrx_word' id='word_1_820' title='bbox 2358 2214 2403 2239; x_wconf 83' lang='lat' dir='ltr'>ex</span> 
     </span>
     <span class='ocr_line' id='line_1_106' title="bbox 1344 2260 1488 2288; baseline 0 0"><span class='ocrx_word' id='word_1_821' title='bbox 1344 2260 1488 2288; x_wconf 90' lang='lat' dir='ltr'>natura.</span> 
     </span>
    </p>

    <p class='ocr_par' dir='ltr' id='par_1_14' title="bbox 1343 2304 2402 3403">
     <span class='ocr_line' id='line_1_107' title="bbox 1396 2304 2399 2354; baseline 0.003 -14"><span class='ocrx_word' id='word_1_822' title='bbox 1396 2304 1554 2340; x_wconf 87' lang='lat' dir='ltr'>Alterari</span> <span class='ocrx_word' id='word_1_823' title='bbox 1574 2311 1700 2340; x_wconf 90' lang='lat' dir='ltr'>autem</span> <span class='ocrx_word' id='word_1_824' title='bbox 1721 2305 1932 2342; x_wconf 90' lang='lat' dir='ltr'>secundum</span> <span class='ocrx_word' id='word_1_825' title='bbox 1957 2306 2174 2343; x_wconf 91' lang='lat' dir='ltr'>huiusmodi</span> <span class='ocrx_word' id='word_1_826' title='bbox 2195 2306 2399 2354; x_wconf 88' lang='lat' dir='ltr'>qualitates,</span> 
     </span>
     <span class='ocr_line' id='line_1_108' title="bbox 1344 2357 2400 2406; baseline 0.002 -13"><span class='ocrx_word' id='word_1_827' title='bbox 1344 2365 1398 2393; x_wconf 90' lang='lat' dir='ltr'>est</span> <span class='ocrx_word' id='word_1_828' title='bbox 1422 2357 1596 2393; x_wconf 91' lang='lat' dir='ltr'>omnium</span> <span class='ocrx_word' id='word_1_829' title='bbox 1616 2366 1820 2406; x_wconf 91' lang='lat' dir='ltr'>corporum</span> <span class='ocrx_word' id='word_1_830' title='bbox 1849 2358 2094 2406; x_wconf 89' lang='lat' dir='ltr'>sensibilium,</span> <span class='ocrx_word' id='word_1_831' title='bbox 2115 2366 2192 2395; x_wconf 88' lang='lat' dir='ltr'>tam</span> <span class='ocrx_word' id='word_1_832' title='bbox 2218 2359 2400 2395; x_wconf 90' lang='lat' dir='ltr'>animato-</span> 
     </span>
     <span class='ocr_line' id='line_1_109' title="bbox 1344 2409 2401 2460; baseline 0.003 -15"><span class='ocrx_word' id='word_1_833' title='bbox 1344 2422 1428 2446; x_wconf 89' lang='lat' dir='ltr'>rum</span> <span class='ocrx_word' id='word_1_834' title='bbox 1458 2422 1574 2458; x_wconf 91' lang='lat' dir='ltr'>quam</span> <span class='ocrx_word' id='word_1_835' title='bbox 1599 2409 1905 2446; x_wconf 90' lang='lat' dir='ltr'>inanimatorum.</span> <span class='ocrx_word' id='word_1_836' title='bbox 1937 2411 1986 2447; x_wconf 90' lang='lat' dir='ltr'>Et</span> <span class='ocrx_word' id='word_1_837' title='bbox 2004 2411 2093 2458; x_wconf 90' lang='lat' dir='ltr'>quia</span> <span class='ocrx_word' id='word_1_838' title='bbox 2116 2411 2154 2447; x_wconf 91' lang='lat' dir='ltr'>in</span> <span class='ocrx_word' id='word_1_839' title='bbox 2179 2411 2401 2460; x_wconf 92' lang='lat' dir='ltr'>corporibus</span> 
     </span>
     <span class='ocr_line' id='line_1_110' title="bbox 1344 2462 2400 2510; baseline 0.002 -12"><span class='ocrx_word' id='word_1_840' title='bbox 1344 2462 1516 2499; x_wconf 90' lang='lat' dir='ltr'>animatis</span> <span class='ocrx_word' id='word_1_841' title='bbox 1536 2462 1726 2509; x_wconf 90' lang='lat' dir='ltr'>quaedam</span> <span class='ocrx_word' id='word_1_842' title='bbox 1745 2470 1870 2510; x_wconf 90' lang='lat' dir='ltr'>partes</span> <span class='ocrx_word' id='word_1_843' title='bbox 1886 2470 1972 2499; x_wconf 90' lang='lat' dir='ltr'>sunt</span> <span class='ocrx_word' id='word_1_844' title='bbox 1990 2464 2190 2509; x_wconf 83' lang='lat' dir='ltr'>animatae,</span> <span class='ocrx_word' id='word_1_845' title='bbox 2207 2463 2303 2500; x_wconf 88' lang='lat' dir='ltr'>idest</span> <span class='ocrx_word' id='word_1_846' title='bbox 2317 2477 2400 2501; x_wconf 91' lang='lat' dir='ltr'>sen-</span> 
     </span>
     <span class='ocr_line' id='line_1_111' title="bbox 1344 2515 2401 2563; baseline 0.002 -12"><span class='ocrx_word' id='word_1_847' title='bbox 1344 2515 1487 2562; x_wconf 86' lang='lat' dir='ltr'>sitivae,</span> <span class='ocrx_word' id='word_1_848' title='bbox 1516 2522 1558 2551; x_wconf 93' lang='lat' dir='ltr'>ut</span> <span class='ocrx_word' id='word_1_849' title='bbox 1582 2516 1713 2551; x_wconf 89' lang='lat' dir='ltr'>oculus</span> <span class='ocrx_word' id='word_1_850' title='bbox 1742 2522 1777 2551; x_wconf 91' lang='lat' dir='ltr'>et</span> <span class='ocrx_word' id='word_1_851' title='bbox 1797 2527 1943 2562; x_wconf 90' lang='lat' dir='ltr'>manus,</span> <span class='ocrx_word' id='word_1_852' title='bbox 1965 2516 2154 2563; x_wconf 90' lang='lat' dir='ltr'>quaedam</span> <span class='ocrx_word' id='word_1_853' title='bbox 2174 2524 2301 2553; x_wconf 89' lang='lat' dir='ltr'>autem</span> <span class='ocrx_word' id='word_1_854' title='bbox 2322 2517 2401 2553; x_wconf 87' lang='lat' dir='ltr'>ina-</span> 
     </span>
     <span class='ocr_line' id='line_1_112' title="bbox 1344 2567 2399 2616; baseline 0.001 -12"><span class='ocrx_word' id='word_1_855' title='bbox 1344 2568 1518 2613; x_wconf 86' lang='lat' dir='ltr'>nz&#39;matae,</span> <span class='ocrx_word' id='word_1_856' title='bbox 1548 2567 1643 2604; x_wconf 88' lang='lat' dir='ltr'>idest</span> <span class='ocrx_word' id='word_1_857' title='bbox 1662 2580 1739 2604; x_wconf 91' lang='lat' dir='ltr'>non</span> <span class='ocrx_word' id='word_1_858' title='bbox 1768 2568 1984 2614; x_wconf 88' lang='lat' dir='ltr'>sensitivae,</span> <span class='ocrx_word' id='word_1_859' title='bbox 2013 2576 2054 2604; x_wconf 88' lang='lat' dir='ltr'>ut</span> <span class='ocrx_word' id='word_1_860' title='bbox 2082 2568 2203 2616; x_wconf 89' lang='lat' dir='ltr'>capilli</span> <span class='ocrx_word' id='word_1_861' title='bbox 2232 2577 2268 2605; x_wconf 87' lang='lat' dir='ltr'>et</span> <span class='ocrx_word' id='word_1_862' title='bbox 2296 2582 2399 2615; x_wconf 91' lang='lat' dir='ltr'>ossa;</span> 
     </span>
     <span class='ocr_line' id='line_1_113' title="bbox 1343 2620 2400 2669; baseline 0.002 -13"><span class='ocrx_word' id='word_1_863' title='bbox 1343 2627 1525 2668; x_wconf 88' lang='lat' dir='ltr'>utraeque</span> <span class='ocrx_word' id='word_1_864' title='bbox 1553 2627 1677 2668; x_wconf 85' lang='lat' dir='ltr'>partes</span> <span class='ocrx_word' id='word_1_865' title='bbox 1715 2620 1926 2657; x_wconf 90' lang='lat' dir='ltr'>secundum</span> <span class='ocrx_word' id='word_1_866' title='bbox 1954 2620 2172 2658; x_wconf 90' lang='lat' dir='ltr'>huiusmodi</span> <span class='ocrx_word' id='word_1_867' title='bbox 2206 2622 2400 2669; x_wconf 91' lang='lat' dir='ltr'>qualitates</span> 
     </span>
     <span class='ocr_line' id='line_1_114' title="bbox 1344 2672 2400 2721; baseline 0.002 -12"><span class='ocrx_word' id='word_1_868' title='bbox 1344 2674 1557 2719; x_wconf 86' lang='lat' dir='ltr'>alterantur,</span> <span class='ocrx_word' id='word_1_869' title='bbox 1579 2672 1667 2721; x_wconf 92' lang='lat' dir='ltr'>quia</span> <span class='ocrx_word' id='word_1_870' title='bbox 1686 2685 1818 2709; x_wconf 88' lang='lat' dir='ltr'>sensus</span> <span class='ocrx_word' id='word_1_871' title='bbox 1843 2673 2038 2710; x_wconf 90' lang='lat' dir='ltr'>sentiendo</span> <span class='ocrx_word' id='word_1_872' title='bbox 2058 2674 2264 2721; x_wconf 88' lang='lat' dir='ltr'>patiuntur:</span> <span class='ocrx_word' id='word_1_873' title='bbox 2286 2674 2400 2711; x_wconf 89' lang='lat' dir='ltr'>actio-</span> 
     </span>
     <span class='ocr_line' id='line_1_115' title="bbox 1343 2726 2400 2775; baseline 0.001 -13"><span class='ocrx_word' id='word_1_874' title='bbox 1343 2738 1411 2762; x_wconf 92' lang='lat' dir='ltr'>nes</span> <span class='ocrx_word' id='word_1_875' title='bbox 1431 2726 1533 2762; x_wconf 89' lang='lat' dir='ltr'>enim</span> <span class='ocrx_word' id='word_1_876' title='bbox 1549 2737 1741 2772; x_wconf 90' lang='lat' dir='ltr'>sensuum,</span> <span class='ocrx_word' id='word_1_877' title='bbox 1753 2733 1795 2761; x_wconf 89' lang='lat' dir='ltr'>ut</span> <span class='ocrx_word' id='word_1_878' title='bbox 1814 2726 1953 2762; x_wconf 89' lang='lat' dir='ltr'>auditio</span> <span class='ocrx_word' id='word_1_879' title='bbox 1971 2733 2007 2762; x_wconf 92' lang='lat' dir='ltr'>et</span> <span class='ocrx_word' id='word_1_880' title='bbox 2019 2726 2127 2773; x_wconf 85' lang='lat' dir='ltr'>visio,</span> <span class='ocrx_word' id='word_1_881' title='bbox 2141 2734 2226 2763; x_wconf 90' lang='lat' dir='ltr'>sunt</span> <span class='ocrx_word' id='word_1_882' title='bbox 2245 2727 2400 2775; x_wconf 90' lang='lat' dir='ltr'>quidam</span> 
     </span>
     <span class='ocr_line' id='line_1_116' title="bbox 1345 2778 2399 2827; baseline 0.002 -13"><span class='ocrx_word' id='word_1_883' title='bbox 1345 2786 1470 2815; x_wconf 90' lang='lat' dir='ltr'>motus</span> <span class='ocrx_word' id='word_1_884' title='bbox 1497 2790 1567 2826; x_wconf 93' lang='lat' dir='ltr'>per</span> <span class='ocrx_word' id='word_1_885' title='bbox 1587 2790 1724 2826; x_wconf 91' lang='lat' dir='ltr'>corpus</span> <span class='ocrx_word' id='word_1_886' title='bbox 1743 2779 1762 2798; x_wconf 71' lang='lat'>&#39;²¹‘</span> <span class='ocrx_word' id='word_1_887' title='bbox 1783 2790 1870 2814; x_wconf 91' lang='lat' dir='ltr'>cum</span> <span class='ocrx_word' id='word_1_888' title='bbox 1900 2778 2024 2827; x_wconf 89' lang='lat' dir='ltr'>aliqua</span> <span class='ocrx_word' id='word_1_889' title='bbox 2053 2791 2183 2816; x_wconf 90' lang='lat' dir='ltr'>sensus</span> <span class='ocrx_word' id='word_1_890' title='bbox 2210 2780 2399 2827; x_wconf 91' lang='lat' dir='ltr'>passione.</span> 
     </span>
     <span class='ocr_line' id='line_1_117' title="bbox 1345 2830 2400 2879; baseline 0.003 -13"><span class='ocrx_word' id='word_1_891' title='bbox 1345 2831 1436 2867; x_wconf 94' lang='lat' dir='ltr'>Non</span> <span class='ocrx_word' id='word_1_892' title='bbox 1466 2830 1566 2867; x_wconf 90' lang='lat' dir='ltr'>enim</span> <span class='ocrx_word' id='word_1_893' title='bbox 1597 2843 1728 2867; x_wconf 90' lang='lat' dir='ltr'>sensus</span> <span class='ocrx_word' id='word_1_894' title='bbox 1756 2831 1896 2867; x_wconf 90' lang='lat' dir='ltr'>habent</span> <span class='ocrx_word' id='word_1_895' title='bbox 1924 2831 2087 2879; x_wconf 84' lang='lat' dir='ltr'>aliquam</span> <span class='ocrx_word' id='word_1_896' title='bbox 2110 2832 2310 2879; x_wconf 86' lang='lat' dir='ltr'>actionem,</span> <span class='ocrx_word' id='word_1_897' title='bbox 2330 2832 2400 2869; x_wconf 91' lang='lat' dir='ltr'>nisi</span> 
     </span>
     <span class='ocr_line' id='line_1_118' title="bbox 1344 2884 2402 2932; baseline 0.002 -13"><span class='ocrx_word' id='word_1_898' title='bbox 1344 2895 1412 2931; x_wconf 91' lang='lat' dir='ltr'>per</span> <span class='ocrx_word' id='word_1_899' title='bbox 1432 2895 1616 2930; x_wconf 88' lang='lat' dir='ltr'>organum</span> <span class='ocrx_word' id='word_1_900' title='bbox 1637 2895 1881 2931; x_wconf 90' lang='lat' dir='ltr'>corporeum:</span> <span class='ocrx_word' id='word_1_901' title='bbox 1909 2884 2058 2932; x_wconf 89' lang='lat' dir='ltr'>corpori</span> <span class='ocrx_word' id='word_1_902' title='bbox 2077 2892 2203 2921; x_wconf 89' lang='lat' dir='ltr'>autem</span> <span class='ocrx_word' id='word_1_903' title='bbox 2224 2885 2402 2921; x_wconf 85' lang='lat' dir='ltr'>convenit</span> 
     </span>
     <span class='ocr_line' id='line_1_119' title="bbox 1345 2936 2400 2985; baseline 0.003 -14"><span class='ocrx_word' id='word_1_904' title='bbox 1345 2936 1493 2972; x_wconf 89' lang='lat' dir='ltr'>moveri</span> <span class='ocrx_word' id='word_1_905' title='bbox 1517 2943 1553 2972; x_wconf 89' lang='lat' dir='ltr'>et</span> <span class='ocrx_word' id='word_1_906' title='bbox 1580 2936 1737 2972; x_wconf 88' lang='lat' dir='ltr'>alterari.</span> <span class='ocrx_word' id='word_1_907' title='bbox 1759 2936 1870 2972; x_wconf 87' lang='lat' dir='ltr'>Unde</span> <span class='ocrx_word' id='word_1_908' title='bbox 1889 2937 2015 2985; x_wconf 91' lang='lat' dir='ltr'>passio</span> <span class='ocrx_word' id='word_1_909' title='bbox 2040 2944 2076 2973; x_wconf 90' lang='lat' dir='ltr'>et</span> <span class='ocrx_word' id='word_1_910' title='bbox 2095 2938 2260 2974; x_wconf 89' lang='lat' dir='ltr'>alteratio</span> <span class='ocrx_word' id='word_1_911' title='bbox 2281 2938 2400 2985; x_wconf 89' lang='lat' dir='ltr'>magis</span> 
     </span>
     <span class='ocr_line' id='line_1_120' title="bbox 1343 2988 2400 3037; baseline 0.002 -13"><span class='ocrx_word' id='word_1_912' title='bbox 1343 2988 1496 3036; x_wconf 88' lang='lat' dir='ltr'>proprie</span> <span class='ocrx_word' id='word_1_913' title='bbox 1521 2988 1653 3025; x_wconf 90' lang='lat' dir='ltr'>dicitur</span> <span class='ocrx_word' id='word_1_914' title='bbox 1677 2989 1714 3024; x_wconf 91' lang='lat' dir='ltr'>in</span> <span class='ocrx_word' id='word_1_915' title='bbox 1733 3001 1846 3025; x_wconf 88' lang='lat' dir='ltr'>sensu</span> <span class='ocrx_word' id='word_1_916' title='bbox 1875 3001 1990 3037; x_wconf 89' lang='lat' dir='ltr'>quam</span> <span class='ocrx_word' id='word_1_917' title='bbox 2010 2989 2048 3026; x_wconf 89' lang='lat' dir='ltr'>in</span> <span class='ocrx_word' id='word_1_918' title='bbox 2067 2989 2264 3037; x_wconf 89' lang='lat' dir='ltr'>intellectu,</span> <span class='ocrx_word' id='word_1_919' title='bbox 2295 2991 2400 3027; x_wconf 92' lang='lat' dir='ltr'>cuius</span> 
     </span>
     <span class='ocr_line' id='line_1_121' title="bbox 1345 3041 2398 3091; baseline 0.003 -15"><span class='ocrx_word' id='word_1_920' title='bbox 1345 3041 1514 3089; x_wconf 90' lang='lat' dir='ltr'>operatio</span> <span class='ocrx_word' id='word_1_921' title='bbox 1531 3053 1609 3077; x_wconf 93' lang='lat' dir='ltr'>non</span> <span class='ocrx_word' id='word_1_922' title='bbox 1625 3048 1679 3077; x_wconf 91' lang='lat' dir='ltr'>est</span> <span class='ocrx_word' id='word_1_923' title='bbox 1697 3053 1766 3089; x_wconf 91' lang='lat' dir='ltr'>per</span> <span class='ocrx_word' id='word_1_924' title='bbox 1781 3041 1933 3089; x_wconf 89' lang='lat' dir='ltr'>aliquod</span> <span class='ocrx_word' id='word_1_925' title='bbox 1953 3054 2137 3089; x_wconf 89' lang='lat' dir='ltr'>organum</span> <span class='ocrx_word' id='word_1_926' title='bbox 2159 3055 2398 3091; x_wconf 89' lang='lat' dir='ltr'>corporeum.</span> 
     </span>
     <span class='ocr_line' id='line_1_122' title="bbox 1347 3093 2399 3143; baseline 0.002 -14"><span class='ocrx_word' id='word_1_927' title='bbox 1347 3093 1408 3130; x_wconf 89' lang='lat' dir='ltr'>Sic</span> <span class='ocrx_word' id='word_1_928' title='bbox 1427 3093 1535 3141; x_wconf 88' lang='lat' dir='ltr'>igitur</span> <span class='ocrx_word' id='word_1_929' title='bbox 1553 3101 1654 3141; x_wconf 90' lang='lat' dir='ltr'>patet</span> <span class='ocrx_word' id='word_1_930' title='bbox 1673 3093 1778 3141; x_wconf 91' lang='lat' dir='ltr'>quod</span> <span class='ocrx_word' id='word_1_931' title='bbox 1797 3094 2007 3131; x_wconf 90' lang='lat' dir='ltr'>secundum</span> <span class='ocrx_word' id='word_1_932' title='bbox 2028 3107 2289 3143; x_wconf 89' lang='lat' dir='ltr'>quascumque</span> <span class='ocrx_word' id='word_1_933' title='bbox 2309 3107 2399 3142; x_wconf 91' lang='lat' dir='ltr'>qua-</span> 
     </span>
     <span class='ocr_line' id='line_1_123' title="bbox 1345 3146 2398 3194; baseline 0 -12"><span class='ocrx_word' id='word_1_934' title='bbox 1345 3146 1480 3192; x_wconf 89' lang='lat' dir='ltr'>litates,</span> <span class='ocrx_word' id='word_1_935' title='bbox 1507 3153 1542 3182; x_wconf 90' lang='lat' dir='ltr'>et</span> <span class='ocrx_word' id='word_1_936' title='bbox 1566 3147 1776 3183; x_wconf 89' lang='lat' dir='ltr'>secundum</span> <span class='ocrx_word' id='word_1_937' title='bbox 1806 3159 2067 3194; x_wconf 89' lang='lat' dir='ltr'>quoscumque</span> <span class='ocrx_word' id='word_1_938' title='bbox 2098 3155 2239 3193; x_wconf 89' lang='lat' dir='ltr'>motus,</span> <span class='ocrx_word' id='word_1_939' title='bbox 2269 3152 2283 3173; x_wconf 68' lang='grc' dir='ltr'><strong><em>Ὺ</em></strong></span> <span class='ocrx_word' id='word_1_940' title='bbox 2312 3148 2398 3182; x_wconf 88' lang='lat' dir='ltr'>alte-</span> 
     </span>
     <span class='ocr_line' id='line_1_124' title="bbox 1346 3198 2399 3247; baseline 0 -13"><span class='ocrx_word' id='word_1_941' title='bbox 1346 3206 1473 3235; x_wconf 89' lang='lat' dir='ltr'>rantur</span> <span class='ocrx_word' id='word_1_942' title='bbox 1493 3211 1653 3247; x_wconf 91' lang='lat' dir='ltr'>corpora</span> <span class='ocrx_word' id='word_1_943' title='bbox 1672 3198 1887 3245; x_wconf 84' lang='lat' dir='ltr'>inanimata,</span> <span class='ocrx_word' id='word_1_944' title='bbox 1909 3199 2118 3235; x_wconf 90' lang='lat' dir='ltr'>secundum</span> <span class='ocrx_word' id='word_1_945' title='bbox 2141 3199 2297 3235; x_wconf 91' lang='lat' dir='ltr'>eosdem</span> <span class='ocrx_word' id='word_1_946' title='bbox 2317 3211 2399 3235; x_wconf 89' lang='lat' dir='ltr'>mo-</span> 
     </span>
     <span class='ocr_line' id='line_1_125' title="bbox 1345 3251 2399 3299; baseline 0 -13"><span class='ocrx_word' id='word_1_947' title='bbox 1345 3258 1403 3286; x_wconf 90' lang='lat' dir='ltr'>tus</span> <span class='ocrx_word' id='word_1_948' title='bbox 1434 3258 1468 3287; x_wconf 91' lang='lat' dir='ltr'>et</span> <span class='ocrx_word' id='word_1_949' title='bbox 1497 3251 1650 3287; x_wconf 88' lang='lat' dir='ltr'>easdem</span> <span class='ocrx_word' id='word_1_950' title='bbox 1679 3251 1874 3298; x_wconf 89' lang='lat' dir='ltr'>qualitates</span> <span class='ocrx_word' id='word_1_951' title='bbox 1902 3252 2103 3286; x_wconf 89' lang='lat' dir='ltr'>alterantur</span> <span class='ocrx_word' id='word_1_952' title='bbox 2132 3263 2291 3299; x_wconf 90' lang='lat' dir='ltr'>corpora</span> <span class='ocrx_word' id='word_1_953' title='bbox 2323 3251 2399 3287; x_wconf 90' lang='lat' dir='ltr'>ani-</span> 
     </span>
     <span class='ocr_line' id='line_1_126' title="bbox 1346 3302 2399 3351; baseline 0.002 -13"><span class='ocrx_word' id='word_1_954' title='bbox 1346 3311 1458 3339; x_wconf 89' lang='lat' dir='ltr'>mata.</span> <span class='ocrx_word' id='word_1_955' title='bbox 1491 3304 1566 3340; x_wconf 89' lang='lat' dir='ltr'>Sed</span> <span class='ocrx_word' id='word_1_956' title='bbox 1595 3315 1672 3339; x_wconf 93' lang='lat' dir='ltr'>non</span> <span class='ocrx_word' id='word_1_957' title='bbox 1703 3302 1951 3347; x_wconf 83' lang='lat' dir='ltr'>convertitur;</span> <span class='ocrx_word' id='word_1_958' title='bbox 1981 3303 2068 3350; x_wconf 90' lang='lat' dir='ltr'>quia</span> <span class='ocrx_word' id='word_1_959' title='bbox 2104 3302 2142 3338; x_wconf 90' lang='lat' dir='ltr'>in</span> <span class='ocrx_word' id='word_1_960' title='bbox 2178 3303 2399 3351; x_wconf 89' lang='lat' dir='ltr'>corporibus</span> 
     </span>
     <span class='ocr_line' id='line_1_127' title="bbox 1346 3354 2396 3403; baseline 0.001 -12"><span class='ocrx_word' id='word_1_961' title='bbox 1346 3354 1518 3391; x_wconf 88' lang='lat' dir='ltr'>animatis</span> <span class='ocrx_word' id='word_1_962' title='bbox 1556 3355 1744 3391; x_wconf 88' lang='lat' dir='ltr'>invenitur</span> <span class='ocrx_word' id='word_1_963' title='bbox 1781 3354 1946 3390; x_wconf 91' lang='lat' dir='ltr'>alteratio</span> <span class='ocrx_word' id='word_1_964' title='bbox 1976 3355 2184 3391; x_wconf 90' lang='lat' dir='ltr'>secundum</span> <span class='ocrx_word' id='word_1_965' title='bbox 2222 3367 2396 3403; x_wconf 90' lang='lat' dir='ltr'>sensum,</span> 
     </span>
    </p>
   </div>
   <div class='ocr_carea' id='block_1_12' title="bbox 1343 3487 2398 3590">
    <p class='ocr_par' dir='ltr' id='par_1_15' title="bbox 1343 3487 2398 3590">
     <span class='ocr_line' id='line_1_128' title="bbox 1343 3487 2398 3546; baseline 0.003 -34"><span class='ocrx_word' id='word_1_966' title='bbox 1343 3487 1548 3546; x_wconf 46' lang='grc' dir='ltr'>Τ-ῳίξὲιῃὴῐίτ.</span> <span class='ocrx_word' id='word_1_967' title='bbox 1567 3502 1585 3506; x_wconf 99' lang='grc'>-</span> <span class='ocrx_word' id='word_1_968' title='bbox 1610 3489 1659 3512; x_wconf 89' lang='lat' dir='ltr'>Pro</span> <span class='ocrx_word' id='word_1_969' title='bbox 1683 3488 1730 3512; x_wconf 85' lang='lat' dir='ltr'>sed</span> <span class='ocrx_word' id='word_1_970' title='bbox 1748 3491 1851 3516; x_wconf 81' lang='lat' dir='ltr'>tamen,</span> <span class='ocrx_word' id='word_1_971' title='bbox 1878 3492 1903 3513; x_wconf 87' lang='lat' dir='ltr'>et</span> <span class='ocrx_word' id='word_1_972' title='bbox 1928 3491 2015 3512; x_wconf 82' lang='lat' dir='ltr'>tamen</span> <span class='ocrx_word' id='word_1_973' title='bbox 2035 3489 2111 3513; x_wconf 86' lang='lat' dir='ltr'>editio</span> <span class='ocrx_word' id='word_1_974' title='bbox 2127 3496 2144 3513; x_wconf 84' lang='lat' dir='ltr'>a</span> <span class='ocrx_word' id='word_1_975' title='bbox 2163 3494 2188 3513; x_wconf 87' lang='lat' dir='ltr'>et</span> <span class='ocrx_word' id='word_1_976' title='bbox 2207 3489 2306 3515; x_wconf 88' lang='lat' dir='ltr'>codices</span> <span class='ocrx_word' id='word_1_977' title='bbox 2326 3497 2398 3515; x_wconf 88' lang='lat' dir='ltr'>exce-</span> 
     </span>
     <span class='ocr_line' id='line_1_129' title="bbox 1361 3527 1465 3547; baseline 0.01 -1"><span class='ocrx_word' id='word_1_978' title='bbox 1361 3527 1393 3546; x_wconf 82' lang='lat' dir='ltr'>tis</span> <span class='ocrx_word' id='word_1_979' title='bbox 1458 3540 1465 3547; x_wconf 91' lang='lat'>.</span> 
     </span>
     <span class='ocr_line' id='line_1_130' title="bbox 1343 3530 2397 3590; baseline 0.003 -9"><span class='ocrx_word' id='word_1_980' title='bbox 1343 3530 1359 3554; x_wconf 77' lang='lat' dir='ltr'>p</span> <span class='ocrx_word' id='word_1_981' title='bbox 1395 3556 1422 3590; x_wconf 89' lang='grc' dir='ltr'>γ)</span> <span class='ocrx_word' id='word_1_982' title='bbox 1443 3564 1616 3589; x_wconf 84' lang='lat' dir='ltr'>quoscumque</span> <span class='ocrx_word' id='word_1_983' title='bbox 1635 3560 1728 3581; x_wconf 84' lang='lat' dir='ltr'>motus.</span> <span class='ocrx_word' id='word_1_984' title='bbox 1746 3571 1764 3575; x_wconf 89' lang='lat'>—</span> <span class='ocrx_word' id='word_1_985' title='bbox 1782 3557 1831 3581; x_wconf 85' lang='lat' dir='ltr'>Pro</span> <span class='ocrx_word' id='word_1_986' title='bbox 1851 3561 1950 3586; x_wconf 81' lang='lat' dir='ltr'>motus,</span> <span class='ocrx_word' id='word_1_987' title='bbox 1971 3558 2062 3582; x_wconf 88' lang='lat' dir='ltr'>modos</span> <span class='ocrx_word' id='word_1_988' title='bbox 2081 3558 2137 3583; x_wconf 87' lang='lat' dir='ltr'>edd.</span> <span class='ocrx_word' id='word_1_989' title='bbox 2157 3559 2198 3583; x_wconf 86' lang='lat' dir='ltr'>ab</span> <span class='ocrx_word' id='word_1_990' title='bbox 2218 3564 2243 3584; x_wconf 92' lang='lat' dir='ltr'>et</span> <span class='ocrx_word' id='word_1_991' title='bbox 2255 3560 2329 3584; x_wconf 89' lang='lat' dir='ltr'>codd.</span> <span class='ocrx_word' id='word_1_992' title='bbox 2345 3567 2397 3584; x_wconf 84' lang='lat' dir='ltr'>exc.</span> 
     </span>
    </p>
   </div>
   <div class='ocr_carea' id='block_1_13' title="bbox 287 3587 2358 3627">
    <p class='ocr_par' dir='ltr' id='par_1_16' title="bbox 287 3587 2358 3627">
     <span class='ocr_line' id='line_1_131' title="bbox 287 3587 2358 3627; baseline 0.003 -15"><span class='ocrx_word' id='word_1_993' title='bbox 287 3587 312 3621; x_wconf 81' lang='grc' dir='ltr'>β)</span> <span class='ocrx_word' id='word_1_994' title='bbox 332 3588 377 3620; x_wconf 79' lang='lat' dir='ltr'>qui</span> <span class='ocrx_word' id='word_1_995' title='bbox 390 3589 585 3620; x_wconf 82' lang='lat' dir='ltr'>percipiuntur.</span> <span class='ocrx_word' id='word_1_996' title='bbox 603 3603 621 3606; x_wconf 98' lang='lat'><strong>—</strong></span> <span class='ocrx_word' id='word_1_997' title='bbox 639 3595 705 3621; x_wconf 84' lang='lat' dir='ltr'>quae</span> <span class='ocrx_word' id='word_1_998' title='bbox 719 3588 905 3620; x_wconf 81' lang='lat' dir='ltr'>percipiuntur</span> <span class='ocrx_word' id='word_1_999' title='bbox 924 3589 1024 3614; x_wconf 84' lang='lat' dir='ltr'>codices</span> <span class='ocrx_word' id='word_1_1000' title='bbox 1049 3590 1159 3621; x_wconf 82' lang='lat' dir='ltr'>exceptis</span> <span class='ocrx_word' id='word_1_1001' title='bbox 1182 3590 1244 3619; x_wconf 82' lang='lat' dir='ltr'>EG,</span> <span class='ocrx_word' id='word_1_1002' title='bbox 1264 3594 1289 3614; x_wconf 87' lang='lat' dir='ltr'>et</span> <span class='ocrx_word' id='word_1_1003' title='bbox 1343 3590 1443 3622; x_wconf 84' lang='lat' dir='ltr'>Ds1-1N;</span> <span class='ocrx_word' id='word_1_1004' title='bbox 1460 3592 1506 3616; x_wconf 87' lang='lat' dir='ltr'>sed</span> <span class='ocrx_word' id='word_1_1005' title='bbox 1521 3593 1565 3616; x_wconf 89' lang='lat' dir='ltr'>lin.</span> <span class='ocrx_word' id='word_1_1006' title='bbox 1580 3599 1636 3623; x_wconf 82' lang='lat' dir='ltr'>seq.</span> <span class='ocrx_word' id='word_1_1007' title='bbox 1652 3592 1704 3623; x_wconf 88' lang='lat' dir='ltr'>(ubi</span> <span class='ocrx_word' id='word_1_1008' title='bbox 1719 3592 1835 3624; x_wconf 88' lang='lat' dir='ltr'>LMOpH</span> <span class='ocrx_word' id='word_1_1009' title='bbox 1849 3593 1905 3624; x_wconf 85' lang='lat' dir='ltr'>lac.)</span> <span class='ocrx_word' id='word_1_1010' title='bbox 1920 3593 1968 3624; x_wconf 83' lang='lat' dir='ltr'>leg.</span> <span class='ocrx_word' id='word_1_1011' title='bbox 1980 3593 2071 3618; x_wconf 86' lang='lat' dir='ltr'>modos</span> <span class='ocrx_word' id='word_1_1012' title='bbox 2084 3594 2133 3618; x_wconf 90' lang='lat' dir='ltr'>soli</span> <span class='ocrx_word' id='word_1_1013' title='bbox 2151 3594 2358 3627; x_wconf 81' lang='lat' dir='ltr'>BDEFGRZpC.</span> 
     </span>
    </p>
   </div>
   <div class='ocr_carea' id='block_1_14' title="bbox 2435 1362 2646 1415">
    <p class='ocr_par' dir='ltr' id='par_1_17' title="bbox 2435 1362 2646 1415">
     <span class='ocr_line' id='line_1_132' title="bbox 2435 1362 2646 1389; baseline 0.014 -7"><span class='ocrx_word' id='word_1_1014' title='bbox 2435 1364 2444 1372; x_wconf 79' lang='lat'><em>“</em></span> <span class='ocrx_word' id='word_1_1015' title='bbox 2458 1362 2583 1389; x_wconf 80' lang='lat' dir='ltr'>passiones</span> <span class='ocrx_word' id='word_1_1016' title='bbox 2600 1369 2646 1385; x_wconf 72' lang='lat' dir='ltr'>nou</span> 
     </span>
     <span class='ocr_line' id='line_1_133' title="bbox 2435 1394 2572 1415; baseline 0.015 -6"><span class='ocrx_word' id='word_1_1017' title='bbox 2435 1395 2473 1415; x_wconf 65' lang='lat' dir='ltr'>xa,</span> <span class='ocrx_word' id='word_1_1018' title='bbox 2488 1394 2536 1410; x_wconf 87' lang='lat' dir='ltr'>orn.</span> <span class='ocrx_word' id='word_1_1019' title='bbox 2550 1395 2572 1411; x_wconf 76' lang='grc' dir='ltr'>ε,</span> 
     </span>
    </p>
   </div>
   <div class='ocr_carea' id='block_1_15' title="bbox 2434 1471 2648 1499">
    <p class='ocr_par' dir='ltr' id='par_1_18' title="bbox 2434 1471 2648 1499">
     <span class='ocr_line' id='line_1_134' title="bbox 2434 1471 2648 1499; baseline 0.005 -7"><span class='ocrx_word' id='word_1_1020' title='bbox 2434 1472 2444 1481; x_wconf 76' lang='lat'>*</span> <span class='ocrx_word' id='word_1_1021' title='bbox 2451 1471 2648 1499; x_wconf 77' lang='lat' dir='ltr'>Cap-v1‚nn.1o,11.</span> 
     </span>
    </p>
   </div>
   <div class='ocr_carea' id='block_1_16' title="bbox 2436 1628 2605 1650">
    <p class='ocr_par' dir='ltr' id='par_1_19' title="bbox 2436 1628 2605 1650">
     <span class='ocr_line' id='line_1_135' title="bbox 2436 1628 2605 1650; baseline 0.006 -1"><span class='ocrx_word' id='word_1_1022' title='bbox 2436 1629 2445 1638; x_wconf 90' lang='grc'><em>·</em></span> <span class='ocrx_word' id='word_1_1023' title='bbox 2461 1630 2503 1650; x_wconf 89' lang='lat' dir='ltr'>aut</span> <span class='ocrx_word' id='word_1_1024' title='bbox 2516 1628 2569 1650; x_wconf 82' lang='lat' dir='ltr'>add.</span> <span class='ocrx_word' id='word_1_1025' title='bbox 2584 1635 2605 1650; x_wconf 69' lang='grc' dir='ltr'>Ρ.</span> 
     </span>
    </p>
   </div>
   <div class='ocr_carea' id='block_1_17' title="bbox 2432 2102 2619 2124">
    <p class='ocr_par' dir='ltr' id='par_1_20' title="bbox 2432 2102 2619 2124">
     <span class='ocr_line' id='line_1_136' title="bbox 2432 2102 2619 2124; baseline 0.005 -2"><span class='ocrx_word' id='word_1_1026' title='bbox 2432 2103 2440 2111; x_wconf 90' lang='grc'>·</span> <span class='ocrx_word' id='word_1_1027' title='bbox 2456 2102 2487 2122; x_wconf 82' lang='lat' dir='ltr'>sit</span> <span class='ocrx_word' id='word_1_1028' title='bbox 2500 2102 2524 2123; x_wconf 86' lang='lat' dir='ltr'>in</span> <span class='ocrx_word' id='word_1_1029' title='bbox 2539 2102 2619 2124; x_wconf 70' lang='lat' dir='ltr'>recab.</span> 
     </span>
    </p>
   </div>
   <div class='ocr_carea' id='block_1_18' title="bbox 2427 2787 2640 2834">
    <p class='ocr_par' dir='ltr' id='par_1_21' title="bbox 2427 2787 2640 2834">
     <span class='ocr_line' id='line_1_137' title="bbox 2428 2787 2640 2814; baseline 0.005 -7"><span class='ocrx_word' id='word_1_1030' title='bbox 2428 2787 2438 2796; x_wconf 82' lang='lat'><strong>·</strong></span> <span class='ocrx_word' id='word_1_1031' title='bbox 2448 2788 2523 2808; x_wconf 81' lang='lat' dir='ltr'>motus</span> <span class='ocrx_word' id='word_1_1032' title='bbox 2533 2787 2640 2814; x_wconf 77' lang='lat' dir='ltr'>corporis</span> 
     </span>
     <span class='ocr_line' id='line_1_138' title="bbox 2427 2819 2465 2834; baseline 0.026 -1"><span class='ocrx_word' id='word_1_1033' title='bbox 2427 2819 2465 2834; x_wconf 77' lang='lat' dir='ltr'>m.</span> 
     </span>
    </p>
   </div>
  </div>
 </body>
</html>
