2898 3996
70 469 80 478 ·
94 468 164 490 Ν11111.
179 468 201 490 6.

68 577 79 586 ·
93 575 164 597 Num.
181 581 204 603 7.

0 1092 12 1130 Ξ
69 1103 156 1124 'Lect-
171 1109 201 1130 n,
216 1109 239 1125 n.
252 1109 277 1132 33

1 1128 10 1149 ἰ
69 1129 121 1151 leet.
129 1135 150 1156 v,
161 1135 184 1151 n.
194 1119 224 1151 i8.

167 2176 181 2231 β’

32 2318 35 2321 ,
66 2305 122 2327 Ex
129 2308 150 2326 et
158 2309 200 2327 cet.
206 2311 278 2333 usque

64 2332 98 2353 ad
105 2337 168 2353 num.
175 2331 189 2352 6
197 2337 244 2353 om.
252 2337 278 2356 Q.

1177 288 1286 324 CAP.
1317 288 1347 334 1,
1378 287 1526 322 LECT.
1557 288 1589 322 11

307 365 446 402 sarium
475 366 523 403 ad
549 367 814 414 probationem
843 375 1080 416 sequentem;
1110 366 1275 403 secundo
1300 365 1354 402 in-

308 418 409 454 ducit
434 419 699 466 probationem
727 419 776 456 ad
802 420 1038 468 propositum
1064 418 1353 463 ostendendum,

306 469 373 506 ibi:
392 471 498 519 Ergo
514 476 550 507 et
561 472 631 507 hoc
649 473 896 508 necessarium
911 477 965 508 est
978 474 997 493 ³⁴
1014 479 1094 516 etc.;
1111 471 1217 507 tertio
1233 477 1355 506 osten-

307 522 359 559 dit
385 523 646 560 necessitatem
674 524 825 560 rationis
852 524 1037 571 inductae,
1067 523 1137 559 ibi:
1165 522 1252 558 Alia
1276 521 1354 569 qui-

290 573 389 611 'dem
418 581 568 612 movent
591 576 832 625 singulariter
847 576 866 597 *
887 583 954 612 etc.

361 639 395 663 2.
412 627 511 664 Dicit
530 640 618 675 ergo
636 628 771 687 primo,
788 629 891 687 quod
910 628 959 664 ad
977 626 1212 675 propositum
1233 632 1355 661 osten-

307 679 476 716 dendum
514 680 696 716 debemus
732 680 895 728 incipere
929 680 976 715 ab
1003 679 1061 715 his
1098 690 1194 726 quae
1230 677 1354 725 primo

307 731 554 768 determinata
587 739 672 768 sunt
703 732 740 768 in
766 730 945 779 Physicis,
964 738 1006 766 ut
1025 730 1076 766 eis
1096 730 1202 779 quasi
1221 730 1355 778 princi-

305 784 376 832 piis
399 791 560 820 utamur.
590 785 662 820 Per
680 783 783 832 quod
803 784 866 820 dat
883 782 1096 830 intelligere,
1118 782 1222 830 quod
1248 794 1355 830 prae-

308 837 482 873 cedentes
518 836 616 882 libri,
645 836 684 872 in
712 836 848 887 quibus
877 835 923 871 de
952 842 1059 871 motu
1087 835 1124 871 in
1161 834 1355 871 communi

308 887 584 932 determinavit,
605 894 642 923 et
667 894 821 935 propter
845 888 918 923 hoc
947 888 1180 935 appellantur
1206 887 1355 923 univer-

306 939 429 976 saliter
455 939 500 975 de
525 939 787 985 Naturalihus,
817 940 991 986 habent-‘²‘
1011 939 1202 987 quandam
1232 939 1356 975 distin-

306 990 469 1027 ctionem
511 991 559 1027 ad
594 992 696 1028 hunc
732 991 869 1028 librum
898 999 1088 1037 octavum,
1109 991 1147 1027 in
1175 1003 1250 1039 quo
1279 991 1355 1027 iam

304 1043 431 1092 incipit
450 1051 597 1080 motum
625 1043 672 1080 ad
692 1056 750 1080 res
779 1044 976 1092 applicare.
1005 1043 1174 1079 Assumit
1202 1044 1289 1090 ergo
1318 1043 1356 1079 id

306 1095 409 1144 quod
429 1095 569 1141 dictum
590 1102 644 1132 est
662 1096 700 1133 in
721 1098 769 1133 III
789 1097 1035 1144 Physicorum
1049 1097 1079 1141 ³¹⁵,
1097 1095 1234 1132 scilicet
1252 1095 1356 1143 quod

306 1155 432 1184 motus
466 1155 520 1184 est
551 1155 654 1184 actus
685 1148 835 1185 mobilis
866 1148 1090 1196 inquantum
1123 1147 1354 1184 huiusmodi.

306 1201 364 1237 Ex
391 1213 467 1248 quo
497 1207 652 1248 apparet
679 1201 782 1249 quod
816 1201 864 1238 ad
891 1201 965 1237 hoc
1002 1201 1107 1248 quod
1135 1199 1180 1236 sit
1207 1207 1353 1246 motus,

305 1264 458 1289 necesse
480 1261 534 1289 est
560 1252 712 1289 existere
732 1265 791 1290 res
810 1265 906 1302 quae
925 1253 1070 1301 possint
1092 1252 1238 1289 moveri
1261 1264 1355 1301 quo-

307 1317 470 1364 cumque
489 1313 617 1342 motu:
638 1306 726 1353 quia
744 1318 822 1342 non
840 1312 964 1354 potest
983 1317 1062 1341 esse
1083 1312 1186 1341 actus
1210 1304 1288 1341 sine
1310 1317 1354 1341 eo

307 1357 411 1394 cuius
436 1365 491 1394 est
509 1365 623 1394 actus.
646 1357 707 1406 Sic
727 1370 814 1405 ergo
844 1370 888 1410 ex
909 1357 1125 1395 definitione
1145 1365 1271 1394 motus
1291 1369 1354 1405 ap-

305 1416 411 1458 paret
438 1410 542 1458 quod
573 1422 725 1446 necesse
754 1418 809 1446 est
837 1422 918 1446 esse
954 1410 1163 1446 subiectum
1193 1409 1353 1455 mobile,

306 1462 355 1498 ad
382 1463 457 1498 hoc
484 1462 588 1510 quod
607 1463 653 1499 sit
675 1470 812 1499 motus.
843 1462 919 1502 Sed
947 1462 1060 1499 etiarn
1093 1462 1235 1510 absque
1264 1462 1355 1499 defi-

306 1513 447 1551 nitione
466 1522 593 1550 motus
610 1527 679 1563 per
698 1527 738 1551 se
757 1514 998 1551 manifestum
1020 1521 1074 1551 est
1092 1515 1176 1560 hoc,
1197 1522 1238 1550 ut
1255 1521 1356 1562 patet

306 1575 352 1602 e'x
389 1567 583 1603 communi
620 1567 802 1603 sententia
839 1567 1032 1603 omnium:
1071 1566 1226 1614 quilibet
1253 1566 1353 1602 enim

306 1619 505 1655 confitetur
522 1620 596 1656 hoc
616 1631 696 1655 esse
716 1619 982 1665 necessarium,
1004 1619 1107 1666 quod
1127 1631 1204 1655 non
1223 1631 1354 1655 move-

305 1669 364 1707 1111
383 1671 452 1707 11131
471 1672 574 1720 quod
603 1678 657 1708 est
674 1671 851 1720 possibile
871 1671 1035 1708 moveri:
1065 1679 1101 1707 et
1123 1672 1197 1707 hoc
1224 1683 1355 1707 secun-

306 1723 397 1760 dum
416 1736 728 1772 unumquemque
744 1731 908 1770 motum;
928 1724 1022 1760 sicut
1041 1723 1145 1772 quod
1169 1735 1246 1759 non
1266 1736 1353 1760 con-

304 1775 409 1823 tingit
445 1776 588 1812 alterari
631 1776 701 1813 nisi
747 1776 850 1824 quod
888 1783 941 1812 est
984 1775 1191 1817 alterabile,
1230 1788 1353 1823 neque

304 1828 440 1864 mutari
459 1828 668 1865 secundum
687 1829 814 1865 locum
843 1828 920 1864 nisi
933 1827 1037 1876 quod
1061 1835 1116 1863 est
1143 1828 1353 1864 secundum

303 1881 432 1917 locum
464 1881 654 1917 mutabile.
688 1882 736 1917 Et
771 1880 859 1928 quia
895 1880 1105 1916 subiectum
1141 1879 1354 1916 naturaliter

303 1932 405 1981 prius
425 1940 480 1969 est
507 1945 554 1969 eo
574 1932 678 1981 quod
697 1941 752 1969 est
772 1933 809 1969 in
837 1933 1016 1980 subiecto,
1040 1945 1245 1981 possumus
1265 1945 1353 1969 con-

305 1986 453 2022 cludere
483 1985 521 2022 in
549 1985 699 2033 singulis
718 1985 999 2035 mutationibus,
1021 1992 1057 2021 et
1077 1993 1243 2033 exparte
1272 1997 1354 2021 mo-

303 2037 386 2074 bilis
415 2045 451 2073 et
478 2050 523 2074 ex
541 2045 646 2085 parte
670 2037 869 2084 moventis,
890 2037 994 2085 quod
1021 2037 1124 2085 prius
1148 2044 1203 2074 est
1229 2037 1353 2086 ipsum

305 2090 514 2126 subiectum
553 2089 814 2126 combustibile
852 2102 968 2138 quam
1010 2090 1276 2135 comburatur;
1319 2097 1355 2126 et

306 2142 599 2187 combustivum,
616 2142 711 2178 idest
730 2141 940 2178 subiectum
958 2148 1093 2190 potens
1117 2142 1353 2189 comburere,

305 2206 422 2242 quam
460 2195 657 2230 comburat
680 2193 715 2239 f³;
743 2193 845 2242 prius
879 2194 1055 2242 inquam,
1093 2206 1171 2230 non
1205 2206 1355 2242 semper

305 2253 489 2295 tempore,
510 2247 576 2283 sed
602 2254 744 2283 natura.

361 2300 394 2335 3.
416 2299 473 2335 Ex
494 2300 513 2320 ³⁸⁴
528 2300 599 2335 hac
618 2306 744 2335 autem
759 2297 966 2334 Aristotelis
980 2297 1215 2345 probatione,
1235 2299 1354 2334 Aver—

305 2363 389 2387 roes
409 2351 648 2388 occasionem
668 2350 827 2399 sumpsit
845 2350 1023 2398 loquendi
1044 2357 1172 2386 contra
1194 2350 1231 2386 id
1252 2350 1355 2398 quod

306 2404 515 2440 secundum
543 2403 661 2440 fidem
690 2403 736 2440 de
766 2403 952 2439 creatione
978 2410 1162 2438 tenemus.
1185 2402 1224 2439 Si
1254 2403 1354 2438 enim

304 2456 387 2492 fieri
415 2455 616 2503 quoddam·
637 2455 772 2492 mutari
801 2461 874 2501 est;
905 2455 1028 2491 omnis
1052 2462 1178 2491 autem
1198 2455 1354 2491 mutatio

305 2508 457 2557 requirit
484 2508 706 2554 subiectum,
735 2515 776 2544 ut
802 2507 862 2543 hic
881 2507 1097 2544 Aristoteles
1116 2507 1271 2555 probat3
1292 2520 1355 2543 ne-

307 2573 410 2597 cesse
449 2568 503 2597 est
539 2561 642 2609 quod
678 2572 792 2597 omne
826 2560 930 2608 quod
967 2560 1025 2606 fit,
1064 2559 1129 2596 fiat
1158 2572 1202 2595 ex
1230 2560 1354 2608 aliquo

306 2613 495 2649 subiecto:
525 2626 602 2650 non
632 2625 719 2660 ergo
739 2612 916 2661 possibile
937 2619 992 2648 est
1010 2612 1114 2660 quod
1132 2612 1198 2648 fiat
1218 2612 1357 2660 aliquid

307 2677 352 2701 ex
380 2665 507 2702 nihilo.
524 2686 548 2692 —
564 2665 728 2702 Adducit
755 2665 867 2701 etiam
895 2664 943 2701 ad
971 2665 1046 2701 hoc
1073 2665 1280 2701 secundam
1301 2677 1355 2701 ra-

306 2717 470 2754 tionem:
500 2718 587 2766 quia
615 2730 702 2754 cum
730 2717 862 2754 dicitur
898 2717 1046 2764 nigrum
1074 2717 1156 2753 fieri
1185 2729 1229 2753 ex
1258 2718 1356 2764 albo,

307 2771 382 2806 hoc
409 2782 486 2806 non
515 2770 647 2807 dicitur
673 2782 741 2818 per
767 2782 824 2816 se,
858 2769 908 2806 ita
935 2769 1039 2817 quod
1076 2770 1199 2817 ipsum
1229 2771 1357 2806 album

309 2829 547 2859 convertatur
574 2822 612 2858 in
631 2822 796 2869 nigrum;
818 2822 883 2859 sed
912 2823 985 2858 hoc
1014 2822 1145 2858 dicitur
1154 2834 1237 2877 per
1265 2822 1359 2858 acci-

310 2874 423 2922 dens,
453 2875 539 2923 quia
567 2874 704 2911 scilicet
739 2876 936 2912 recedente
974 2875 1081 2921 albo,
1112 2862 1279 2910 succedit
1305 2874 1359 2911 ni-

308 2939 417 2974 grum
431 2932 457 2963 7.
475 2927 600 2964 Omne
621 2934 746 2963 autem
765 2927 870 2975 quod
890 2934 944 2963 est
961 2939 1029 2975 per
1048 2926 1233 2973 accidens,
1250 2926 1358 2962 redu-

309 2979 403 3016 citur
430 2980 478 3017 ad
506 2980 543 3016 id
572 2980 675 3028 quod
705 2986 758 3016 est
784 2992 852 3028 per
879 2992 937 3016 se:
966 2980 1041 3015 hoc
1068 2986 1195 3015 autem
1219 2991 1263 3015 ex
1282 2991 1359 3027 quo

309 3031 449 3079 aliquid
476 3032 519 3068 fit
544 3044 613 3080 per
632 3044 682 3078 se,
704 3038 759 3068 est
778 3032 1001 3078 subiectum,
1022 3031 1127 3080 quod
1145 3031 1256 3067 intrat
1274 3031 1360 3067 sub-

309 3084 482 3120 stantiam
511 3084 563 3120 rei
592 3085 728 3121 factae:
757 3097 872 3121 omne
892 3097 980 3132 ergo
1001 3085 1105 3132 quod
1131 3083 1262 3120 dicitur
1280 3083 1361 3120 fieri

362 3204 389 3236 α)
409 3204 553 3237 intelligere
570 3205 641 3236 quod
654 3205 841 3236 praecedentes
859 3205 954 3230 libri
967 3205 1070 3230 habent.
1084 3218 1102 3225 —-
1116 3206 1151 3229 lta
1166 3205 1231 3229 bene
1244 3205 1300 3229 edd.
1315 3212 1332 3229 a
1345 3205 1359 3229 b

310 3244 335 3263 et
353 3238 544 3270 BDQRsCHQ
569 3240 610 3271 pH
629 3247 681 3264 om.
700 3240 761 3264 libri
766 3247 775 3269 ;
798 3240 831 3264 F:
851 3240 996 3272 intelligere
1014 3240 1202 3271 praecedentes
1220 3240 1312 3268 libros,
1333 3239 1358 3263 in

310 3274 402 3306 quibus
421 3274 453 3298 de
471 3277 542 3298 motu
562 3274 587 3298 in
607 3275 738 3299 communi
759 3275 958 3303 determinavit,·
977 3278 1002 3299 et
1016 3278 1128 3306 propter
1146 3275 1202 3302 hoc,
1221 3275 1283 3306 quia
1302 3274 1360 3298 uni-

310 3309 448 3333 versaliter
467 3309 499 3333 de
513 3309 676 3334 naturalibus
688 3312 813 3339 tractant,
829 3310 931 3334 habent.
947 3310 996 3334 Pro
1016 3310 1077 3334 libri
1097 3315 1143 3334 cet.
1159 3310 1252 3333 habent
1268 3309 1347 3333 libros
1353 3316 1361 3337 ,-

311 3343 330 3368 P
350 3349 375 3367 et
394 3343 484 3368 Vener.
503 3342 581 3374 1504:
601 3344 746 3376 intelligere
760 3345 947 3375 praecedentes
965 3345 1045 3369 libros
1095 3345 1200 3369 Habent
1219 3344 1295 3368 enim.

364 3377 390 3411 β)
409 3378 604 3407 combustivam,
625 3379 692 3403 idest
709 3379 850 3403 subiectum
865 3383 960 3410 potens
977 3380 1140 3408 comburere,
1161 3386 1238 3410 quam
1257 3378 1361 3403 combu-

310 3417 362 3438 rat.
375 3427 393 3432 -
406 3413 490 3437 PsGO
509 3418 535 3437 et
553 3413 642 3437 Venet.
659 3413 738 3444 15453
757 3414 943 3438 combustivam
953 3418 1042 3446 potest
1055 3415 1206 3439 comburere
1220 3416 1360 3445 antequam

310 3448 480 3473 comburatur
498 3448 530 3476 Z:
549 3455 596 3480 pro
611 3451 713 3479 potens,
733 3449 803 3480 quod
821 3456 874 3473 orn.
893 3449 946 3481 pC,
970 3449 1041 3481 quod
1059 3452 1149 3480 potest
1172 3448 1360 3478 BDLQSTsH,

306 3483 386 3514 prius
399 3486 494 3514 potens
513 3482 576 3511 Fsc,
591 3483 670 3514 prius
682 3486 771 3514 potest
790 3484 819 3514 R,
835 3487 925 3515 potest
943 3489 999 3514 cet„
1018 3491 1035 3508 a
1046 3484 1060 3508 b
1079 3489 1104 3508 et
1122 3484 1211 3507 Venet.
1230 3482 1302 3513 1504.

364 3518 390 3551 γ)
406 3517 540 3542 recedente
552 3517 618 3547 albo,
633 3518 748 3542 succedit
761 3518 876 3551 nigrum.
886 3532 904 3537 -
919 3519 1006 3543 PBFG
1021 3523 1045 3543 et
1059 3519 1150 3543 Venet.
1169 3517 1228 3542 1551
1240 3526 1247 3548 ;
1262 3517 1360 3549 priores

312 3552 436 3577 editiones
449 3557 474 3576 et
488 3557 535 3576 cet.
546 3553 635 3577 codd.:
649 3553 786 3577 recedente
800 3553 877 3586 nigro
887 3554 1004 3578 succedit
1016 3553 1110 3582 album,
1126 3553 1172 3577 sed
1187 3553 1220 3577 cf.
1234 3553 1360 3584 superius,

309 3594 370 3612 cum
390 3587 488 3612 dicitur
507 3587 612 3620 nigrum
626 3587 692 3620 fieri
710 3595 746 3612 ex
764 3588 832 3613 albo.

2389 285 2463 332 367

1409 375 1454 399 ex
1483 364 1669 412 opposito,
1690 365 1732 400 fit
1752 364 1906 411 quidem
1928 376 1972 400 ex
1993 364 2167 412 opposito
2186 377 2255 413 per
2274 365 2461 413 accidens,

1408 427 1476 463 per
1504 428 1542 451 se
1571 424 1697 452 autem
1735 429 1780 452 ex
1817 417 1997 453 subiecto.
2028 417 2118 453 Non
2148 429 2235 464 ergo
2265 425 2320 453 est
2342 417 2462 465 possi-

1410 467 1481 503 bile
1511 468 1615 515 quod
1644 481 1709 504 ens
1737 469 1802 505 fiat
1831 481 1875 505 ex
1903 481 1980 505 non
2001 476 2084 504 ente
2104 469 2327 517 simpliciter.
2344 469 2462 506 —Ad-

1411 519 1511 555 ducit
1538 528 1663 557 autem
1684 521 1731 556 ad
1751 521 1825 557 hoc
1843 521 1949 557 tertio
1970 533 2216 558 communem
2241 521 2460 570 opinionem

1410 571 1582 608 omnium
1598 572 1836 620 antiquorum
1860 573 2115 621 physicorum,
2132 574 2354 621 ponentium
2374 572 2388 595 ὃ
2406 574 2460 610 111-

1409 623 1459 659 hil
1482 636 1526 660 ex
1541 624 1657 660 nihilo
1677 625 1769 661 fieri.
1780 646 1804 653 -
1816 626 1988 672 Assignat
2006 633 2132 661 autem
2149 626 2241 662 duas
2257 639 2399 673 causas,
2417 638 2461 662 ex

1410 676 1546 723 quibus
1575 683 1719 725 reputat
1752 678 1848 713 hanc
1875 678 2102 725 positionem
2141 686 2328 725 exortam,
2358 678 2461 726 quod

1410 727 1550 775 aliquid
1579 737 1623 764 ex
1651 729 1764 765 nihilo
1794 730 1870 766 fiat.
1902 731 2074 776 Quarum
2102 730 2225 777 prima
2254 738 2327 778 est,
2357 730 2461 778 quod

1409 781 1544 828 vulgus
1572 793 1650 816 non
1678 789 1823 829 reputat
1851 782 2052 829 existentia,
2082 782 2151 818 nisi
2180 795 2224 818 ea
2252 795 2348 830 quae
2377 790 2463 819 sunt

1411 833 1764 881 comprehensibilia
1795 834 1899 870 visu:
1938 834 2026 883 quia
2065 846 2152 881 ergo
2188 836 2323 882 vulgus
2358 835 2463 872 videt

1411 885 1550 932 aliquid
1578 886 1717 922 factum
1751 886 1913 933 visibile,
1949 886 2053 935 quod
2080 887 2182 934 prius
2209 887 2354 923 visibile
2384 900 2462 924 non

1412 945 1498 983 erat,
1528 938 1674 985 reputat
1700 939 1878 986 possibile
1907 939 2047 987 aliquid
2074 951 2117 974 ex
2137 939 2251 975 nihilo
2272 939 2365 976 fieri.
2396 941 2462 976 Se-

1412 989 1535 1025 cunda
1563 1002 1675 1026 causa
1704 997 1770 1036 est,
1791 991 1878 1049 quia
1897 991 1998 1038 apud
2016 992 2150 1038 vulgus
2171 998 2362 1039 reputatur
2380 1004 2461 1028 esse

1412 1053 1456 1076 ex
1477 1041 1723 1078 diminutione
1742 1043 1886 1079 virtutis
1906 1043 2057 1090 agentis,
2079 1043 2183 1091 quod
2201 1043 2363 1090 indigeat
2382 1056 2461 1080 ma-

1410 1092 1501 1128 teria
1530 1093 1579 1129 ad
1606 1094 1813 1151 agendum:
1843 1096 1947 1143 quod
1975 1103 2101 1131 tamen
2131 1107 2208 1132 non
2237 1103 2293 1132 est
2320 1108 2365 1132 ex
2392 1096 2461 1132 irn-

1409 1145 1576 1193 potentia
1605 1146 1756 1192 agentis,
1778 1147 1844 1183 sed
1872 1159 1917 1183 ex
1940 1147 2020 1195 ipsa
2040 1147 2182 1184 ratione
2202 1155 2339 1185 motus.
2362 1148 2462 1195 Quia

1412 1209 1498 1244 ergo
1525 1197 1692 1245 primum
1721 1210 1833 1245 agens
1862 1211 1939 1235 non
1967 1200 2080 1235 habet
2106 1200 2313 1247 potentiam
2334 1201 2460 1249 aliquo

1410 1250 1528 1286 modo
1566 1250 1816 1297 defectivam,
1850 1251 2015 1298 sequitur
2051 1248 2166 1299 quod
2198 1260 2282 1299 agat
2318 1254 2461 1301 absque

1411 1302 1578 1346 subiecto
1607 1308 1629 1338 ‘.

1461 1366 1498 1401 4.
1521 1355 1597 1391 Sed
1616 1355 1647 1391 si
1674 1354 1757 1403 quis
1785 1363 1883 1391 recte
1905 1355 2126 1403 consideret,
2148 1368 2191 1392 ex
2212 1356 2320 1392 simili
2349 1370 2461 1394 causa

1409 1407 1489 1456 ipse
1518 1408 1696 1456 deceptus
1730 1407 1817 1455 fuit,
1848 1420 1892 1444 ex
1920 1420 1995 1456 qua
2028 1420 2140 1444 causa
2177 1421 2247 1444 nos
2285 1409 2462 1458 deceptos

1410 1459 1617 1506 arbitratur,
1639 1459 1776 1496 scilicet
1801 1472 1844 1496 ex
1865 1461 2164 1497 consideratione
2183 1461 2462 1509 particularium

1411 1512 1563 1548 entium.
1586 1512 1828 1548 Manifestum
1845 1520 1899 1549 est
1918 1513 2018 1549 enim
2038 1514 2141 1561 quod
2160 1514 2327 1561 potentia
2342 1514 2463 1551 activa

1408 1564 1638 1612 particularis
1666 1565 1936 1613 praesupponit
1963 1566 2172 1612 materiam,
2202 1578 2317 1613 quam
2347 1579 2462 1614 agens

1408 1617 1658 1653 universalius
1696 1625 1892 1665 operatur;
1922 1618 2016 1654 sicut
2043 1618 2172 1654 artifex
2203 1619 2318 1655 utitur
2345 1627 2462 1655 mate—

1409 1668 1463 1705 ria
1491 1681 1605 1717 quam
1634 1677 1766 1706 natura
1785 1670 1880 1707 facit.
1911 1671 1968 1706 Ex
1995 1671 2068 1706 hoc
2097 1682 2185 1717 ergo
2214 1671 2319 1718 quod
2348 1683 2462 1708 omne

1408 1721 1628 1768 particulare
1657 1734 1770 1769 agens
1804 1723 2075 1771 praesupponit
2116 1724 2314 1760 materiam
2346 1736 2462 1771 quarn

1409 1785 1487 1810 non
1506 1774 1588 1820 agit,
1610 1786 1688 1810 non
1707 1782 1853 1822 oportet
1872 1775 2016 1823 opinari
2036 1775 2140 1824 quod
2160 1776 2328 1824 primum
2348 1788 2461 1823 agens

1408 1825 1631 1872 universale,
1662 1827 1765 1874 quod
1786 1834 1841 1863 est
1869 1827 2033 1864 activum
2061 1828 2303 1875 totius'entis,
2324 1829 2463 1876 aliquid

1407 1886 1701 1926 praesupponat,
1723 1876 1829 1927 quasi
1849 1891 1926 1916 non
1950 1888 2144 1917 causatum
2160 1881 2180 1901 ²³⁸
2196 1881 2242 1917 ab
2263 1881 2357 1929 ipso.
2379 1882 2463 1918 Nec

1408 1931 1482 1966 hoc
1506 1930 1618 1966 etiam
1649 1938 1703 1967 est
1730 1931 1940 1968 secundum
1966 1932 2210 1969 intentionem
2243 1933 2459 1970 Aristotelis.

1408 1983 1549 2019 Probat
1586 1983 1686 2019 enim
1715 1983 1753 2020 in
1782 1985 1812 2020 II
1846 1985 2061 2033 Metaphys.
2093 1987 2129 2032 ss,
2160 1986 2263 2033 quod
2291 1986 2330 2034 id
2357 1986 2462 2034 quod

1409 2042 1464 2071 est
1491 2035 1656 2071 maxime
1675 2048 1811 2072 verum
1841 2045 1876 2073 et
1903 2037 2067 2073 maxime
2088 2051 2165 2085 ens,
2187 2045 2241 2074 est
2266 2051 2378 2074 causa
2406 2051 2462 2075 es-

1407 2087 1514 2124 sendi
1552 2088 1729 2124 omnibus
1773 2089 2039 2126 existentibus:
2077 2091 2179 2127 unde
2222 2091 2296 2127 hoc
2336 2091 2461 2149 ipsum

1409 2151 1488 2175 esse
1517 2140 1556 2177 in
1582 2141 1602 2160 *
1629 2141 1815 2188 potentia,
1846 2142 1950 2189 quod
1982 2143 2096 2179 habet
2124 2143 2280 2179 materia
2317 2143 2458 2192 prima,

1407 2192 1575 2249 sequitur
1603 2192 1814 2229 derivatum
1844 2206 1924 2230 esse
1949 2207 1970 2230 a
1997 2195 2121 2242 primo
2152 2195 2298 2232 essendi
2325 2196 2461 2244 princi-

1405 2243 1491 2291 pio,
1521 2244 1625 2291 quod
1654 2252 1708 2281 est
1735 2246 1899 2287 maxime
1928 2258 2004 2282 ens.
2044 2248 2135 2284 Non
2168 2248 2276 2295 igitur
2308 2261 2461 2285 necesse

1409 2302 1464 2331 est
1489 2297 1744 2344 praesupponi
1777 2298 1915 2346 aliquid
1948 2299 2027 2335 eius
2064 2300 2222 2346 actioni,
2252 2301 2355 2349 quod
2383 2314 2462 2337 non

1408 2348 1454 2384 sit
1482 2349 1528 2384 ab
1558 2360 1604 2385 eo
1631 2349 1872 2397 productum.
1902 2352 1950 2386 Et
1978 2351 2066 2398 quia
2094 2353 2218 2388 omnis
2251 2360 2378 2389 motus
2407 2353 2460 2389 in-

1409 2400 1508 2447 diget
1535 2401 1716 2449 subiecto,
1736 2409 1778 2438 ut
1796 2403 1856 2438 hic
1874 2403 2090 2440 Aristoteles
2109 2405 2245 2452 probat
2263 2412 2300 2441 et
2327 2405 2379 2441 rei
2396 2418 2462 2442 ve-

1409 2453 1495 2488 ritas
1522 2454 1646 2501 habet,
1668 2454 1834 2502 sequitur
1858 2455 1961 2503 quod
1982 2457 2001 2476 ’ὅ
2019 2457 2217 2504 productio
2242 2457 2462 2494 universalis

1410 2505 1502 2541 entis
1531 2517 1553 2541 a
1581 2507 1664 2542 Deo
1693 2519 1770 2543 non
1799 2508 1844 2543 sit
1870 2515 1996 2552 motus
2024 2521 2094 2545 nec
2122 2509 2291 2556 mutatio,
2321 2510 2387 2546 sed
2416 2510 2461 2546 sit

1409 2559 1598 2606 quaedam
1627 2558 1784 2607 simplex
1813 2561 2012 2597 emanatio.
2043 2562 2091 2597 Et
2113 2574 2165 2597 313
2173 2562 2268 2609 fierz
2285 2569 2320 2598 et
2326 2564 2464 2609 facere

1410 2610 1616 2658 aequivoce
1638 2611 1835 2648 dicuntur'
1828 2625 1865 2648 111
1884 2613 1992 2648 hac*
2007 2613 2208 2650 universali
2228 2626 2354 2650 rerum
2377 2628 2464 2663 pro-

1411 2662 1597 2710 ductione,
1619 2671 1655 2700 et
1682 2663 1720 2700 in
1748 2665 1828 2700 aliis
1853 2665 2174 2713 productionibus.
2197 2666 2300 2703 Sicut
2327 2679 2413 2714 ergo
2434 2668 2464 2704 31

1411 2715 1658 2774 intelligamus
1687 2728 1812 2753 rerum
1840 2717 2130 2765 productionem
2151 2731 2231 2755 esse
2260 2731 2282 2755 a
2310 2720 2394 2755 Deo
2414 2720 2461 2756 ab

1411 2775 1575 2815 aeterno,
1605 2768 1698 2804 sicut
1726 2769 1941 2806 Aristoteles
1968 2771 2104 2819 posuit,
2131 2779 2165 2807 et
2192 2772 2317 2819 plures
2341 2772 2463 2808 Plato-

1412 2821 1584 2856 nieorum
1595 2849 1604 2868 ,
1639 2833 1716 2857 non
1751 2829 1806 2858 est
1841 2823 2114 2870 necessarium,
2144 2823 2464 2872 immoimpossi-

1413 2873 1506 2919 bile,
1536 2873 1641 2920 quod
1678 2874 1765 2910 huic
1800 2876 2037 2923 productioni
2073 2876 2275 2912 u‘niversali
2313 2877 2465 2925 aliquod

1413 2925 1624 2962 subiectum
1667 2938 1745 2963 non
1780 2928 2008 2975 productum
2042 2928 2374 2977 praeintelligatur:
2416 2930 2466 2966 ita

1415 2977 1544 3024 etiarn,
1575 2978 1605 3014 si
1632 2990 1822 3026 ponamus
1850 2981 2059 3017 secundum
2088 2989 2237 3017 nostrae
2265 2982 2355 3018 fidei
2383 2994 2465 3019 sen-

1413 3030 1580 3077 tentiam,
1601 3032 1704 3078 quod
1724 3044 1801 3068 non
1829 3034 1876 3069 ab
1901 3041 2053 3070 aeterno
2072 3034 2290 3082 produxerit
2309 3047 2378 3081 res,
2399 3036 2466 3072 sed

1414 3082 1631 3130 produxerit
1665 3096 1727 3121 eas
1760 3093 1962 3133 postquam
2001 3099 2079 3122 non
2112 3087 2276 3134 fuerant,
2306 3099 2383 3123 non
2413 3094 2466 3123 est

1466 3204 1490 3238 δ)
1502 3205 1675 3238 physicorum
1685 3207 1875 3238 ponentium.-
1886 3207 2047 3231 naturalium
2063 3207 2203 3231 dicentium
2215 3207 2393 3238 DGHNORZ;
2404 3207 2464 3238 phi-

1414 3240 1580 3271 losophorum
1600 3242 1763 3266 naturalium
1785 3241 1927 3266 dicentium
1947 3241 1979 3272 F;
2000 3241 2217 3273 philosophorum
2232 3242 2387 3273 ponentium
2409 3247 2464 3271 cet„

1414 3275 1472 3298 edd.
1486 3275 1534 3304 ab,
1554 3275 1644 3300 Venet.
1663 3275 1735 3307 1504.
1759 3275 1832 3307 1545.

1467 3310 1488 3341 ε)
1507 3311 1625 3342 sequitur
1643 3311 1714 3342 quod
1731 3313 1796 3343 agat
1814 3311 1909 3342 absque
1927 3310 2048 3335 subiecto.
2062 3324 2081 3328 -
2094 3311 2142 3334 Pro
2155 3314 2227 3342 agat,
2243 3318 2293 3335 non
2313 3314 2378 3343 agat
2392 3311 2425 3335 sZ
2440 3316 2465 3336 et

1414 3351 1506 3368 omnes
1531 3345 1668 3375 editiones,
1693 3353 1744 3369 non
1763 3346 1840 3375 bene;
1859 3352 1918 3368 nam
1937 3344 1999 3369 haec
2018 3345 2148 3369 conclusio
2171 3346 2288 3377 ponenda
2313 3351 2351 3369 est
2376 3346 2401 3370 in
2419 3354 2465 3370 ore

1413 3379 1491 3411 vulgi,
1507 3380 1576 3411 quod
1596 3381 1737 3404 secundum
1750 3385 1862 3403 mentem
1877 3380 1996 3403 Averrois
2011 3380 2046 3403 sic
2060 3384 2264 3411 argumentatur:
2284 3380 2396 3412 indigere
2411 3389 2464 3406 ma-

1414 3414 1477 3438 teria
1495 3419 1534 3438 est
1553 3421 1582 3439 ex
1602 3415 1766 3439 diminutione
1785 3414 1897 3443 virtutis;
1922 3414 2034 3445 primum
2059 3420 2143 3438 autem
2169 3422 2246 3446 agens
2272 3414 2348 3439 habet
2372 3421 2465 3447 poten-

1414 3449 1474 3472 tiam
1500 3449 1652 3481 perfectam:
1671 3456 1734 3482 ergo
1752 3449 1811 3481 agit
1829 3449 1924 3480 absque
1942 3449 2064 3474 subiecto.
2084 3449 2187 3473 Accedit
2201 3450 2271 3481 quod
2290 3449 2315 3473 in
2340 3451 2465 3475 sententia

1414 3483 1503 3515 ipsius
1521 3484 1654 3512 Averrois,
1674 3484 1765 3508 melius
1794 3483 1843 3508 hoc
1861 3484 1939 3507 modo
1964 3489 2195 3515 argumentaretur:
2219 3484 2331 3516 indigere
2359 3487 2465 3510 materia

1414 3523 1453 3542 est
1472 3526 1501 3542 ex
1519 3519 1575 3551 ipsa
1594 3519 1690 3543 ratione
1708 3523 1807 3542 motus:
1827 3518 1945 3550 quamvis
1964 3526 2025 3550 ergo
2039 3519 2150 3550 primum
2165 3526 2244 3550 agens
2259 3527 2311 3543 non
2329 3519 2405 3544 habet
2419 3528 2464 3552 po-

1413 3554 1518 3577 tentiam
1533 3553 1689 3583 defectivam,
1705 3560 1755 3577 non
1770 3554 1888 3584 sequitur
1901 3553 1971 3584 quod
1988 3556 2054 3585 agat
2066 3554 2162 3585 absque
2175 3554 2297 3579 subiecto.
2312 3554 2388 3579 Nullo
2403 3563 2466 3587 ergo

1414 3588 1492 3612 modo
1510 3588 1609 3612 videtur
1628 3588 1697 3620 quod
1717 3588 1790 3612 lectio
1804 3588 1822 3611 1>
1841 3589 1923 3620 possit
1942 3589 2073 3620 acceptari.

2585 573 2602 600 Ο)

2489 1890 2499 1898 ‘
2517 1890 2620 1910 creatum
2638 1895 2695 1910 PSCR

2490 1918 2512 1936 et
2525 1921 2540 1936 a
2549 1915 2568 1936 b.

2489 1989 2648 2042 DiSdTliiiaielc‘(
2655 1996 2695 2043 2¹5,
2688 2001 2699 2006 ’

2488 2048 2539 2069 cap.
2549 2048 2569 2069 1,
2585 2048 2647 2063 num.
2661 2049 2680 2070 5.

2489 2147 2498 2156 '
2513 2147 2536 2167 in
2551 2152 2598 2168 om.
2613 2153 2635 2168 Ρ.

2489 2460 2498 2469 *
2514 2459 2577 2487 quod
2590 2465 2636 2480 om.
2657 2465 2698 2480 011(

2489 2491 2647 2513 xvpmcnxov.

2490 2616 2557 2637 hoc
2574 2622 2697 2643 Λικτνγγα,

2492 2648 2539 2664 om.
2553 2649 2575 2664 Ρ.
