2898 3996
209 383 219 392 ⁶
235 382 285 409 ipse
298 380 379 402 recab.

209 535 218 543 “
232 534 280 555 etus
291 533 359 556 codd.
369 540 419 555 exc.

207 566 303 581 trenna.

310 737 315 754 l

208 773 217 782 ·
232 771 293 793 Lect.
304 748 417 792 ziam-i.

207 797 247 819 lib.
265 798 305 824 1V,
320 803 370 825 cap.
387 804 415 823 v,

206 830 293 871 [μάζα.
310 856 342 876 ni,
358 856 380 871 n.
395 856 417 878 5.

200 1487 209 1496 ·
225 1488 309 1508 motum
328 1486 396 1508 codd.

200 1698 209 1706 '¹
237 1696 358 1718 secundum
386 1702 412 1717 se

200 1729 247 1744 orn.
260 1723 330 1749 rxab3
345 1729 358 1743 Ε
368 1722 410 1744 lac.

200 2118 209 2126 '
237 2116 274 2138 vel
321 2116 409 2137 otentia

199 2149 246 2164 om.
268 2149 296 2164 Pa
310 2159 318 2169 ,
336 2143 410 2164 virtus

200 2169 236 2190 vel
249 2175 296 2190 om.
310 2175 332 2190 ι..
349 2199 358 2206 “

197 2542 206 2550 ·
219 2542 297 2568 potest
310 2541 362 2562 rab.

201 2850 210 2860 ·
225 2848 260 2871 Cf.
275 2854 338 2871 num.
351 2854 383 2877 ¹9·

447 246 524 290 450

445 322 640 371 participat
660 335 742 359 esse
761 335 783 359 a
799 334 911 359 causa
928 323 1064 371 prima,
1086 336 1183 372 quae
1205 331 1260 361 est
1279 337 1391 362 suum
1411 337 1504 362 esse.

446 375 558 412 Unde
587 382 622 411 et
649 375 810 424 ipsemet
830 377 850 396 ’ᾗ
871 376 1070 413 confitetur
1090 376 1128 412 in
1151 376 1247 413 libro
1267 377 1312 414 de
1330 379 1506 414 Substan-

446 427 496 463 tia
521 427 647 473 Orbis,
677 428 781 476 quod
808 429 913 464 Deus
943 435 997 464 est
1025 441 1138 465 causa
1167 429 1258 465 caeli
1277 441 1356 466 non
1380 431 1505 467 solum

446 487 629 527 quantum
649 480 697 516 ad
725 487 874 516 motum
900 480 990 527 eius,
1021 481 1088 517 sed
1116 481 1231 518 etiam
1256 490 1437 530 quantum
1457 483 1504 519 ad

447 532 693 568 substantiam
721 532 837 581 ipsius
859 533 895 568 ⁸⁶:
925 533 1030 580 quod
1057 545 1136 570 non
1164 541 1220 570 est
1247 534 1318 570 nisi
1345 534 1433 583 quia
1455 535 1503 571 ab

446 596 491 621 eo
519 585 633 621 habet
662 596 754 621 esse.
777 585 867 621 Non
895 592 1022 622 autem
1051 586 1166 622 habet
1189 587 1236 623 ab
1261 599 1308 623 eo
1333 598 1414 623 esse
1433 586 1503 623 nisi

444 643 688 685 perpetuum:
707 637 823 674 habet
842 649 930 685 ergo
957 639 1248 686 perpetuitatem
1277 639 1325 676 ab
1350 639 1434 676 alio.
1456 639 1504 675 Et

444 689 482 725 in
509 690 583 725 hoc
613 689 724 726 etiam
754 697 963 726 consonant
991 690 1088 727 dicta
1111 691 1333 739 Aristotelis,
1356 691 1419 740 qui
1449 691 1502 728 di-

445 741 493 778 cit
510 741 526 770 ²¹¹
545 742 583 778 in
601 742 636 778 V
653 743 868 790 Metaphys.
891 743 921 788 *,
943 750 978 779 et
997 755 1111 791 supra
1130 743 1168 780 in
1187 743 1370 792 principio
1390 743 1502 780 huius

445 794 568 831 octavi
599 795 638 841 ⁸⁸,
669 796 772 843 quod
809 795 999 842 quaedam
1034 803 1120 832 sunt
1156 796 1366 833 necessaria
1403 808 1502 844 quae

443 847 583 883 habent
612 859 765 884 causam
795 860 885 885 suae
914 848 1154 885 necessitatis.
1186 849 1272 885 Hoc
1301 861 1389 896 ergo
1415 861 1502 897 sup-

441 899 587 948 posito,
619 901 732 948 plana
761 908 816 937 est
843 900 980 938 solutio
1009 901 1221 937 secundum
1253 901 1500 938 intentionem

441 952 654 998 Alexandri,
678 953 781 1001 quod
806 953 899 990 sicut
923 965 1060 1000 corpus
1090 954 1248 990 caeleste
1276 954 1391 991 habet
1417 965 1500 990 mo-

440 1005 521 1041 veri
541 1005 588 1040 ab
617 1005 702 1052 alio.
722 1005 772 1042 ita
793 1013 828 1042 et
847 1018 940 1042 esse.
968 1006 1078 1042 Unde
1103 1005 1198 1043 sicut
1215 1013 1341 1043 motus
1367 1018 1500 1056 perpe-

441 1064 525 1093 tuus
546 1058 779 1094 demonstrat
805 1058 991 1095 infinitam
1019 1058 1197 1095 virtutem
1226 1059 1396 1106 motoris,
1422 1071 1500 1095 non

441 1117 567 1146 autem
601 1109 717 1158 ipsius
745 1111 916 1157 mobilis;
943 1110 993 1147 ita
1020 1118 1058 1148 et
1084 1118 1268 1160 perpetua
1288 1112 1368 1149 eius
1390 1111 1518 1148 dura-⁴

440 1162 490 1198 tio
516 1162 748 1199 demonstrat
775 1163 962 1200 infinitam
990 1163 1167 1200 virtutem
1202 1176 1336 1202 causae
1366 1177 1388 1201 a
1424 1176 1500 1212 qua

439 1215 554 1251 habet
581 1227 675 1252 esse.

498 1268 554 1304 15.
576 1268 667 1304 Non
685 1274 814 1304 tamen
838 1267 995 1305 omnino
1024 1268 1303 1310 eodemmodo
1324 1281 1363 1304 se
1383 1269 1498 1305 habet

438 1319 607 1368 potentia
635 1320 804 1369 corporis
834 1320 1001 1357 caelestis
1030 1321 1078 1357 ad
1099 1333 1180 1357 esse
1209 1329 1244 1357 et
1271 1320 1321 1357 ad
1349 1320 1498 1358 moveri

437 1379 634 1421 perpetuo.
675 1373 766 1410 Non
804 1373 958 1422 quidem
996 1374 1205 1410 secundum
1245 1372 1496 1410 differentiam

439 1437 556 1472 quam
583 1424 664 1474 ipse
693 1425 865 1473 assignat,
886 1425 990 1474 quod
1014 1425 1052 1462 in
1081 1437 1240 1473 corpore
1270 1426 1419 1462 caelesti
1453 1426 1498 1463 sit

439 1485 621 1526 quantum
659 1478 707 1514 ad
749 1477 896 1515 moveri
939 1479 958 1498 ’ζ
994 1478 1162 1526 potentia
1204 1478 1251 1515 ad
1298 1478 1472 1527 opposita
1487 1508 1496 1526 ,

438 1542 536 1578 quae
556 1530 642 1566 sunt
660 1530 767 1577 quies
797 1538 832 1567 et
850 1537 992 1567 motus:
1023 1532 1090 1568 sed
1120 1530 1167 1567 ad
1197 1532 1371 1579 opposita
1399 1543 1497 1579 quae

438 1590 524 1619 sunt
538 1582 686 1619 diversa
703 1583 806 1620 ubi.-
820 1583 895 1619 Sed
916 1582 1092 1619 differunt
1111 1591 1295 1632 quantum
1315 1584 1364 1620 ad
1383 1584 1495 1621 aliud.

438 1636 541 1672 Nam
565 1643 692 1672 motus
711 1636 920 1672 secundum
946 1647 985 1672 se
1007 1635 1105 1672 cadit
1131 1636 1170 1672 in
1197 1643 1383 1685 tempore:
1414 1649 1496 1673 esse

436 1701 530 1725 vero
558 1700 636 1725 non
665 1688 761 1725 cadit
789 1688 1000 1725 secundum
1029 1701 1068 1725 se
1091 1689 1110 1709 '³‘
1135 1689 1173 1725 in
1205 1696 1399 1737 tempore,
1429 1690 1495 1727 sed

437 1742 562 1777 solum
590 1740 800 1777 secundum
834 1742 938 1788 quod
971 1741 1138 1778 subiacet
1171 1741 1304 1778 motui.
1339 1741 1379 1778 Si
1408 1754 1495 1790 ergo

438 1794 483 1830 sit
510 1793 662 1842 aliquod
690 1805 773 1830 esse
801 1793 905 1841 quod
933 1806 1011 1830 non
1048 1793 1214 1830 subiacet
1243 1794 1378 1841 motui,
1405 1794 1496 1831 illud

438 1859 519 1883 esse
539 1847 639 1883 nullo
660 1847 778 1883 modo
799 1846 897 1883 cadit
915 1847 983 1883 sub
1003 1854 1188 1895 tempore.
1209 1846 1381 1883 Potentia
1407 1859 1495 1894 ergo

437 1911 535 1947 quae
565 1906 620 1935 est
647 1899 695 1935 ad
723 1899 871 1935 moveri
898 1898 936 1945 in
959 1906 1131 1948 tempore
1160 1899 1318 1946 infinito,
1349 1899 1497 1948 respicit

437 1952 659 1988 infinitatem
687 1951 870 2000 temporis
890 1951 1028 1988 directe
1049 1959 1085 1988 et
1102 1963 1171 2000 per
1189 1964 1241 1988 se.
1268 1952 1345 1988 Sed
1362 1960 1496 2000 poten-

436 2005 486 2042 tia
514 2017 611 2052 quae
641 2011 696 2040 est
724 2005 771 2041 ad
800 2016 881 2041 esse
900 2011 1073 2053 ternpore
1101 2003 1260 2052 infinito,
1282 2004 1312 2040 si
1340 2005 1495 2052 quidem

436 2057 527 2094 illud
555 2069 636 2094 esse
662 2057 707 2093 sit
734 2057 1036 2103 transmutabile,
1067 2057 1217 2105 respicit
1250 2057 1494 2105 quantitatem

436 2109 634 2158 temporis:
665 2117 700 2146 et
726 2109 813 2145 ideo
835 2109 958 2146 maior
983 2109 1100 2146 virtus
1122 2110 1183 2145 vel
1210 2109 1379 2158 potentia
1398 2111 1417 2129 ⁴
1438 2122 1493 2146 re-

437 2162 595 2211 quiritur
622 2162 670 2198 ad
687 2162 762 2198 hoc
786 2162 888 2210 quod
909 2161 1047 2210 aliquid
1077 2161 1185 2198 duret
1213 2162 1250 2198 in
1271 2174 1352 2198 esse
1378 2169 1495 2199 trans-

435 2214 605 2252 mutabili
633 2214 766 2251 maiori
794 2221 978 2263 tempore.
1014 2214 1090 2251 Sed
1118 2214 1286 2263 potentia
1314 2227 1411 2262 quae
1441 2222 1495 2251 est

436 2275 609 2317 respectu
630 2265 727 2304 ‘esse
767 2267 1117 2314 intransmutabilis,
1155 2268 1257 2303 nullo
1291 2267 1410 2304 modo
1439 2280 1495 2304 re-

436 2321 543 2369 spicit
567 2320 811 2368 quantitatem
839 2319 1032 2368 temporis.
1058 2320 1168 2356 Unde
1190 2319 1413 2367 magnitudo
1432 2321 1494 2357 vel

435 2374 597 2410 infinitas
624 2372 806 2421 temporis
829 2373 919 2409 nihil
939 2373 1025 2409 facit
1047 2372 1096 2409 ad
1115 2372 1414 2420 magnitudinem
1432 2373 1494 2409 vel

435 2426 657 2463 infinitatem
677 2425 868 2474 potentiae
897 2433 1069 2474 respectu
1096 2425 1177 2462 talis
1203 2437 1296 2462 esse.
1318 2427 1417 2462 Dato
1439 2437 1494 2461 er-

435 2492 483 2527 go
511 2491 580 2528 per
598 2478 829 2527 impossibile
850 2478 953 2526 quod
974 2490 1110 2526 corpus
1140 2479 1297 2514 caeleste
1326 2490 1405 2514 non
1429 2478 1494 2514 ha-

435 2533 540 2569 beret
563 2543 644 2568 esse
665 2531 712 2567 ab
741 2531 825 2578 alio,
852 2531 975 2567 adhuc
1003 2542 1082 2567 non
1109 2538 1238 2578 posset
1258 2531 1278 2551 ‘²‘
1299 2543 1343 2567 ex
1361 2542 1494 2579 perpe-

435 2584 563 2621 tuitate
600 2584 716 2632 ipsius
745 2584 936 2631 concludi,
973 2583 1078 2632 quod
1109 2583 1148 2619 in
1177 2595 1222 2620 eo
1253 2590 1350 2619 esset
1377 2583 1494 2620 virtus

436 2637 591 2674 infinita.

496 2691 552 2727 16.
591 2689 739 2726 Deinde
781 2701 868 2725 cum
907 2688 1017 2726 dicit:
1055 2687 1215 2725 Nullum
1249 2687 1372 2735 itaque
1402 2688 1494 2735 fini-

437 2749 513 2779 tum
534 2750 616 2789 etc.,
636 2742 772 2790 probat
791 2741 894 2790 quod
916 2741 953 2777 in
972 2740 1229 2788 magnitudine
1253 2739 1397 2776 infinita
1415 2752 1494 2776 non

436 2803 560 2844 potest
581 2807 661 2831 esse
690 2794 856 2843 potentia
883 2793 999 2830 finita.
1030 2793 1078 2829 Et
1105 2793 1179 2829 hoc
1208 2792 1354 2828 duabus
1384 2793 1492 2829 ratio-

437 2848 548 2889 nibus
569 2849 606 2884 *ε
635 2847 732 2884 circa
759 2858 920 2894 quarum
948 2845 1111 2894 primam
1139 2844 1207 2881 tria
1236 2845 1333 2882 facit.
1363 2845 1491 2881 Primo

437 2900 543 2949 ponit
563 2899 845 2936 conclusionem
867 2899 1046 2936 intentam
1066 2905 1101 2943 ω,
1124 2897 1251 2934 dicens
1271 2898 1374 2945 quod
1402 2898 1495 2934 sicut

438 2953 475 2989 in
496 2951 753 3000 magnitudine
772 2951 877 2988 finita
905 2963 983 2988 non
1010 2957 1133 2999 potest
1153 2962 1234 2987 esse
1254 2950 1420 2998 potentia
1440 2950 1494 2987 in-

437 3005 558 3052 finita,
579 3005 629 3041 ita
648 3017 719 3041 nec
738 3004 776 3040 in
795 3003 919 3052 aliquo
941 3010 1081 3052 quanto
1101 3002 1245 3039 infinito
1270 3010 1393 3052 potest
1413 3015 1492 3039 esse

438 3057 605 3107 potentia
624 3057 729 3094 finita
748 3056 958 3094 secundum
987 3063 1108 3092 toturn
1130 3057 1233 3102 (nam
1253 3068 1339 3103 pars
1360 3056 1491 3092 infiniti

491 3170 519 3205 ψ)
539 3171 611 3196 dicta
629 3169 790 3198 Aristotelis,
812 3169 858 3201 qui
876 3169 948 3194 dicit.
961 3182 978 3189 -
991 3169 1070 3193 verba
1094 3175 1160 3200 quae
1180 3169 1244 3193 dicit
1263 3169 1320 3199 EG,
1341 3169 1420 3194 verba
1439 3170 1494 3194 eius

437 3207 482 3239 qui
501 3206 565 3231 dicit
584 3206 645 3230 Pab.
659 3219 677 3224 —
690 3212 772 3236 supra
790 3212 843 3229 orn.
858 3203 1180 3229 ABCDIKLMOSTVXY.

490 3241 522 3274 ω)
541 3241 730 3266 conclusionem
751 3240 886 3265 intentam.
900 3253 918 3258 -
930 3246 1092 3264 communem
1118 3239 1288 3264 intentionem
1312 3239 1370 3269 EG,
1390 3240 1492 3265 conclu-

438 3277 535 3301 sionem
553 3275 736 3308 principaliter
756 3275 882 3300 intentam
904 3275 972 3303 Palu
991 3274 1036 3298 sed
1051 3282 1130 3306 quare
1145 3275 1290 3299 addendum
1310 3280 1379 3299 esset
1393 3275 1494 3306 princi-

434 3312 535 3343 paliter
553 3319 603 3335 non
624 3312 717 3343 liquet;
736 3310 787 3335 vid.
802 3309 879 3334 finem
898 3317 970 3334 num.
984 3314 1008 3334 et
1028 3310 1103 3334 etiam
1123 3317 1202 3342 supra
1221 3317 1293 3334 num.
1311 3308 1336 3334 6.

496 3345 539 3380 αα)
560 3346 630 3378 quod
647 3346 682 3370 sit
701 3345 754 3370 ZT.
768 3346 834 3370 —lta
854 3345 889 3370 Pb
909 3345 1010 3375 (Vener.
1029 3344 1089 3370 1551
1117 3352 1220 3376 semper
1239 3345 1264 3369 in
1287 3344 1335 3369 hoc
1358 3352 1428 3370 num.
1448 3353 1494 3377 pro

440 3381 531 3406 Zhab.
547 3382 573 3405 F
587 3386 611 3405 et
630 3389 676 3412 pro
699 3381 726 3409 T,
742 3380 800 3415 H);
820 3387 867 3413 pro
886 3380 939 3409 ZT,
960 3383 985 3405 et
1004 3381 1027 3404 B
1046 3380 1085 3404 ed.
1105 3387 1136 3409 a,
1157 3379 1208 3404 ΖΚ
1225 3380 1298 3404 codd.
1320 3379 1424 3410 HNRZ,
1447 3380 1496 3404 CK

439 3417 512 3440 codd.
527 3415 739 3444 AIKMSTVXY.
763 3416 815 3440 ΕΚ
826 3415 900 3440 codd.
915 3415 1008 3445 CLsX;
1025 3420 1072 3440 cet.
1087 3415 1225 3445 dissident,
1239 3415 1285 3439 sed
1306 3415 1392 3439 nullus
1419 3414 1494 3440 habet

440 3451 491 3475 ZT
504 3456 608 3483 excepto
625 3451 689 3475 forte
703 3450 751 3480 sF;
771 3455 829 3482 post
849 3450 891 3475 lin.
905 3458 952 3482 pro
974 3450 1002 3479 T,
1020 3450 1112 3481 C(T?)
1127 3451 1184 3474 cod.
1199 3450 1228 3480 F,
1242 3450 1268 3475 R
1286 3450 1359 3474 codd.
1373 3448 1493 3483 EG(Z?),

441 3485 471 3509 H
487 3486 542 3510 cod.
556 3486 588 3515 O,
608 3486 636 3509 K
647 3491 694 3510 cet.
709 3486 734 3509 Si
749 3493 795 3517 pro
815 3486 863 3509 ΕΖ
879 3486 963 3517 legere
979 3485 1024 3509 CZ
1035 3485 1136 3510 codices
1155 3485 1338 3517 permitterent,
1354 3490 1396 3509 aut
1410 3485 1430 3509 si
1447 3485 1497 3510 CK

441 3521 543 3552 ponitur
557 3521 683 3551 corruptio
698 3528 755 3544 esse
768 3528 815 3552 pro
832 3520 884 3544 ΕΚ
898 3520 922 3544 in
943 3520 1101 3550 melioribus,
1117 3528 1206 3545 eorum
1220 3520 1294 3545 lectio
1308 3518 1434 3550 cohaeret,
1448 3520 1494 3544 sed

442 3554 606 3579 nihilominus
626 3555 729 3580 decedet
747 3563 762 3580 a
779 3560 846 3580 textu
866 3562 965 3587 gruem,
985 3563 1063 3587 quem
1080 3554 1215 3588 hucusque
1235 3555 1314 3580 secuti
1330 3560 1398 3580 sunt.
1411 3568 1431 3574 —
1443 3555 1494 3580 Va—

1056 246 1399 284 PHYSICORUM
1426 247 1774 286 ARISTOTELIS
1803 249 1897 286 LIB.
1928 247 2014 284 VIII

1562 326 1592 363 si
1612 326 1815 375 accipiatur
1836 326 1957 374 finita,
1983 326 2138 363 habebit
2160 327 2369 375 potentiam
2397 327 2577 376 finitam).
2599 346 2626 359 -

1562 380 1648 415 Hoc
1685 386 1813 416 autem
1850 379 1995 416 inducit
2026 390 2104 415 non
2137 379 2244 427 quasi
2281 381 2535 418 necessarium
2573 383 2623 419 ad

1559 431 1766 481 principale
1799 431 2037 481 propositum
2073 431 2374 481 ostendendum,
2413 433 2480 470 sed
2514 434 2622 482 quasi

1561 485 1768 521 cohaerens
1789 485 1809 506 ²⁸
1829 492 1865 521 et
1891 484 2004 521 affine
2025 484 2259 520 conclusioni
2278 485 2382 534 prius
2401 486 2444 508 *²⁸
2463 486 2621 524 demon-

1560 543 1706 573 stratae.

1618 600 1675 637 17.
1707 588 1884 626 Secundo
1904 588 1972 625 ibi:
2001 590 2053 625 Et
2068 594 2192 626 tamen
2212 590 2395 639 contingit
2411 597 2494 637 etc.,
2513 590 2621 639 ponit

1558 641 1755 690 quoddam
1782 653 1851 690 per
1878 641 1983 690 quod
2011 641 2120 678 alicui
2139 641 2259 678 videri
2278 649 2409 690 posset
2425 642 2563 691 *quod
2581 642 2620 680 in

1558 693 1816 741 magnitudine
1843 694 1987 730 infinita
2016 693 2062 730 sit
2093 694 2261 742 potentia
2287 695 2414 732 finita:
2442 694 2620 732 videmus

1558 745 1659 782 enirn
1687 746 1792 794 quod
1821 746 1945 794 aliqua
1964 746 2090 783 minor
2117 746 2338 794 magnitudo
2364 747 2480 784 habet
2497 747 2617 784 maio-

1557 810 1638 834 rem
1657 798 1835 835 virtutem
1864 811 1979 847 quam
2008 798 2130 835 maior
2157 799 2391 847 magnitudo,
2413 800 2508 836 sicut
2533 811 2619 848 par-

1555 862 1628 887 vus
1647 850 1741 898 ignis
1760 851 1875 887 habet
1893 851 2079 888 maiorem
2105 851 2281 888 virtutem
2308 852 2470 889 activam
2500 863 2616 901 quam

1557 903 1696 940 multus
1725 915 1799 940 aer.
1822 903 1898 940 Sed
1926 904 2087 952 perhoc
2114 916 2192 940 non
2208 911 2333 953 potest
2360 904 2491 942 haberi
2511 904 2616 953 quod

1556 963 1741 1004 quantum
1769 955 1958 992 infinitum
1990 956 2129 993 habeat
2159 957 2369 1004 potentiam
2398 958 2418 978 *²
2445 956 2614 994 finitam:

1555 1008 1644 1056 quia
1672 1008 1702 1044 si
1730 1008 1934 1057 accipiatur
1961 1008 2086 1056 aliqua
2118 1009 2242 1045 adhuc
2274 1009 2394 1056 magis
2429 1009 2614 1046 excedens

1555 1061 1797 1109 magnitudo,
1826 1060 1981 1097 habebit
2007 1060 2194 1097 maiorem
2227 1061 2428 1107 virtutem;
2461 1061 2558 1098 sicut
2583 1061 2615 1098 si

1554 1114 1620 1149 aer
1647 1113 1769 1149 maior
1787 1113 1999 1150 secundum
2028 1112 2195 1160 aliquam
2223 1113 2470 1162 quantitatem
2498 1113 2615 1150 habet

1554 1165 1681 1202 min-us
1710 1165 1757 1201 de
1784 1165 1920 1201 virtute
1949 1176 2065 1212 quarn
2093 1176 2235 1213 parvus
2255 1165 2360 1213 ignis,
2390 1165 2420 1202 si
2449 1166 2613 1203 multum

1555 1224 1736 1264 augeatur
1763 1217 1858 1253 aeris
1887 1216 2084 1265 quantitas,
2105 1218 2260 1255 habebit
2287 1218 2474 1255 maiorem
2496 1217 2612 1255 virtu-

1554 1277 1631 1306 tem
1660 1281 1776 1318 quarn
1805 1281 1947 1317 parvus
1974 1269 2080 1317 ignis.

1613 1323 1669 1358 18.
1700 1322 1831 1358 Tertio
1859 1321 1928 1358 ibi:
1959 1322 2015 1358 Sit
2040 1322 2157 1371 igitur
2183 1322 2220 1359 in
2249 1334 2323 1371 quo
2351 1327 2406 1359 est
2429 1323 2501 1359 AB
2529 1330 2612 1370 etc.,

1553 1374 1659 1423 ponit
1688 1374 2052 1411 demonstrationem
2081 1375 2279 1412 intentam!
2309 1386 2407 1423 quae
2435 1374 2517 1412 talis
2545 1382 2610 1412 est.

1554 1426 1609 1464 Sit
1637 1434 1822 1475 quantum
1850 1426 2039 1463 infinitum
2067 1428 2153 1474 AB3
2183 1434 2220 1464 et
2233 1427 2279 1464 sit
2306 1427 2371 1464 BC
2391 1426 2612 1474 magnitudo

1552 1479 1658 1516 finita
1686 1479 1834 1516 alterius
1862 1479 2024 1527 generis,
2054 1491 2152 1528 quae
2180 1480 2295 1517 habet
2321 1479 2515 1527 quandam
2541 1491 2611 1528 po-

1551 1532 1706 1569 tentiam
1735 1532 1902 1578 finitam;
1924 1539 1960 1568 et
1979 1531 2024 1568 sit
2051 1532 2247 1580 quoddam
2267 1531 2410 1569 mobile
2437 1532 2485 1580 D,
2497 1531 2612 1580 -quod

1552 1592 1753 1621 moveatur
1781 1597 1803 1621 a
1830 1584 2088 1632 magnitudine
2117 1585 2203 1632 BC,
2232 1585 2271 1621 in
2304 1592 2477 1633 tempore
2505 1585 2612 1632 quod

1553 1645 1607 1674 est
1635 1637 1711 1674 EZ.
1742 1638 1791 1674 Et
1819 1637 1906 1685 quia
1925 1638 1991 1674 BC
2021 1644 2075 1674 est
2093 1637 2314 1685 magnitudo
2334 1637 2455 1684 finita,
2475 1636 2612 1686 poterit

1551 1689 1670 1738 accipi
1697 1689 1820 1726 maior
1851 1689 2093 1737 magnitudo:
2132 1689 2334 1738 accipiatur
2371 1701 2460 1737 ergo
2489 1689 2613 1727 maior

1551 1741 1762 1778 secundum
1792 1742 1947 1790 duplam
1974 1742 2274 1791 proportionem.
2299 1742 2457 1788 Quanto,
2481 1749 2611 1779 autem

1552 1801 1607 1831 est
1632 1794 1755 1831 maior
1771 1794 1940 1843 potentia
1958 1795 2159 1841 moventis,
2179 1802 2282 1832 tanto
2302 1795 2342 1831 in
2360 1794 2498 1832 minori
2514 1802 2610 1832 tern-

1550 1859 1643 1895 pore
1672 1854 1815 1894 movet,
1844 1854 1886 1883 ut
1912 1847 2083 1884 habitum
2113 1855 2168 1884 est
2195 1847 2232 1884 in
2260 1847 2422 1895 septimo
2448 1849 2489 1884 *z
2519 1859 2609 1895 ergo

1551 1900 1709 1948 duplum
1738 1899 1854 1948 ipsius
1882 1899 1946 1936 BC
1967 1899 2138 1936 movebit
2165 1899 2267 1937 idem
2286 1899 2440 1946 mobile,
2470 1899 2610 1937 scilicet

1551 1953 1598 1999 D,
1614 1952 1652 1988 in
1671 1952 1799 1989 medio
1819 1959 2003 2000 tempore,
2025 1952 2127 2001 quod
2147 1952 2193 1988 sit
2211 1952 2278 1988 ZT
2297 1957 2345 1998 ⁰⁸⁰²,
2362 1952 2411 1988 ita
2430 1951 2536 2000 quod
2553 1951 2608 1989 in-

1550 2005 1733 2052 telligatur
1751 2012 1901 2052 tempus
1921 2004 1990 2041 EZ
2003 2004 2119 2041 dividi
2138 2017 2205 2053 per
2223 2003 2395 2041 medium
2414 2004 2452 2040 in
2466 2011 2608 2053 puncto

1551 2058 1597 2094 T.
1629 2058 1790 2105 Semper
1818 2065 1946 2093 autem
1974 2057 2026 2093 sic
2054 2057 2230 2094 addendo
2251 2056 2299 2093 ad
2318 2057 2396 2104 BC,
2417 2056 2611 2094 minuetur

1549 2117 1700 2158 tempus
1720 2116 1867 2146 motus:
1898 2108 1965 2146 sed
1994 2117 2346 2158 quantumcumque
2373 2109 2533 2147 addatur
2559 2109 2610 2148 ad

1549 2162 1627 2209 BC,
1657 2174 1852 2210 nunquam
1881 2169 2007 2210 potest
2033 2162 2189 2199 transire
2217 2163 2305 2209 AB,
2335 2162 2440 2210 quod
2467 2162 2609 2211 impro-

1549 2214 1807 2263 portionaliter
1835 2214 1980 2251 excedit
2006 2215 2084 2262 BC,
2110 2215 2205 2252 sicut
2231 2214 2421 2251 infinitum
2445 2214 2607 2253 finitum.

1550 2268 1598 2303 Et
1626 2279 1714 2304 cum
1742 2268 1809 2304 AB
1837 2267 1975 2304 habeat
2001 2267 2210 2316 potentiam
2233 2267 2392 2314 finitam,
2411 2275 2544 2305 movet
2569 2267 2610 2305 in

1549 2327 1721 2368 tempore
1741 2319 1848 2356 finito
1864 2321 1930 2356 D:
1960 2327 1996 2356 et
2023 2320 2076 2357 sic
2103 2332 2255 2368 semper
2283 2319 2531 2358 diminuendo
2559 2319 2608 2358 de

1549 2380 1721 2420 tempore
1749 2384 1825 2420 quo
1859 2373 2041 2409 movebat
2068 2373 2146 2419 BC,
2177 2372 2446 2421 perveniemus
2470 2372 2521 2410 ad
2544 2370 2607 2409 ali·

1549 2425 1654 2473 quod
1673 2432 1824 2473 tempus
1851 2424 1976 2461 minus
1995 2437 2112 2472 quam
2132 2425 2178 2461 sit
2200 2432 2350 2473 tempus
2368 2424 2408 2461 in
2427 2437 2504 2473 quo
2523 2437 2607 2462 mo—

1547 2478 1662 2514 vebat
1688 2478 1774 2523 AB,
1803 2477 1891 2525 quia
1919 2489 2034 2513 omne
2062 2476 2212 2514 finitum
2239 2477 2513 2514 transcenditur
2539 2489 2608 2526 per

1549 2529 1787 2567 divisionem.
1823 2530 2010 2577 Sequetur
2038 2541 2126 2577 ergo
2155 2530 2259 2578 quod
2287 2530 2413 2566 minor
2439 2529 2607 2578 potentia

1549 2589 1704 2619 moveat
1731 2582 1769 2618 in
1806 2581 1943 2618 minori
1976 2589 2170 2630 tempore;
2208 2583 2313 2630 quod
2342 2589 2398 2619 est
2433 2582 2607 2631 impossi-

1548 2635 1634 2672 bile.
1664 2634 1902 2683 Relinquitur
1929 2646 2017 2682 ergo
2043 2635 2147 2683 quod
2174 2635 2212 2672 in
2240 2634 2497 2682 magnitudine
2523 2635 2607 2673 infi-

1548 2687 1624 2724 nita
1653 2695 1731 2724 erat
1763 2687 1931 2736 potentia
1958 2687 2120 2735 infinita,
2150 2688 2238 2736 quia
2266 2688 2404 2724 scilicet
2438 2687 2608 2736 potentia

1548 2740 1814 2788 magnitudinis
1847 2739 2013 2776 infinitae
2041 2740 2185 2777 excedit
2213 2753 2370 2779 omnem
2398 2740 2606 2789 potentiam

1547 2793 1693 2830 finitam
1703 2794 1733 2830 *.
1745 2814 1768 2820 -
1780 2794 1828 2829 Et
1845 2793 1919 2829 hoc
1932 2793 2136 2841 probatum
2157 2801 2212 2830 est
2223 2805 2292 2842 per
2311 2793 2607 2833 subtractionem

1547 2845 1749 2894 tempor1s:
1779 2845 1866 2894 quia
1901 2845 2026 2882 omnis
2062 2845 2252 2894 potentiae
2284 2845 2411 2883 finitae
2449 2857 2605 2883 necesse

1549 2905 1604 2934 est
1639 2910 1783 2947 ponere
1820 2898 2016 2946 quoddam
2053 2898 2342 2935 determinatum
2379 2905 2530 2947 tempus
2565 2897 2606 2935 in

1549 2963 1624 2999 quo
1654 2959 1796 2988 movet.
1827 2951 1944 2997 Quod
1973 2963 2018 2987 ex
2036 2951 2111 2987 hoc
2138 2957 2315 3000 apparet:
2345 2949 2433 2999 quia
2454 2950 2484 2987 si
2502 2957 2606 2988 tanta

1547 3003 1715 3052 potentia
1735 3011 1867 3040 movet
1884 3003 1923 3040 in
1941 3010 2045 3040 tanto
2065 3010 2250 3052 tempore,
2274 3002 2606 3040 maior*movebit

1548 3056 1585 3092 in
1614 3056 1752 3093 minori
1779 3063 1964 3104 ternpore,
1986 3056 2052 3093 secl
2073 3063 2201 3093 tamen
2220 3055 2490 3104 determinato,
2510 3055 2607 3093 idest
2648 3079 2654 3085 ·

1548 3170 1642 3195 riantes
1659 3170 1821 3202 sequentium
1842 3170 1933 3194 damus
1948 3169 2077 3194 recitando
2096 3169 2231 3193 lectionem
2246 3169 2400 3202 adoptatam.
2411 3179 2424 3192 α
2441 3170 2548 3202 Semper
2561 3177 2604 3195 au-

1548 3210 1600 3229 tem
1620 3204 1656 3229 sic
1675 3205 1723 3236 (sic
1736 3212 1788 3229 om.
1802 3204 1875 3236 YpA,
1888 3211 1952 3237 ergo
1966 3205 1985 3238 l)
1999 3204 2117 3229 addendo
2131 3204 2163 3228 ad
2182 3204 2231 3233 BC.
2245 3205 2374 3229 minuetur
2386 3210 2490 3237 tempus
2505 3210 2604 3230 motus:

1549 3241 1593 3264 sed
1614 3245 1854 3273 quantumcumque
1873 3240 1979 3264 addetur
1997 3239 2113 3270 (addam
2133 3239 2206 3264 codd.
2222 3247 2275 3265 exc.
2293 3239 2348 3270 EG,
2367 3240 2414 3265 lac.
2434 3239 2494 3272 ab)
2507 3240 2539 3265 ad
2552 3239 2604 3270 Be,

1549 3283 1679 3307 nunquam
1705 3280 1790 3307 potest
1811 3275 1917 3299 transire
1937 3274 2113 3307 (pertransire
2137 3274 2212 3299 codd.
2231 3282 2284 3299 exc.
2302 3275 2358 3307 LS)
2383 3275 2428 3299 ΑΒ
2447 3274 2511 3307 (ΒΑ
2530 3275 2605 3300 codd.

1548 3318 1600 3335 exc.
1620 3310 1764 3344 BDEFL).
1785 3310 1854 3342 quod
1878 3309 2138 3343 improportionaliter
2165 3309 2483 3342 (improportionabiliter
2510 3310 2604 3342 PEab)

1549 3345 1645 3370 excedit
1664 3345 1720 3374 BC,
1741 3346 1806 3370 sicut
1828 3344 1954 3370 infinitum
1980 3344 2090 3369 finitum.
2115 3344 2148 3368 Et
2165 3352 2224 3369 cum
2244 3343 2287 3378 (et
2309 3347 2396 3370 tamen
2416 3345 2440 3370 si
2458 3345 2532 3371 codd.
2551 3352 2605 3370 exc.

1549 3379 1611 3414 EG)
1631 3381 1675 3404 AB
1695 3380 1786 3405 habeat
1806 3378 1932 3414 (habebat
1951 3380 2026 3404 codd.
2042 3387 2095 3404 exc.
2110 3378 2220 3414 DGRT)
2239 3381 2379 3412 potentiam
2398 3378 2503 3409 finitam,
2519 3384 2606 3405 movet

1548 3415 1573 3440 in
1587 3415 1624 3448 (in
1645 3423 1697 3440 om.
1710 3415 1784 3440 codd.
1798 3423 1850 3440 exc.
1863 3414 1943 3449 ΒΕΘ)
1959 3420 2075 3447 tempore
2087 3413 2158 3439 finito
2178 3415 2215 3439 D:
2227 3420 2253 3440 et
2271 3416 2308 3440 sic
2321 3422 2424 3449 semper
2438 3414 2604 3440 diminuendo

1548 3450 1708 3482 (dividendo
1732 3457 1834 3482 semper
1853 3450 1972 3482 PEGab)
1991 3450 2023 3475 de
2042 3454 2157 3482 tempore
2176 3458 2229 3483 quo
2252 3450 2372 3476 movebat
2391 3450 2448 3481 BC,
2473 3449 2605 3482 pervenie-

1549 3493 1608 3510 mus
1627 3485 1811 3517 (pervenimus
1836 3485 1905 3516 Pab)
1925 3485 1956 3509 nd
1979 3485 2083 3517 aliquod
2107 3489 2211 3518 tempus
2237 3485 2322 3510 minus
2348 3492 2427 3518 quam
2450 3485 2482 3509 sit
2499 3490 2603 3517 tempus

1549 3521 1668 3552 (tempus
1686 3521 1721 3545 sit
1739 3520 1819 3555 EGa,¹
1831 3523 1933 3552 tempus
1951 3527 2004 3544 om.
2023 3524 2070 3544 cet.
2085 3526 2138 3544 exc.
2159 3519 2347 3553 FNHRTZsO)
2366 3521 2392 3545 in
2410 3527 2465 3552 quo
2482 3518 2603 3544 movebat

1548 3556 1602 3580 AB.
1619 3564 1632 3578 ι

2648 647 2658 657 ·
2667 647 2748 674 pouit
2758 652 2827 670 nm
2837 660 2841 665 -

2648 678 2783 702 ervxrzpo
2797 676 2819 696 et
2838 686 2850 690 m

2643 959 2763 981 'virtutem

2639 985 2786 1035 &im
2798 998 2821 1041 51
2839 1036 2843 1042 ,,

2637 1856 2647 1866 ·
2663 1854 2828 1884 Leukimma,
2854 1886 2855 1895 ¹

2724 1963 2760 1982 CC

2633 2801 2644 2812 ·
2661 2799 2778 2828 ramu-
2792 2805 2850 2832 ιι

2632 2832 2847 2880 ἧιῇιτπιροοαιζ

2632 3005 2788 3055 mu*
2836 3012 2841 3013 ἢ
2880 3012 2884 3047 ÷
