2950 4004
251 1614 261 1624 ⁶
276 1613 345 1634 Num.
361 1613 383 1635 8.

251 1662 259 1670 '
275 1661 320 1682 duo
333 1667 463 1686 mcxxv-vx

251 1694 309 1715 1(sz
324 1691 344 1709 ct
359 1687 403 1709 ab.

251 1821 259 1829 ¹
274 1819 344 1840 Num.
359 1826 382 1846 4.

251 1873 261 1883 ·
277 1878 305 1893 ex
320 1872 355 1893 his
366 1878 413 1893 om.
427 1878 462 1893 eo.

250 1926 259 1935 ⁸
275 1925 344 1947 Num.
360 1932 380 1952 7.

249 2301 255 2308 ·
272 2299 308 2320 vel
317 2304 458 2320 troannosz.

248 2404 257 2414 ⁶
273 2406 297 2424 lu
312 2403 363 2425 add.
378 2409 429 2424 nee.

249 2615 258 2624 *
274 2615 295 2635 si
309 2621 379 2636 nomn
395 2618 415 2636 ct
428 2615 447 2635 b.

251 2879 258 2887 ·
273 2881 358 2899 natura
374 2885 409 2899 eo.

250 2985 258 2994 “
281 2984 428 3004 terminatam
447 2990 460 3004 r

249 3010 283 3037 cb,
291 3010 415 3037 propriam
423 3015 459 3031 eo.

498 288 567 325 152

547 369 696 396 ΞΥΝοΡειε.
714 383 748 388 -
769 377 792 394 1.
809 368 1019 404 Argumentum
1041 374 1068 395 et
1090 367 1191 395 divisio
1212 373 1313 395 textus.
1329 385 1348 389 -
1363 375 1390 395 2.
1412 367 1491 396 Sicut
1511 368 1554 396 di—

492 407 644 445 stinguitur
665 416 715 435 ens
736 416 787 443 per
808 416 838 434 se
859 413 887 434 et
907 416 958 434 ens
979 416 1030 443 per
1050 407 1195 442 accidens,
1217 406 1257 435 sic
1278 413 1306 434 et
1326 408 1406 435 Iocus
1427 417 1554 436 commu—

493 448 538 475 nis
558 447 588 474 in
610 456 668 483 quo
691 446 790 474 omnia
811 455 934 482 corpora
949 452 1023 481 sunt,
1039 453 1067 474 et
1088 446 1168 474 Iocus
1184 446 1326 483 proprius
1340 446 1390 483 qui
1410 446 1505 483 primo
1527 454 1555 475 et

491 495 543 523 per
557 495 587 514 se
602 486 703 514 dicitur
717 486 807 514 locus.
830 468 1027 514 Manifestatui·
1041 486 1121 522 quod
1141 486 1222 513 locus
1244 485 1408 515 communis
1422 486 1459 515 sit
1472 486 1554 515 locus

491 535 543 563 per
556 525 688 554 accidens
702 531 729 553 et
743 534 794 561 per
814 525 965 561 posterius.
974 541 993 546 -
1010 526 1035 553 3.
1052 526 1139 560 Quod
1159 524 1254 561 primo
1276 531 1304 553 et
1317 534 1370 562 per
1381 535 1414 554 se
1426 525 1555 555 continet

491 565 731 602 unumquodque,
754 571 795 592 est
816 574 867 601 per
887 573 917 592 se
938 565 1019 592 locus
1040 564 1110 600 eius,
1131 565 1298 593 huiusmodi
1318 571 1415 594 autem
1436 572 1478 594 est
1498 572 1553 594 ter-

492 604 588 632 minus
608 604 663 632 rei:
686 604 814 640 sequitur
835 613 903 641 ergo
918 604 997 640 quod
1012 604 1093 632 locus
1107 605 1222 641 proprie
1237 611 1265 633 et
1285 614 1336 642 per
1357 614 1387 633 se
1408 604 1443 633 sit
1457 605 1554 634 termi-

492 653 546 672 nus
562 643 615 678 rei3
637 645 687 672 sed
703 643 797 671 forma
811 650 852 671 est
867 652 940 680 quae
955 643 1090 672 terminat
1104 644 1252 673 materiam
1267 650 1295 672 et
1309 644 1553 682 magnitudinem;

492 692 560 720 ergo
583 684 663 711 locus
684 688 726 711 est
739 684 853 721 forma.
868 700 887 704 —
901 684 952 711 Est
966 683 1012 711 hic
1026 690 1124 711 tamen
1145 684 1295 720 sophisma
1308 684 1519 721 consequentis.
1534 701 1554 706 -

491 732 519 758 4.
535 722 655 759 Antiqui
676 723 773 750 locum
797 729 969 759 putaverunt
989 722 1113 759 spatium
1141 723 1214 752 inter
1235 723 1373 752 terminos
1400 723 1441 751 rei
1463 723 1554 752 conti-

491 762 604 797 nentis,
629 762 737 790 habens
758 768 815 790 tres
841 761 1054 797 dimensiones3
1078 771 1132 791 nec
1152 769 1248 791 tamen
1270 762 1345 791 idem
1368 772 1434 791 cum
1455 762 1553 800 aliquo

493 811 649 838 corporum
664 801 851 837 sensibilium,
867 801 934 838 quia
948 801 1065 830 mutatis
1081 802 1252 839 corporibus
1266 801 1448 830 sensibilibus
1461 811 1554 830 rema-

492 847 541 869 net
561 841 639 869 idern
660 841 792 878 spatium.
806 857 828 863 —
843 842 868 869 5.
890 842 932 869 Ex
954 842 1010 870 hoc
1030 842 1144 870 volebat
1165 842 1247 870 Plato
1270 841 1438 879 syllogizare
1459 842 1553 870 Iocum

493 890 556 909 esse
577 881 739 909 materiam.
762 881 912 909 Dimensio
933 881 1011 910 enim
1032 881 1116 918 spatii
1137 882 1296 910 secundum
1315 890 1346 910 se
1362 881 1472 910 videtur
1492 891 1554 910 esse

492 920 602 957 aliquid
623 929 684 948 non
705 920 936 949 determinatum.
960 921 1047 955 Quod
1062 927 1158 949 autem
1180 921 1210 949 in
1231 930 1261 950 se
1281 930 1342 949 non
1356 927 1398 949 est
1419 921 1553 949 determi-

492 966 602 995 natum,
617 961 667 988 sed
689 960 895 989 determinatur
915 969 966 997 per
979 961 1104 988 formam
1118 967 1146 988 et
1159 961 1324 996 terminum,
1340 967 1382 989 est
1397 960 1523 989 materia.
1535 977 1554 982 -

492 1000 557 1028 Hoc
578 999 731 1036 praecipue
746 1001 919 1037 sequebatur
933 1009 966 1028 ex
981 999 1112 1028 doctrina
1126 999 1253 1029 Platonis
1268 1000 1402 1037 ponentis
1415 1009 1554 1029 numeros

493 1045 520 1067 et
541 1039 713 1076 quantitates
735 1049 796 1067 esse
818 1039 990 1068 substantias
1011 1049 1118 1068 rerum.
1135 1057 1155 1061 —
1169 1041 1198 1069 6.
1223 1040 1300 1075 Quia
1321 1049 1389 1077 ergo
1410 1040 1491 1068 locus
1512 1045 1554 1068 est

493 1078 697 1114 dimensiones,
713 1085 741 1107 et
755 1078 950 1107 dimensiones
969 1086 1035 1108 sunt
1057 1079 1189 1115 materia3
1208 1078 1328 1108 m'ateria
1342 1086 1439 1108 autem
1454 1085 1496 1108 est
1510 1088 1553 1107 re—

492 1118 635 1154 ceptivum
656 1119 825 1153 formarum,
845 1125 873 1147 et
894 1119 975 1147 Plato
996 1128 1084 1147 omne
1105 1118 1280 1155 receptivum
1301 1118 1421 1147 alicuius
1442 1118 1554 1147 dicebat

492 1166 553 1186 esse
568 1158 679 1194 locum3
698 1158 888 1186 concludebat
903 1158 1052 1187 materiam
1067 1167 1130 1187 esse
1143 1159 1250 1187 locum.
1265 1175 1285 1180 -
1299 1168 1326 1195 7.
1345 1158 1552 1187 Corollarium.

491 1197 520 1225 Si
541 1198 622 1226 locus
644 1204 686 1226 est
706 1198 750 1226 vel
771 1197 891 1226 materia
907 1199 952 1227 vel
970 1198 1078 1233 forma,
1107 1198 1211 1226 merito
1233 1195 1349 1226 difficile
1370 1198 1482 1226 videtur
1503 1207 1552 1226 co-

491 1246 629 1273 gnoscere
657 1237 726 1275 quid
747 1237 784 1266 sit
810 1238 901 1266 locus.
917 1254 937 1260 -
958 1238 987 1266 8.
1008 1238 1094 1266 Hisce
1114 1238 1251 1266 omnibus
1272 1238 1400 1275 quinque
1426 1237 1552 1266 rationes

612 1369 628 1386 ι,
649 1365 682 1422 ‚7-
691 1347 740 1386 ⁹·st
754 1345 929 1387 ostquam
945 1338 1199 1387 Philosophus
1219 1337 1411 1386 inquisivit
1425 1337 1552 1386 dispu-

611 1386 727 1446 ’,νζ
713 1390 865 1428 &dative
895 1402 944 1427 an
972 1382 1078 1428 focus
1106 1391 1162 1435 sit,
1192 1391 1253 1427 hic
1280 1389 1434 1439 inquirit
1460 1389 1552 1438 quid

701 1444 808 1511 ίΙᾶεἰῖ.
839 1445 888 1480 Et
914 1443 1040 1492 primo
1069 1444 1177 1495 ponit
1205 1443 1367 1480 rationes
1388 1442 1552 1492 disputa-

556 1524 566 1529 t
611 1490 651 1539 “³1¹
688 1469 738 1538 ,“,”)’
740 1496 848 1533 tivas
863 1496 911 1533 ad
927 1496 1206 1534 ostendendum
1226 1497 1355 1532 locum
1377 1508 1459 1532 esse
1479 1496 1552 1532 for-

492 1561 597 1586 mam
624 1549 686 1585 vel
719 1549 938 1595 materiam3
977 1549 1146 1586 secundo
1184 1549 1293 1598 ponit
1324 1548 1487 1585 rationes
1515 1547 1554 1584 in

492 1601 732 1648 contrarium,
753 1602 824 1638 ibi:
843 1602 896 1638 At
911 1613 1001 1639 vero
1021 1603 1122 1651 quod
1139 1601 1362 1649 impossibile
1379 1601 1427 1640 sit
1443 1603 1463 1621 '⁹
1484 1609 1551 1638 etc.

491 1655 600 1691 Circa
626 1654 793 1702 primum
822 1655 891 1691 tria
912 1655 931 1676 ³³
951 1655 1056 1692 facit:
1084 1654 1209 1704 primo
1237 1654 1344 1703 ponit
1368 1655 1553 1691 rationem

491 1707 539 1744 ad
572 1708 851 1745 ostendendum
884 1708 1012 1745 locum
1046 1720 1127 1745 esse
1158 1708 1346 1753 ,formam3
1385 1707 1553 1744 secundo

491 1761 538 1798 ad
567 1760 847 1798 ostendendum
875 1761 1004 1798 locum
1034 1773 1116 1797 esse
1145 1760 1359 1807 materiam,
1390 1759 1457 1797 ibi:
1492 1762 1554 1797 Se-

491 1814 653 1850 cundum
691 1819 815 1851 autem
854 1815 955 1862 quod
987 1814 1134 1851 videtur
1169 1825 1247 1849 esse
1282 1813 1385 1849 locus
1415 1814 1435 1834 Τ·
1464 1821 1552 1860 etc.;

490 1867 597 1903 tertio
627 1866 768 1903 inducit
807 1866 1047 1903 corollarium
1077 1878 1121 1903 ex
1154 1866 1212 1902 his
1242 1867 1282 1913 ¹²²,
1313 1865 1383 1902 ibi:
1412 1867 1553 1903 Merito

490 1925 614 1956 autem
643 1931 692 1955 ex
718 1920 774 1956 his
793 1920 813 1939 ⁴·
834 1927 901 1956 etc.
1408 1927 1412 1931 ’

544 1984 579 2009 2.
600 1971 700 2009 Dicit
718 1983 806 2019 ergo
827 1972 951 2021 primo
972 1972 1075 2021 quod
1096 1971 1191 2008 sicut
1210 1970 1247 2008 in
1268 1971 1416 2008 entibus
1431 1971 1552 2020 quod-

491 2025 580 2062 dam
610 2033 665 2061 est
691 2037 759 2074 per
786 2037 825 2061 se
855 2037 943 2072 ens,
980 2032 1016 2061 et
1043 2024 1196 2073 aliquod
1225 2024 1357 2060 dicitur
1386 2037 1452 2061 ens
1485 2037 1554 2074 per

491 2078 681 2123 accidens;
698 2077 865 2114 similiter
884 2078 1202 2115 considerandum
1225 2084 1279 2113 θεῖ
1298 2077 1395 2114 eirca
1410 2078 1550 2125 locum,

490 2132 595 2179 quod
614 2131 771 2179 quidam
800 2131 905 2167 locus
931 2139 986 2168 est
1013 2130 1237 2176 communis,
1267 2130 1305 2166 in
1325 2142 1402 2179 quo
1422 2131 1552 2167 omnia

491 2196 651 2233 corpora
671 2191 767 2230 sunt,
785 2191 821 2220 et
837 2184 929 2220 alius
945 2191 1000 2220 θεῖ
1019 2185 1125 2220 locus
1138 2183 1329 2232 propriuS,
1347 2183 1410 2232 qui
1426 2183 1550 2232 primo

489 2245 526 2274 et
552 2249 620 2286 per
646 2249 686 2273 se
716 2236 849 2274 dicitur
875 2237 991 2274 locus.
1023 2238 1150 2273 Locus
1179 2244 1306 2273 autem
1336 2236 1551 2273 communis

488 2302 567 2326 non
593 2290 726 2327 dicitur
753 2290 858 2326 locus
886 2289 957 2326 nisi
983 2302 1052 2338 per
1079 2289 1254 2326 accidens
1279 2297 1315 2325 et
1344 2290 1363 2310 *
1391 2301 1460 2338 per
1482 2302 1551 2338 po-

488 2342 632 2380 sterius.
659 2343 775 2402 Quod
795 2343 847 2379 sic
866 2342 1088 2379 manifestat.
1120 2343 1282 2379 Possum
1304 2342 1405 2379 enirn
1426 2342 1550 2379 dicere

488 2396 591 2444 quod
619 2403 658 2432 tu
688 2408 726 2432 es
754 2396 792 2432 in
821 2396 937 2442 caelo,
967 2395 1056 2444 quia
1083 2395 1103 2416 '²‘
1131 2407 1170 2431 es
1197 2395 1235 2432 in
1264 2407 1371 2454 aere,
1402 2395 1467 2444 qui
1497 2403 1552 2432 est

487 2449 526 2486 in
546 2450 671 2495 caelo3
705 2456 741 2485 et
760 2448 863 2497 quod
892 2456 931 2485 tu
961 2461 1000 2485 es
1029 2448 1065 2485 in
1095 2460 1181 2485 aere
1207 2456 1242 2484 et
1265 2447 1303 2484 in
1324 2449 1440 2508 caelo,
1463 2448 1551 2502 quia

488 2515 527 2539 es
556 2502 593 2538 in
631 2509 743 2547 terra;
774 2509 809 2538 et
837 2501 874 2538 in
902 2509 998 2538 terra
1027 2501 1159 2538 diceris
1189 2513 1292 2548 esse,
1328 2502 1415 2550 quia
1445 2514 1484 2538 es
1513 2501 1550 2538 in

487 2555 584 2603 loco,
614 2555 678 2603 qui
707 2531 797 2591 nihil
827 2555 991 2591 continet
1016 2555 1101 2603 plus
1130 2567 1246 2614 quam
1275 2531 1322 2590 t⁷e.

542 2609 575 2644 3.
607 2607 669 2644 Sic
689 2608 707 2627 ⁹⁵
738 2619 825 2654 ergo
855 2607 944 2645 illud
973 2608 1076 2656 quod
1100 2607 1225 2656 primo
1247 2615 1283 2644 et
1300 2619 1370 2655 per
1395 2619 1435 2644 se
1461 2619 1550 2644 con-

486 2661 575 2697 tinet
595 2661 910 2709 unumquodque,
933 2668 988 2697 est
1009 2673 1078 2709 per
1102 2673 1141 2697 se
1169 2661 1274 2697 locus
1294 2659 1395 2705 eius;
1424 2660 1551 2697 huius-

487 2714 592 2750 modi
612 2722 740 2750 autern
756 2722 811 2750 est
825 2714 1007 2750 terminus
1028 2714 1075 2751 ad
1095 2725 1211 2762 quem
1233 2725 1290 2750 res
1310 2713 1547 2759 terminatur;

487 2766 653 2815 sequitur
685 2779 773 2814 ergo
808 2768 913 2815 quod
945 2767 1050 2804 locus
1082 2766 1233 2815 proprie
1270 2773 1305 2802 et
1335 2779 1405 2814 per
1437 2778 1476 2802 se
1506 2765 1551 2803 sit

487 2820 669 2856 terminus
698 2820 761 2856 rei.
798 2821 939 2857 Forma
968 2828 1095 2857 autem
1124 2827 1180 2856 est
1207 2819 1389 2863 terminus
1421 2819 1549 2855 unius-

488 2872 687 2921 cuiusque:
717 2872 804 2921 quia
831 2885 900 2922 per
919 2873 1083 2910 formam
1112 2872 1334 2909 terminatur
1352 2873 1509 2909 materia
1530 2873 1550 2894 ⁵³

486 2925 780 2973 uniuscuiusque
804 2926 853 2963 ad
877 2926 1073 2975 proprium
1095 2938 1187 2972 esse,
1206 2933 1241 2962 et
1259 2925 1480 2973 magnitudo
1501 2925 1549 2962 ad

487 2978 774 3015 determinatam
801 2979 820 3000 ²³²
845 2991 1080 3016 mensuram:
1111 2978 1334 3027 quantitates
1364 2978 1465 3015 enim
1495 2991 1550 3015 re-

487 3044 571 3068 rum
601 3039 882 3079 consequuntur
914 3032 1055 3069 formas
1090 3044 1231 3069 earum.
1261 3032 1420 3069 Videtur
1443 3031 1551 3079 igitur

487 3084 698 3121 secundum
725 3085 822 3123 hanc
852 3085 1209 3133 considerationem,
1239 3085 1344 3133 quod
1372 3085 1478 3122 locus
1506 3085 1551 3122 sit

488 3139 622 3174 forma.
654 3137 729 3174 Sed
750 3137 946 3174 sciendum
976 3146 1030 3175 est
1054 3138 1157 3187 quod
1184 3139 1221 3175 in
1241 3139 1312 3175 hac
1332 3138 1475 3176 ratione
1496 3145 1550 3175 est

488 3190 683 3239 sophisma
712 3191 996 3238 consequentis:
1030 3191 1268 3239 syllogizatur
1297 3191 1398 3228 enim
1427 3191 1464 3228 in
1493 3204 1549 3228 se-

490 3243 612 3280 cunda
642 3243 762 3290 figura
782 3255 826 3279 ex
846 3243 994 3280 duabus
1023 3244 1269 3281 affirmativis.

541 3308 577 3342 4.
600 3295 746 3332 Deinde
767 3308 855 3333 cum
877 3295 979 3333 dicit:
1002 3297 1212 3334 Secundum
1233 3302 1357 3334 autem
1378 3298 1479 3345 quod
1496 3298 1549 3334 vi-

490 3349 596 3384 detur
614 3361 691 3385 esse
710 3349 811 3385 locus
831 3357 913 3396 etc.,
934 3349 1042 3398 ponit
1062 3350 1246 3387 rationem
1267 3350 1454 3397 Platonis,
1481 3363 1549 3399 per

491 3413 606 3448 quarn
629 3401 697 3437 sibi
716 3402 915 3438 videbatur
934 3403 1037 3451 quod
1057 3404 1162 3439 locus
1183 3410 1280 3443 esset
1299 3402 1466 3439 materia.
1488 3403 1547 3440 Ad

493 3452 597 3488 cuius
627 3453 855 3496 evidentiam
884 3454 1081 3492 sciendum
1103 3463 1158 3492 est
1181 3454 1285 3503 quod
1315 3455 1455 3503 antiqui
1480 3467 1548 3504 pu-

493 3511 666 3541 taverunt
694 3506 820 3543 locum
851 3519 931 3543 esse
961 3508 1123 3555 spatium
1153 3508 1258 3556 quod
1287 3515 1342 3544 est
1366 3507 1460 3544 inter
1478 3516 1548 3544 ter-

494 3556 619 3593 minos
644 3558 695 3593 rei
717 3559 949 3605 continentis,
971 3561 1074 3607 quod
1095 3561 1249 3608 quidem
1270 3561 1384 3597 habet
1404 3559 1548 3597 dimen-

494 3609 618 3645 siones
634 3610 883 3658 longitudinis,
901 3612 1101 3649 latitudinis
1118 3620 1152 3649 et
1166 3612 1440 3662 profunditatis.
1458 3613 1548 3650 Non

1120 288 1465 326 PHYSICORUM
1492 288 1841 325 ARISTOTELIS
1870 289 1965 325 LIB.
1995 289 2047 324 IV

1608 368 1730 404 opponit
1751 367 1928 396 Aristoteles.
1958 369 1985 403 a)
2008 368 2114 396 Forma
2142 374 2170 396 et
2191 369 2310 397 materia
2330 378 2391 398 non
2413 375 2580 406 separantur
2600 379 2618 399 a
2637 379 2669 399 re

1608 407 1688 436 cuius
1710 414 1784 435 sunt.
1806 408 1863 435 Sed
1884 408 1966 436 locus
1987 407 2127 444 contingit
2147 408 2286 444 separari;
2307 417 2375 446 ergo
2397 418 2458 438 non
2479 415 2521 438 est
2541 418 2608 446 pars
2627 410 2669 438 rei

1607 454 1638 475 ut
1660 447 1778 475 materia
1798 447 1842 475 vel
1864 447 1966 475 forma.
1995 448 2030 474 Et
2051 447 2152 475 eadem
2174 447 2209 475 de
2236 457 2321 476 causa
2341 457 2402 476 non
2423 455 2465 476 est
2485 449 2598 478 habitus
2618 459 2670 478 seu

1608 487 1814 524 quodcumque
1833 486 1974 515 accidens.
1991 487 2079 521 Quod
2093 493 2189 514 autem
2208 487 2289 515 locus
2303 496 2363 515 non
2378 487 2414 515 sit
2427 488 2555 524 materia,
2571 495 2667 518 osten-

1607 525 1684 554 ditur
1704 526 1790 554 etiam
1812 535 1846 555 ex
1866 527 1923 554 hoc
1937 527 2017 563 quod
2031 526 2092 562 ipse
2107 526 2249 560 continet;
2259 531 2263 535 '
2272 525 2392 554 materia
2411 533 2509 556 autem
2523 537 2584 557 non
2599 537 2669 557 con-

1608 565 1679 594 tinet
1699 567 1750 594 sed
1771 566 1942 594 continetur.
1958 583 1976 587 —
1997 575 2024 602 9.
2047 566 2075 602 b)
2098 566 2155 594 Sed
2176 572 2203 594 et
2224 565 2247 594 si
2268 566 2349 594 locus
2377 575 2527 603 nunquam
2554 576 2669 604 separa-

1607 611 1685 633 retur
1705 614 1722 633 a
1742 606 1852 641 locato,
1873 614 1934 634 non
1955 612 2053 642 posset
2074 614 2136 634 esse
2157 605 2277 634 materia
2296 605 2340 634 vel
2361 605 2463 634 forma.
2485 607 2560 634 Nam
2582 615 2670 636 omne

1607 645 1688 681 quod
1703 650 1745 672 est
1758 644 1871 680 alicubi,
1895 651 1938 673 est
1958 644 2075 682 aliquid,
2090 651 2118 673 et
2132 651 2174 673 est
2195 644 2303 682 aliquid
2323 645 2443 674 alterum
2464 646 2500 674 ab
2515 654 2551 674 eo
2565 645 2595 674 in
2609 655 2669 684 quo

1607 691 1658 712 est.
1680 685 1757 721 Ergo
1778 685 1859 712 locus
1880 691 1923 713 est
1943 691 2022 712 extra
2042 685 2178 713 locatum.
2194 684 2315 713 Materia
2334 691 2431 713 autem
2452 691 2480 713 et
2499 684 2593 714 forma
2608 694 2671 714 non

1607 730 1675 751 sunt
1695 730 1773 752 extra
1793 733 1863 752 rem.
1885 741 1904 745 —
1930 733 1973 752 1ο.
1995 726 2021 759 c)
2052 724 2161 752 Contra
2184 724 2311 753 Platonis
2339 724 2509 753 sententiam
2533 724 2668 762 arguitur.

1607 762 1690 791 Plato
1711 763 1807 799 posuit
1828 772 1964 792 numeros
1979 770 2007 792 et
2020 763 2098 792 ideas
2119 773 2180 792 non
2200 772 2261 792 esse
2282 763 2312 792 in
2333 763 2408 792 loco.
2430 765 2468 792 At
2482 773 2516 792 ex
2530 764 2591 792 eius
2605 772 2670 793 sen-

1607 801 1696 830 tentia
1717 803 1752 830 de
1773 803 1839 831 loco
1861 802 1990 840 sequitur
2010 812 2057 831 eas
2072 812 2134 831 esse
2154 803 2184 831 in
2205 803 2283 832 loco:
2299 803 2506 840 participantur
2526 804 2604 832 enim
2625 812 2670 832 se-

1607 843 1735 870 cundum
1756 842 1861 878 ipsum,
1874 842 1933 870 sive
1947 851 1964 870 a
1978 842 2098 871 materia
2111 843 2169 871 sive
2185 852 2203 871 a
2217 852 2323 880 magno
2345 850 2373 871 et
2393 853 2498 880 parvo3
2519 852 2589 881 ergo
2603 849 2671 872 sunt

1607 881 1638 909 in
1652 881 1729 926 ipsis.
1744 898 1763 903 -
1782 891 1824 910 11
1840 882 1870 917 d)
1885 881 1915 910 Si
1930 881 2051 911 materia
2064 889 2091 911 et
2111 883 2205 911 forma
2223 883 2280 911 sint
2299 883 2390 918 locus,
2405 892 2468 912 non
2480 883 2586 920 poterit
2599 892 2669 912 con-

1606 920 1753 949 venienter
1766 920 1914 958 assignari,
1929 922 2080 959 quomodo
2095 921 2205 959 aliquid
2219 929 2369 951 moveatur
2382 923 2543 951 secundum
2561 923 2669 968 locum,

1607 961 1659 989 sed
1680 960 1834 990 dicendum
1856 960 1908 989 erit
1929 961 2009 998 quod
2029 961 2111 990 locus
2132 962 2168 990 sit
2188 961 2218 990 in
2239 962 2314 991 loco.
2337 963 2411 991 Nam
2432 961 2456 990 si
2477 963 2558 991 locus
2576 969 2619 991 est
2639 962 2669 990 in

1607 999 1671 1037 ipso
1685 1001 1766 1037 quod
1787 1006 1919 1029 movetur
1939 1001 2023 1038 quasi
2045 1001 2155 1038 aliquid
2176 1001 2202 1030 ei
2218 1001 2415 1036 intrinsecum,
2429 1001 2502 1030 sicut
2516 1008 2632 1038 oportet
2645 1002 2669 1030 si

1607 1039 1727 1068 materia
1747 1040 1791 1068 vel
1812 1040 1906 1068 forma
1926 1040 1962 1068 sit
1982 1040 2071 1076 locus,
2094 1040 2223 1078 sequitur
2243 1042 2324 1077 quod
2344 1041 2424 1070 locus
2439 1047 2571 1070 movetur
2585 1041 2670 1070 simul

1607 1089 1673 1108 cum
1701 1078 1764 1116 ipsa
1785 1088 1830 1114 re;
1859 1080 1910 1108 sed
1938 1089 2025 1108 omne
2053 1081 2132 1117 quod
2159 1086 2365 1108 transmutatur
2392 1081 2550 1109 secundum
2572 1081 2670 1110 locum

1607 1125 1649 1147 est
1670 1118 1700 1147 in
1720 1119 1802 1147 loco:
1825 1125 1893 1156 ergo
1914 1119 1996 1148 locus
2018 1119 2070 1147 erit
2091 1119 2120 1147 in
2141 1119 2224 1154 loco,
2254 1119 2334 1156 quod
2355 1125 2398 1147 est
2420 1119 2635 1148 inconveniens.
2651 1136 2670 1142 -

1611 1165 1655 1186 12.
1671 1160 1698 1194 e)
1720 1159 1846 1193 Quando
1868 1158 1976 1195 aliquid
1997 1159 2201 1195 corrumpitur,
2217 1165 2442 1195 corrumpuntur
2463 1158 2562 1196 aliquo
2579 1159 2670 1188 modo

1606 1204 1700 1234 partes
1715 1197 1818 1234 speciei
1833 1197 1937 1234 ipsius:
1959 1198 1982 1226 si
1997 1197 2082 1235 igitur
2096 1198 2177 1226 locus
2191 1205 2234 1226 est
2249 1197 2369 1227 materia
2383 1204 2411 1226 et
2424 1198 2527 1235 forma,
2543 1198 2671 1236 sequitur

1607 1238 1687 1274 quod
1701 1237 1782 1265 locus
1797 1244 2012 1274 corrumpatur;
2034 1238 2115 1274 quod
2129 1245 2190 1265 non
2203 1237 2315 1266 videtur
2329 1237 2474 1275 possibile.
2489 1255 2508 1260 -
2522 1237 2670 1276 Epilogus.

1606 1344 1734 1374 tamen
1762 1337 2022 1374 huiusmodi*
2043 1337 2206 1386 spatium
2234 1337 2436 1376 videbatur
2463 1351 2547 1377 esse
2566 1339 2707 1377 idem

1608 1402 1695 1426 cum
1725 1389 1850 1440 aliquo
1886 1401 2091 1443 corporum
2119 1390 2139 1411 '¹‘
2167 1390 2419 1428 sensibilium:
2448 1392 2537 1440 quia
2569 1404 2671 1430 rece-

1608 1442 1782 1480 dentibus
1802 1450 1838 1479 et
1856 1435 2146 1480 advenientibus
2167 1443 2326 1485 diversis
2346 1444 2568 1494 corporibus
2586 1457 2671 1483 sen-

1608 1495 1795 1542 sibilibus,
1825 1504 1996 1533 remanet
2023 1496 2125 1533 idem
2155 1495 2329 1546 spatium.
2356 1497 2577 1535 Secundum
2596 1498 2672 1536 hoc

1609 1560 1698 1596 ergo
1710 1548 1878 1596 sequitur
1888 1549 1991 1597 quod
2007 1549 2112 1586 locus
2127 1549 2174 1586 sit
2190 1549 2446 1587 dimensiones
2462 1558 2668 1600 separatae.

1665 1602 1697 1638 5.
1727 1601 1776 1638 Εῖ
1805 1613 1849 1638 ex
1883 1602 1958 1638 hoc
1990 1602 2145 1639 volebat
2175 1602 2394 1651 syllogizare
2422 1603 2529 1640 Plato
2565 1603 2672 1653 quod

1607 1654 1713 1691 locus
1742 1661 1839 1691 esset
1858 1654 2027 1693 materia.
2057 1655 2106 1692 Et
2123 1655 2198 1692 hoc
2227 1663 2282 1692 est
2308 1656 2413 1704 quod
2437 1655 2536 1704 dicit,
2565 1656 2671 1706 quod

1608 1706 1821 1744 secundum
1850 1707 1954 1755 quod
1982 1709 2088 1745 locus
2115 1707 2266 1745 videtur
2293 1708 2480 1758 aliquibus
2509 1722 2591 1747 esse
2616 1709 2670 1748 di-

1608 1759 1741 1796 stantia
1778 1760 2045 1808 magnitudinis
2080 1761 2207 1810 spatii,
2238 1769 2410 1811 separata
2446 1774 2469 1799 a
2502 1762 2672 1811 quolibet

1608 1825 1768 1861 corpore
1797 1813 1981 1860 sensibili,
2010 1813 2210 1851 videbatur
2244 1814 2348 1863 quod
2382 1815 2488 1852 loeus
2523 1823 2622 1853 esset
2649 1816 2670 1838 *

1607 1865 1775 1902 materia.
1806 1867 1891 1915 Ipsa
1909 1878 2076 1915 namque
2106 1866 2279 1904 distantia
2297 1868 2358 1904 vel
2383 1867 2570 1905 dimensio
2589 1881 2671 1906 ma-

1606 1918 1819 1966 gnitudinis,
1841 1919 1956 1956 altera
1976 1926 2031 1956 est
2050 1932 2072 1956 a
2099 1919 2370 1968 magnitudine.
2394 1921 2497 1958 Nam
2525 1921 2670 1970 magni.-

1607 1972 1698 2008 tudo
1727 1971 1911 2019 significat
1939 1971 2080 2021 aliquid
2107 1972 2351 2010 terminatum
2379 1973 2505 2022 aliqua
2530 1973 2668 2024 specie,

1606 2024 1702 2061 sicut
1719 2025 1817 2062 linea
1836 2025 2057 2062 terminatur
2082 2025 2242 2074 punctis,
2264 2034 2301 2063 et
2318 2026 2538 2075 superficies
2557 2026 2667 2077 linea,

1607 2085 1643 2114 et
1671 2090 1809 2126 corpus
1837 2078 2049 2126 superficie,
2071 2091 2168 2127 quae
2198 2086 2285 2115 sunt
2313 2078 2457 2127 species
2485 2080 2670 2128 magnitu-

1607 2130 1719 2167 dinis:
1749 2131 1817 2168 sed
1846 2131 2031 2167 dimensio
2053 2131 2160 2179 spatii
2180 2138 2235 2168 est
2255 2139 2430 2168 contenta
2450 2132 2520 2168 sub
2545 2133 2670 2172 forma

1607 2191 1642 2220 et
1670 2183 1928 2230 determinata,
1957 2183 2051 2220 sicut
2076 2196 2213 2232 corpus
2243 2184 2513 2222 determinatur
2540 2185 2668 2235 plano,

1606 2236 1700 2274 idest
1728 2236 1943 2285 superficie,
1979 2244 2020 2273 ut
2052 2236 2221 2286 quodam
2255 2237 2506 2280 termino..1d
2540 2246 2669 2276 autem

1606 2289 1709 2338 quod
1739 2289 1949 2326 continetur
1981 2290 2052 2326 sub
2080 2289 2260 2337 terminis,
2281 2289 2431 2327 videtur
2459 2303 2542 2328 esse
2561 2290 2600 2329 in
2626 2303 2668 2329 se

1606 2355 1684 2380 non
1717 2342 2020 2379 determinatum.
2051 2342 2167 2388 Quod
2205 2350 2333 2380 autern
2363 2350 2419 2380 est
2446 2343 2484 2381 in
2512 2356 2552 2380 se
2589 2356 2668 2382 non

1606 2395 1911 2443 determinatum,
1932 2395 1999 2432 sed
2027 2395 2299 2432 determinatur
2317 2396 2338 2417 *
2355 2408 2425 2446 per
2448 2396 2614 2435 formam
2633 2405 2669 2434 et

1604 2449 1821 2496 terminum,
1843 2455 1898 2485 est
1925 2447 2093 2495 materia,
2114 2460 2212 2496 quae
2241 2449 2355 2486 habet
2379 2449 2564 2487 rationem
2582 2446 2667 2487 ir'tfi-

1605 2501 1690 2539 niti:
1721 2501 1809 2550 quia
1837 2501 1867 2538 si
1891 2501 1939 2538 ab
1968 2501 2094 2550 aliquo
2125 2513 2286 2550 corpore
2314 2501 2512 2551 sphaerico
2541 2514 2667 2540 remo-

1604 2562 1765 2592 veantur
1799 2554 1995 2603 passiones
2033 2554 2227 2591 sensibiles
2270 2561 2306 2591 et
2342 2555 2492 2592 termini
2529 2555 2666 2604 quibus

1604 2608 1787 2655 figuratur
1806 2606 1992 2644 dimensio
2022 2607 2298 2658 magnitudinis,
2329 2607 2420 2644 nihil
2445 2607 2664 2657 relinquitur

1605 2660 1674 2697 nisi
1702 2660 1870 2697 materia.
1892 2660 2004 2697 Unde
2023 2660 2242 2708 relinquitur
2260 2661 2365 2708 quod
2393 2661 2498 2710 ipsae
2519 2661 2665 2699 dimen-

1605 2713 1730 2750 siones
1759 2726 1805 2750 ex
1833 2726 1873 2750 se
1902 2713 2222 2760 indeterminatae,
2253 2725 2351 2762 quae
2379 2726 2449 2762 per
2476 2713 2578 2752 aliud
2602 2714 2666 2752 de-

1603 2766 1862 2814 terminantur,
1893 2765 1964 2803 sint
1992 2766 2072 2814 ipsa
2101 2766 2269 2803 materia.
2300 2767 2348 2803 Et
2369 2767 2444 2804 hoc
2462 2767 2665 2817 praecipue

1604 2820 1833 2867 sequebatur
1861 2819 2072 2856 secundum
2092 2819 2237 2856 radices
2259 2820 2439 2866 Platonis,
2460 2820 2524 2869 qui
2546 2830 2688 2874 pone·s

1605 2873 1668 2909 bat
1687 2885 1868 2910 numeros
1885 2879 1920 2908 et
1934 2872 2159 2921 quantitates
2180 2884 2262 2909 esse
2282 2873 2509 2910 substantias
2524 2884 2662 2911 rerum.

1659 2927 1693 2962 6.
1716 2925 1816 2973 Quia
1843 2925 1952 2973 igitur
1971 2925 2076 2962 locus
2097 2932 2151 2962 est
2171 2925 2438 2973 dimensiones,
2460 2933 2496 2963 et
2519 2924 2664 2963 dimen-
2696 2921 2699 2925 ’

1604 2979 1728 3016 siones
1762 2986 1848 3015 sunt
1880 2978 2056 3025 materia,
2092 2978 2240 3015 dicebat
2274 2978 2380 3015 Plato
2412 2978 2451 3015 in
2478 2978 2663 3026 Timaeo,

1605 3032 1708 3081 quod
1729 3031 1830 3069 idem
1861 3038 1915 3068 est
1942 3032 2047 3068 locus
2076 3038 2112 3067 et
2140 3031 2308 3068 materia.
2338 3031 2466 3068 Omne
2487 3031 2588 3069 enim
2608 3043 2664 3069 re-

1605 3085 1798 3134 ceptivum
1817 3084 1971 3121 alicuius
1991 3083 2140 3122 dicebat
2169 3096 2249 3121 esse
2278 3085 2419 3130 locum,
2439 3095 2517 3122 non
2538 3084 2664 3122 distin-

1603 3150 1722 3186 guens
1755 3137 1850 3174 inter
1886 3136 2207 3186 receptibilitatem
2237 3137 2256 3158 ⁸⁸
2285 3136 2357 3174 loci
2392 3144 2427 3173 et
2463 3137 2663 3174 materiae:

1603 3191 1706 3228 unde
1731 3202 1818 3227 cum
1847 3190 2003 3228 materia
2031 3189 2076 3226 sit
2104 3189 2337 3238 receptivum
2365 3189 2587 3238 formarum,
2608 3202 2664 3227 se-

1605 3244 1729 3294 quitur
1757 3243 1861 3293 quod
1890 3243 2047 3280 materia
2075 3242 2120 3279 sit
2147 3243 2264 3280 locus.

1657 3298 1808 3335 Tamen
1831 3295 2028 3334 sciendum
2053 3303 2107 3333 est
2127 3294 2229 3344 quod
2259 3294 2305 3332 de
2331 3294 2522 3344 receptivo
2542 3295 2664 3334 diver-

1603 3349 1751 3388 simode
1786 3350 1892 3387 Plato
1922 3350 2162 3399 loquebatur:
2191 3348 2279 3398 quia
2306 3348 2344 3386 in
2377 3348 2540 3386 Timaeo
2575 3347 2665 3386 dixit

1604 3403 1838 3452 receptivum
1868 3415 1949 3440 esse
1975 3402 2189 3447 materiam3
2220 3402 2256 3439 in
2284 3401 2521 3451 dogmatibus
2539 3406 2663 3439 autem

1603 3456 1707 3493 dictis
1731 3462 1767 3493 et
1788 3468 1861 3493 non
1885 3455 2040 3504 scriptis,
2071 3455 2166 3492 idest
2185 3466 2272 3492 cum
2300 3454 2532 3492 verbotenus
2551 3453 2663 3492 doce—

1603 3508 1666 3546 bat
1692 3509 1728 3545 in
1754 3509 1902 3556 scholis,
1933 3508 2080 3545 dicebat
2108 3507 2342 3557 receptivum
2372 3519 2452 3544 esse
2481 3517 2661 3554 magnum

1603 3569 1639 3598 et
1666 3573 1850 3610 parv‚um
1882 3573 1978 3634 quae
2008 3560 2120 3597 etiam
2142 3572 2186 3597 ex
2205 3568 2310 3609 parte
2339 3559 2518 3597 materiae
2545 3570 2662 3607 pone-

1603 3614 1677 3661 bat,
1698 3621 1739 3650 ut
1758 3621 1899 3662 supra
1895 3613 2073 3650 dictum
2094 3621 2159 3650 est.
2181 3613 2344 3661 Tamen,
2365 3611 2591 3660 cuicumque
2611 3618 2663 3647 at-

2722 1346 2791 1369 hmo
2804 1347 2839 1370 rb.

2698 1403 2823 1428 'corpor-ie
2834 1399 2887 1422 rab.

2699 1818 2707 1826 ¹
2721 1818 2754 1840 nu
2767 1822 2910 1840 mmm

2697 1844 2764 1866 nab.

2695 2403 2707 2415 '
2729 2401 2760 2425 de

2695 2428 2748 2452 edd.
2758 2434 2775 2451 a
2782 2428 2797 2451 t
2805 2428 2829 2452 dt

2695 2461 2747 2477 exc.
2760 2461 2840 2479 mou.

2692 3569 2768 3591 wib.
2783 3569 2829 3596 111,
2852 3569 2905 3592 ieet.
2917 3556 2921 3576 s
2943 3551 2945 3558 ¹

2691 3602 2759 3644 Regi.
2775 3602 2801 3624 7;
2812 3586 2864 3618 Ιὲοῐ.
2873 3600 2908 3624 xt
