2898 3996
161 365 172 375 ⁴
188 363 258 385 Num.
269 369 291 390 7.

161 412 172 423 ⁸
187 411 257 433 Num.
272 418 294 439 9.

161 1154 172 1164 '⁸
187 1153 249 1174 Lect.
269 1150 374 1179 praeced.

162 1186 185 1200 n.
201 1186 223 1204 4·

161 1312 171 1322 ¹⁸
186 1310 231 1332 Nn.
240 1317 262 1337 4,
273 1316 292 1337 5,
304 1309 317 1330 6
326 1315 373 1331 om.

162 1344 187 1363 Q.

159 1417 170 1426 ¹⁸
195 1415 295 1437 secundo
321 1414 373 1435 add.

161 1442 215 1489 1'·²⁷'s.
227 1467 272 1489 τὴ.
290 1467 329 1488 nb.
345 1467 373 1491 ιι,

161 1495 247 1517 lecmn:
256 1494 308 1515 Did.
317 1493 373 1515 ibid.

162 1527 212 1548 cap.
228 1526 262 1546 ιιι,
282 1526 305 1541 n.
322 1526 343 1547 7.

161 1547 255 1582 ⁴:primo
266 1546 317 1576 add:
327 1546 361 1567 pb.

164 1572 373 1623 lecss'ivli'ssidiiiiiili

163 1631 375 1673 aenigma:

164 1679 194 1699 do
209 1684 286 1699 ιἰκεῑ.

165 2260 175 2270 '⁴
191 2261 214 2280 et
235 2264 282 2279 om.
297 2257 341 2278 rab
356 2260 378 2277 et

166 2285 234 2306 codd.
250 2290 298 2305 cxc.
310 2289 378 2305 ει-ιιικ

165 2317 261 2333 ωικιιετ.

165 2464 176 2474 “
191 2464 215 2485 in
230 2463 298 2485 codd.

168 2934 179 2944 ⁸
195 2933 218 2955 S.
233 2933 278 2954 Th.
291 2933 343 2953 lect.
358 2938 380 2955 x:

169 2960 222 2981 Did.
232 2958 319 2985 1ib.1x,
331 2964 381 2985 cap.

169 2992 217 3011 vm,
233 2992 255 3006 n.
271 2991 290 3006 2.

169 3040 180 3050 ⁸
195 3039 219 3060 S.
230 3039 274 3060 Th.
284 3039 334 3059 lect.
351 3043 380 3061 n:

170 3065 223 3086 Did.
260 3065 300 3086 lib.
330 3063 381 3089 Vll,

169 3098 220 3119 cap.
237 3097 260 3117 n,
276 3097 298 3112 n.
313 3097 334 3118 7.

175 3465 184 3475 '
201 3464 263 3486 Lect.
274 3470 322 3490 vni,
333 3469 356 3484 n.
365 3468 386 3485 2·

402 274 476 310 236

400 353 571 402 aliquid*
587 360 669 397 etc.;
690 351 798 388 tertio
818 351 922 400 quod
942 364 1012 388 nec
1033 352 1070 388 in
1090 363 1227 399 genere
1248 352 1404 389 actionis
1425 360 1460 389 et

399 405 597 454 passionis,
617 405 686 441 ibi:
706 405 842 453 Neque
860 404 1006 453 agentis
1029 416 1148 452 neque
1159 405 1334 453 patientis
1349 405 1369 426 *
1390 413 1458 442 etc.

400 457 695 495 -Praetermittit
722 464 850 493 autem
878 456 947 492 tria
975 456 1293 505 praedicamenta,
1323 457 1462 494 scilicet

400 511 549 560 quando
579 518 615 546 et
641 510 750 546 situm
781 517 816 546 et
842 510 990 545 hahere.
1025 509 1184 550 Quando
1213 508 1315 546 enim
1349 509 1459 557 signi-

399 564 488 601 ficat
515 563 553 599 in
582 570 754 610 tempore
794 573 896 607 esse;
930 569 1081 610 tempus
1119 569 1246 598 autem
1281 573 1461 599 mensura

401 623 527 652 motus
558 623 632 651 est:
670 614 772 651 unde
808 626 877 662 per
913 626 1029 662 quam
1067 614 1253 650 rationem
1290 626 1369 651 non
1406 622 1462 651 est

401 676 527 705 motus
556 668 594 704 in
623 667 768 704 actione
799 674 834 703 et
861 666 1049 715 passione,
1079 679 1177 716 quae
1205 666 1392 715 pertinent
1412 667 1460 703 ad

401 728 562 767 motum,
580 717 728 757 *eadem
757 718 899 756 ratione
929 731 999 755 nec
1025 719 1063 755 in
1083 719 1249 767 quando.
1280 719 1377 755 Situs
1396 731 1460 756 au-

400 782 478 810 tem
499 772 674 809 ordinem
694 771 887 820 quendam
912 771 1077 819 partium
1093 771 1343 817 demonstrat;
1365 771 1460 808 ordo

400 838 494 863 vero
525 825 653 862 relatio
684 832 738 861 est
765 822 799 860 l³:
827 831 863 860 et
891 824 1060 860 similiter
1086 825 1225 860 habere
1244 824 1378 861 dicitur
1406 837 1462 861 se—

401 878 568 916 cundum
602 876 795 926 quandam
832 876 1095 914 habitudinem
1135 877 1304 924 corporis
1341 876 1391 913 ad
1423 876 1462 914 id

402 931 505 980 quod
535 930 568 967 ei
587 930 752 967 adiacet:
773 929 875 965 unde
895 929 932 965 in
953 928 1011 966 his
1030 941 1109 966 non
1132 935 1258 977 potest
1277 941 1359 966 esse
1379 942 1461 966 mo-

401 991 472 1030 tus,
503 983 597 1020 sicut
625 995 695 1019 nec
722 983 761 1018 in
790 981 981 1018 relatione.

456 1036 572 1083 Quod
592 1048 680 1083 ergo
701 1041 828 1071 motus
847 1046 925 1071 non
940 1033 985 1070 sit
1007 1034 1047 1070 in
1067 1045 1202 1082 genere
1224 1035 1461 1081 substantiae,

402 1090 454 1126 sic
473 1089 619 1137 probat.
638 1087 777 1124 Omnis
796 1093 923 1123 motus
952 1094 1008 1123 est
1036 1086 1131 1124 inter
1150 1087 1347 1134 contraria,
1369 1088 1463 1124 sicut

401 1154 515 1190 supra
536 1143 555 1162 Ἐ
576 1141 718 1178 dictum
739 1146 813 1176 est:
843 1139 909 1176 sed
939 1139 1167 1176 substantiae
1186 1139 1278 1177 nihil
1299 1148 1354 1177 est
1374 1153 1462 1177 con-

400 1194 581 1232 trarium:
622 1205 710 1241 ergo
748 1192 960 1229 secundum
999 1193 1247 1230 substantiam
1285 1205 1364 1230 non
1409 1201 1463 1230 est

402 1255 540 1284 motus.

453 1312 489 1347 4.
521 1299 647 1336 Habet
667 1300 686 1319 *
707 1305 834 1335 autem
868 1297 1143 1335 dubitationem
1171 1298 1276 1347 quod
1312 1298 1374 1334 hic
1411 1298 1463 1335 di-

402 1353 506 1399 citur,
527 1359 681 1400 propter
702 1351 778 1388 hoc
797 1350 901 1399 quod
920 1350 1023 1388 idem
1043 1351 1297 1399 Philosophus
1319 1350 1407 1387 dicit
1426 1350 1464 1387 in

401 1406 495 1442 libro
514 1407 532 1426 ss
547 1405 593 1441 de
610 1404 858 1441 Generatione
879 1404 932 1449 *ἦ
949 1404 1053 1452 quod
1073 1403 1167 1451 ignis
1184 1411 1239 1439 est
1258 1403 1464 1440 contrarius

402 1470 535 1507 aquae.
558 1458 606 1494 Et
626 1457 663 1493 in
682 1458 702 1476 ⁴*
722 1457 817 1493 libro
833 1457 878 1493 de
898 1456 1010 1492 Caelo
1031 1456 1073 1477 *²¹⁴
1095 1456 1238 1502 dicitur,
1257 1455 1361 1505 quod
1382 1468 1464 1492 cae-

401 1512 481 1548 lum
501 1523 579 1548 non
608 1517 663 1546 est
681 1509 894 1557 generabile
915 1520 985 1545 nee
1007 1508 1257 1556 corruptibile,
1279 1508 1368 1556 quia
1386 1521 1464 1546 non

402 1565 515 1600 habet
540 1562 790 1599 contrarium:
819 1561 922 1597 unde
940 1561 1090 1597 videtur
1113 1561 1338 1609 relinquere,
1360 1561 1464 1609 quod

404 1629 448 1653 ea
467 1628 564 1665 quae
600 1621 908 1662 corrumpuntur,
942 1614 1003 1650 vel
1033 1613 1104 1650 sint
1133 1613 1318 1650 contraria
1335 1614 1397 1650 vel
1418 1626 1463 1650 ex

403 1668 596 1705 contrariis
631 1666 852 1715 composita.
891 1666 1032 1703 Dicunt
1065 1673 1192 1703 autem
1225 1666 1381 1716 quidam
1414 1666 1463 1704 ad

402 1723 494 1768 hoc,
515 1720 619 1769 quod
647 1732 725 1756 una
752 1718 959 1756 substantia
986 1726 1110 1768 potest
1138 1731 1218 1755 esse
1247 1718 1350 1756 alteri
1374 1731 1462 1756 con-

403 1774 530 1821 traria,
550 1781 591 1810 ut
619 1773 714 1821 ignis
743 1784 884 1821 aquae,
909 1773 1122 1809 secundum
1146 1783 1255 1808 suam
1284 1772 1459 1818 formam,

403 1840 482 1864 non
510 1826 722 1863 secundum
751 1837 863 1861 suum
887 1824 1111 1861 subiectum.
1143 1824 1219 1861 Sed
1251 1825 1462 1861 secundum

403 1881 477 1917 hoc
514 1879 687 1928 probatio
725 1877 932 1914 Aristotelis
970 1890 1048 1914 non
1083 1878 1244 1914 valeret:
1274 1877 1464 1914 sufficeret

405 1932 506 1969 enim
528 1932 576 1969 ad
603 1932 677 1968 hoc
707 1931 811 1979 quod
830 1937 957 1967 motus
981 1930 1026 1966 sit
1053 1930 1091 1966 in
1115 1930 1333 1977 substantia,
1359 1929 1463 1979 quod

404 1986 551 2022 formae
589 1983 849 2021 substantiales
886 1983 959 2020 sint
1001 1982 1220 2019 contrariae.
1257 1983 1325 2019 Est
1362 1982 1463 2019 enim

405 2045 532 2074 motus
553 2037 599 2074 de
619 2037 741 2073 forma
761 2036 799 2072 in
823 2036 999 2082 formam,
1021 2035 1109 2084 quia
1130 2043 1166 2072 et
1188 2035 1226 2072 in
1246 2035 1464 2072 alteratione

405 2091 618 2127 subiectum
633 2101 712 2126 non
732 2095 786 2125 est
805 2088 1034 2125 contrarium
1050 2089 1231 2134 subiecto,
1252 2088 1320 2125 sed
1342 2089 1465 2125 forma

405 2144 562 2180 formae.
592 2144 641 2179 Et
669 2141 754 2179 ideo
784 2141 888 2178 aliter
910 2141 1126 2188 dicendum,
1151 2141 1256 2189 quod
1284 2141 1377 2188 ignis
1412 2148 1466 2177 est

407 2195 614 2233 contrarius
644 2207 766 2243 aquae
792 2193 1003 2230 secundum
1039 2194 1234 2242 qualitates
1268 2193 1409 2230 activas
1431 2200 1466 2229 et

404 2249 586 2298 passivas,
607 2260 706 2296 quae
733 2254 820 2284 sunt
839 2246 1003 2283 calidum
1033 2254 1068 2283 et
1089 2248 1108 2268 ’¹‘
1132 2246 1319 2294 frigidum,
1341 2245 1464 2282 humi-

406 2302 498 2339 dum
537 2309 573 2337 et
607 2301 770 2346 siccum;
800 2312 878 2336 non
915 2307 1042 2336 autem
1081 2298 1292 2336 secundum
1323 2299 1465 2335 formas

405 2354 678 2391 substantiales.
718 2353 809 2389 Non
847 2352 948 2389 enim
976 2359 1100 2401 potest
1125 2351 1197 2388 dici
1231 2351 1334 2400 quod
1364 2352 1465 2388 calor

405 2408 450 2444 sit
479 2407 601 2444 forma
629 2405 880 2442 substantialis
906 2405 1019 2452 ignis,
1042 2417 1129 2441 cum
1164 2404 1203 2440 in
1222 2404 1301 2441 aliis
1331 2416 1464 2453 corpo-

405 2461 508 2498 ribus
543 2459 587 2496 sit
616 2458 789 2495 accidens
819 2458 865 2495 de
894 2458 914 2478 ²¹⁸
943 2470 1079 2505 genere
1116 2457 1312 2506 qualitatis.
1348 2457 1464 2503 Quod

406 2513 507 2550 enim
538 2520 592 2548 est
616 2512 662 2548 de
692 2523 827 2559 genere
857 2510 1095 2557 substantiae,
1126 2522 1204 2547 non
1231 2517 1355 2558 potest
1384 2521 1465 2546 esse

405 2565 515 2603 alicui
543 2565 729 2602 accidens.
770 2563 845 2600 Sed
873 2564 968 2600 haec
997 2563 1109 2600 etiam
1142 2562 1339 2611 responsio
1369 2562 1465 2598 diffi-

406 2620 582 2656 cultatem
601 2617 751 2666 patitur.
777 2617 1023 2653 Manifestum
1052 2623 1107 2652 est
1135 2615 1236 2652 enim
1256 2615 1359 2663 quod
1378 2626 1465 2673 pro-

405 2672 508 2722 priae
537 2671 733 2720 passiones
762 2677 963 2706 causantur
991 2681 1036 2705 ex
1063 2667 1254 2716 principiis
1288 2667 1464 2725 subiecti,

407 2737 503 2773 quae
533 2731 620 2760 sunt
647 2722 804 2759 materia
837 2729 873 2758 et
904 2722 1037 2758 forma.
1078 2720 1117 2757 Si
1150 2720 1259 2778 igitur
1289 2731 1465 2768 propriae

407 2777 603 2826 passiones
618 2775 712 2823 ignis
733 2782 768 2811 et
787 2786 908 2823 aquae
929 2781 1015 2810 sunt
1035 2779 1356 2819 contrar1ae,cum
1379 2784 1466 2808 con-

408 2829 607 2866 trariorum
627 2829 699 2865 sint
715 2827 921 2864 contrariae
938 2837 1085 2872 causae,
1101 2825 1251 2862 videtur
1270 2824 1374 2873 quod
1393 2825 1466 2861 for-

409 2895 495 2918 mae
516 2881 777 2918 substantiales
801 2880 874 2916 sint
898 2878 1117 2915 contrariae.
1149 2879 1243 2914 Item
1272 2877 1309 2914 in
1328 2879 1364 2914 X
1382 2878 1467 2914 Me-

409 2935 554 2982 taphys.
574 2935 593 2954 '¹‘
613 2933 793 2982 probatur
813 2932 917 2981 quod
941 2943 1056 2967 omne
1076 2943 1193 2978 genus
1209 2930 1387 2967 dividitur
1400 2942 1468 2978 per

410 2986 614 3023 contrarias
634 2985 880 3022 differentias:
910 2983 1143 3021 differentiae
1165 2990 1292 3020 autem
1313 2995 1468 3019 sumun-

409 3047 468 3076 tur
497 3051 519 3076 a
546 3038 688 3084 formis,
709 3045 750 3074 ut
770 3037 807 3074 in
825 3037 911 3074 VIII
942 3036 1112 3073 eiusdem
1140 3035 1223 3072 libri
1245 3037 1264 3057 *²
1284 3036 1466 3072 habetur:

408 3092 557 3130 videtur
577 3103 666 3138 ergo
687 3090 792 3139 quod
821 3089 866 3126 sit
894 3089 1136 3126 contrarietas
1165 3088 1202 3125 in
1231 3088 1362 3125 formis
1381 3088 1468 3125 sub—

410 3144 653 3182 stantialibus.

468 3199 500 3235 5.
530 3197 745 3234 Dicendum
775 3202 829 3232 est
857 3194 966 3243 igitur
994 3194 1098 3243 quod
1126 3194 1367 3230 contrarietas
1402 3193 1468 3231 dif-

410 3250 663 3296 ferentiarum,
685 3261 783 3298 quae
812 3255 866 3285 est
894 3248 932 3284 in
960 3246 1138 3284 omnibus
1166 3247 1388 3294 generibus,
1417 3253 1469 3283 at-

411 3304 575 3340 tenditur
604 3301 816 3339 secundum
841 3312 1089 3338 communem
1124 3299 1289 3336 radicem
1325 3307 1469 3336 contra—

412 3356 563 3402 rietatis,
594 3367 691 3404 quae
720 3354 875 3403 quidem
905 3361 960 3390 est
988 3351 1203 3390 excellentia
1231 3360 1266 3388 et
1286 3351 1468 3398 defectus,

413 3409 460 3445 ad
480 3421 596 3456 quam
617 3407 898 3456 oppositionem
928 3405 1057 3443 omnia
1077 3404 1260 3442 contraria
1284 3404 1469 3442 reducun-

413 3468 490 3506 tur,
514 3468 553 3496 ut
573 3461 610 3497 in
629 3461 752 3508 primo
773 3460 884 3496 huius
901 3461 919 3481 Ψ
934 3459 1107 3496 habitum
1123 3465 1188 3495 est.
1207 3458 1353 3494 Omnes
1369 3457 1469 3494 enim

468 3562 494 3598 β)
514 3564 607 3588 relatio
631 3567 678 3588 est.
692 3577 710 3582 —
725 3564 790 3588 Huic
809 3564 866 3589 add.
881 3564 914 3589 P:
935 3564 1003 3589 unde
1025 3563 1093 3589 sicut
1121 3563 1147 3588 in
1172 3563 1209 3588 ad
1235 3562 1336 3595 aliquid
1359 3569 1410 3587 non
1435 3565 1474 3587 est

416 3602 508 3628 motus,
529 3599 566 3623 ita
586 3606 631 3623 nec
651 3599 675 3622 in
695 3599 761 3628 situ;
781 3599 825 3623 sed
845 3599 906 3623 haec
930 3599 1042 3630 additio,
1061 3606 1128 3632 quae
1154 3606 1206 3623 non
1225 3597 1351 3623 invenitur
1376 3605 1423 3622 nec
1448 3598 1472 3622 in

1032 272 1376 313 PHYSICORUM
1404 273 1752 310 ARISTOTELIS
1783 274 1877 310 LIB.
1906 274 1942 310 V

1515 350 1747 388 differentiae
1777 351 1986 389 dividentes
2015 353 2168 401 aliquod
2195 366 2324 402 genus,
2349 356 2423 392 hoc
2452 355 2571 393 modo

1514 416 1554 440 se
1590 404 1751 450 habent,
1786 404 1890 452 quod
1926 417 2002 441 una
2031 417 2161 442 earum
2195 414 2250 443 est
2284 415 2327 444 ut
2352 408 2572 457 abundans,

1514 463 1550 492 et
1565 456 1637 492 alia
1655 463 1696 492 ut
1715 455 1895 493 deficiens
1916 465 2088 505 respeem
2107 458 2268 496 alterius.
2289 461 2449 509 Propter
2468 463 2572 510 quod

1513 507 1731 545 Aristoteles
1752 509 1838 546 dicit
1857 509 1894 545 in
1922 509 2008 546 VIII
2028 511 2242 559 Metaphys.
2265 511 2296 559 *,
2317 513 2422 561 quod
2441 513 2572 551 defini-

1514 560 1635 597 tiones
1659 573 1785 598 rerum
1814 569 1901 598 sunt
1929 561 2023 599 sicut
2050 563 2210 610 numeri,
2239 576 2404 612 quorum
2428 566 2573 615 speeies

1513 613 1706 650 variantur
1723 626 1791 663 per
1806 614 2036 651 additionem
2053 622 2088 651 et
2102 616 2395 655 subtractionem
2410 618 2571 656 unitatis.

1515 665 1606 702 Non
1634 673 1762 703 tamen
1781 667 1801 687 *
1820 674 1969 715 oportet
1987 668 2091 716 quod
2119 668 2157 705 in
2177 669 2345 717 quolibet
2363 682 2500 718 genere
2528 671 2574 709 sit

1516 718 1757 755 contrarietas
1786 720 1996 757 secundum
2023 721 2218 769 propriam
2247 722 2432 760 rationem
2462 723 2574 762 huius

1516 777 1552 806 et
1578 770 1674 807 illius
1702 771 1861 819 speciei;
1899 772 1967 809 sed
2001 773 2124 810 solum
2153 774 2365 812 secundum
2401 788 2574 814 commu-

1516 832 1605 858 nem
1626 823 1811 860 rationem
1832 825 2070 862 excellentiae
2091 833 2127 862 et
2146 826 2324 864 defectus.
2352 828 2453 876 Quia
2472 829 2574 866 enim

1517 875 1703 921 contraria
1721 882 1808 912 sunt
1827 888 1923 925 quae
1943 878 2108 915 maxime
2130 878 2277 926 distant,
2303 889 2452 930 oportet
2471 881 2575 931 quod

1515 927 1554 964 in
1568 940 1812 977 quocumque
1831 940 1966 976 genere
1987 929 2176 968 invenitur
2195 933 2448 981 contrarietas,
2470 934 2575 984 quod

1517 979 1757 1017 inveniantur
1785 981 1862 1018 duo
1890 982 2040 1019 termini
2069 983 2233 1020 maxime
2262 985 2450 1034 distantes,
2479 987 2576 1024 inter

1517 1044 1614 1081 quos
1635 1033 1773 1070 cadunt
1792 1033 1921 1071 omnia
1948 1047 2046 1083 quae
2073 1043 2160 1072 sunt
2185 1036 2281 1073 illius
2306 1039 2462 1085 generis.
2491 1040 2576 1076 Nec

1516 1085 1592 1121 hoc
1618 1086 1807 1123 sufficeret
1841 1087 1890 1123 ad
1916 1087 1991 1123 hoc
2018 1089 2123 1136 quod
2150 1088 2189 1124 in
2217 1089 2279 1125 illo
2312 1102 2448 1137 genere
2478 1100 2576 1129 esset

1516 1145 1654 1184 motus,
1676 1138 1747 1175 nisi
1771 1139 1818 1175 de
1836 1151 1915 1175 uno
1937 1147 2104 1176 extremo
2129 1140 2167 1176 in
2186 1140 2287 1178 aliud
2307 1143 2328 1164 ”²
2347 1143 2577 1191 contingeret

1517 1190 1693 1227 continue
1726 1191 1936 1239 pervenire.
1976 1193 2018 1228 In
2051 1192 2282 1240 quibusdam
2317 1207 2405 1243 ergo
2433 1196 2576 1244 generi-

1517 1243 1588 1279 bus
1624 1243 1697 1279 hae
1731 1243 1829 1279 duae
1867 1243 2102 1281 conditiones
2140 1246 2295 1294 desunt,
2332 1255 2375 1285 ut
2408 1256 2512 1297 patet
2538 1249 2577 1287 in

1517 1294 1696 1331 numeris.
1728 1295 1916 1341 Quamvis
1954 1296 2055 1334 enirn
2093 1310 2228 1335 omnes
2265 1300 2410 1348 species
2443 1313 2574 1339 nume-

1518 1356 1647 1383 rorum
1677 1347 1852 1384 differant
1878 1349 2089 1386 secundum
2123 1351 2379 1390 excellentiam
2413 1361 2449 1390 et
2476 1354 2576 1392 defe-

1518 1406 1642 1445 ctum;
1671 1407 1800 1436 tamen
1819 1412 1899 1437 non
1928 1409 1982 1437 est
2001 1402 2171 1451 accipere
2201 1405 2277 1441 duo
2307 1413 2474 1443 extrema
2497 1418 2578 1444 ma-

1517 1452 1619 1488 xime
1647 1451 1820 1489 distantia
1846 1452 1885 1489 in
1914 1453 1976 1490 illo
2004 1466 2159 1502 genere:
2195 1463 2249 1493 est
2277 1457 2378 1495 enim
2406 1458 2576 1508 accipere

1518 1504 1722 1541 minimum
1750 1517 1967 1554 numerum,
1996 1506 2135 1545 scilicet
2163 1508 2398 1558 dualitatem,
2427 1523 2507 1549 non
2524 1520 2577 1550 ta-

1518 1569 1609 1594 men
1637 1557 1860 1595 maximum.
1897 1558 2074 1597 Similiter
2104 1561 2202 1598 inter
2228 1563 2372 1611 species
2400 1575 2578 1602 numero-

1519 1622 1603 1646 rum
1634 1622 1711 1647 non
1739 1618 1795 1647 est
1822 1611 2066 1659 continuitas;
2101 1613 2189 1662 quia
2218 1615 2406 1663 quaelibet
2433 1617 2578 1666 species

1518 1674 1767 1700 numerorum
1803 1663 2009 1702 formaliter
2043 1666 2235 1714 perficit-ur
2270 1681 2339 1717 per
2373 1668 2576 1718 unitatem,

1519 1727 1616 1764 quae
1635 1715 1868 1753 indivisibilis
1884 1724 1950 1764 est,
1967 1725 2003 1754 et
2016 1719 2119 1755 alteri
2138 1719 2269 1757 unitati
2288 1733 2367 1758 non
2386 1722 2576 1761 continua.

1519 1769 1568 1804 Et
1587 1767 1754 1804 similiter
1773 1768 1885 1805 etiam
1906 1771 1924 1788 ⁴⁶
1941 1778 1996 1807 est
2013 1770 2051 1807 in
2069 1783 2206 1820 genere
2226 1774 2466 1812 substantiae.
2483 1771 2579 1813 Sunt

1520 1820 1621 1858 enim
1650 1821 1796 1858 formae
1825 1822 2061 1860 diversarum
2089 1825 2303 1873 specierum
2336 1827 2384 1864 ab
2412 1827 2576 1866 invicem

1520 1873 1735 1910 differentes
1763 1876 1975 1912 secundum
2004 1877 2259 1915 excellentiam
2295 1886 2332 1916 et
2365 1879 2575 1928 defectum,

1519 1926 1744 1975 inquantum
1762 1939 1840 1964 una
1858 1928 1981 1964 forma
2001 1936 2056 1966 est
2074 1930 2237 1967 nobilior
2255 1931 2343 1977 alia;
2369 1939 2406 1969 et
2422 1940 2578 1982 propter

1518 1979 1593 2015 hoc
1621 1991 1666 2015 ex
1695 1979 1851 2016 diversis
1878 1981 2010 2018 formis
2037 1990 2196 2030 possunt
2224 1984 2369 2021 causari
2405 1985 2576 2023 diversae

1518 2031 1726 2079 passiones,
1746 2039 1788 2068 ut
1807 2032 1999 2071 obiectum
2020 2042 2091 2071 est:
2112 2043 2240 2072 tamen
2257 2049 2335 2074 una
2353 2037 2476 2075 forma
2494 2050 2578 2088 spe-

1521 2084 1589 2120 ciei
1604 2084 1816 2121 secundum
1830 2086 2024 2134 propriam
2040 2099 2149 2124 suam
2169 2089 2355 2126 rationem
2371 2102 2451 2127 non
2464 2091 2578 2128 habet

1521 2137 1822 2173 contrarietatem
1841 2139 1890 2175 ad
1918 2138 2041 2176 aliam.
2067 2140 2197 2177 Primo
2218 2141 2372 2190 quidem
2392 2143 2412 2163 *
2432 2143 2520 2192 quia
2539 2143 2578 2180 in

1521 2189 1651 2226 formis
1679 2190 1983 2228 substantialibus
2003 2204 2080 2229 non
2109 2194 2310 2231 attenditur
2328 2195 2497 2232 maxima
2525 2195 2578 2233 di-

1521 2242 1655 2279 stantia
1673 2242 1769 2279 inter
1788 2243 1932 2292 aliquas
1951 2244 2046 2282 duas
2066 2246 2220 2292 formas,
2242 2247 2290 2283 ita
2311 2247 2416 2296 quod
2435 2248 2484 2285 ab
2501 2260 2580 2285 una

1521 2307 1653 2331 earum
1673 2307 1751 2332 non
1765 2295 1938 2333 veniatur
1957 2297 2157 2335 ordinatim
2177 2299 2248 2336 nisi
2261 2312 2330 2348 per
2347 2300 2492 2338 media:
2511 2301 2579 2339 sed

1521 2347 1678 2384 materia
1698 2348 1790 2384 dum
1811 2349 1958 2386 exuitur
1974 2362 2052 2387 una
2070 2351 2204 2398 forma,
2224 2360 2349 2400 potest
2363 2353 2578 2404 indifferen-

1520 2408 1576 2437 ter
1595 2401 1760 2449 recipere
1782 2400 1950 2438 diversas
1970 2403 2111 2440 formas
2131 2405 2274 2453 absque
2300 2405 2444 2443 ordine.
2465 2407 2578 2444 Unde

1520 2453 1738 2490 Aristoteles
1758 2453 1846 2490 dicit
1863 2453 1902 2491 in
1922 2456 1953 2491 II
1973 2455 2019 2492 de
2041 2456 2289 2494 Generatione
2307 2459 2344 2505 ⁸,
2365 2458 2470 2507 quod
2489 2471 2578 2496 cum

1522 2517 1566 2541 ex
1581 2513 1679 2542 terra
1693 2506 1736 2542 fit
1758 2506 1864 2553 ignis,
1876 2519 1954 2544 non
1978 2508 2128 2556 oportet
2150 2510 2254 2558 quod
2285 2510 2381 2547 fiat*
2405 2510 2579 2549 transitus

1519 2570 1589 2607 per
1607 2558 1734 2595 media
1754 2559 1950 2596 elementa.
1968 2561 2145 2598 Secundo
2166 2562 2266 2610 quia,
2283 2575 2371 2600 cum
2391 2575 2472 2601 esse
2492 2564 2579 2602 sub-

1521 2611 1688 2648 stantiale
1710 2611 1906 2648 cuiuslibet
1921 2613 1973 2649 rei
1993 2613 2038 2650 sit
2056 2614 2094 2651 in
2112 2615 2238 2663 aliquo
2258 2615 2486 2664 indivisibili,
2501 2629 2579 2654 non

1520 2671 1644 2711 potest
1671 2664 1795 2712 aliqua
1830 2665 2052 2703 continuitas
2090 2668 2230 2705 attendi
2262 2668 2300 2705 in
2333 2669 2464 2706 formis
2491 2670 2580 2706 sub-

1522 2716 1773 2764 stantialibus,
1810 2724 1852 2753 ut
1884 2726 2010 2756 motus
2039 2720 2237 2757 continuus
2270 2721 2389 2770 possit
2421 2734 2502 2759 esse
2532 2722 2580 2759 de

1520 2781 1598 2805 una
1617 2769 1739 2806 forma
1758 2770 1797 2806 in
1817 2770 1928 2807 aliam
1950 2773 2160 2823 secundum
2185 2774 2447 2812 remissionem
2468 2774 2580 2812 unius

1522 2822 1666 2858 formae
1704 2830 1740 2859 et
1775 2823 2022 2862 intentionem
2059 2825 2220 2864 alterius.
2258 2827 2369 2864 Unde
2405 2827 2580 2876 probatio

1522 2874 1740 2923 Aristotelis,
1767 2888 1841 2924 qua
1859 2877 1996 2924 probat
2013 2877 2051 2914 in
2071 2879 2277 2916 substantia
2297 2891 2376 2916 non
2396 2891 2477 2916 esse
2497 2891 2579 2916 mo-

1523 2935 1603 2964 tum
1624 2928 1711 2976 quia
1730 2940 1809 2965 non
1829 2936 1884 2965 est
1903 2929 1954 2966 ibi
1983 2931 2235 2978 contrarietas,
2265 2938 2320 2968 est
2345 2931 2579 2968 demonstra-

1523 2980 1611 3027 tiva,
1633 2988 1669 3016 et
1691 2993 1769 3017 non
1796 2982 2001 3029 probabilis
2028 2990 2194 3031 tanturn,
2223 2991 2265 3021 ut
2292 2984 2581 3021 Commentator

1525 3033 1682 3069 innuere
1710 3033 1870 3070 videtur.
1901 3034 2006 3071 Licet
2031 3036 2150 3084 possit
2177 3043 2214 3073 et
2241 3036 2311 3073 alia
2330 3036 2473 3073 ratione
2492 3049 2579 3086 pro-

1524 3085 1604 3121 bari
1631 3085 1736 3133 quod
1767 3093 1894 3123 motus
1930 3099 2009 3124 non
2041 3095 2096 3124 est
2129 3089 2167 3125 in
2201 3088 2425 3136 substantia,
2463 3101 2580 3138 quam

1525 3150 1638 3186 supra
1665 3139 1685 3159 '⁸
1711 3138 1853 3186 posuit:
1883 3139 1971 3188 quia
2007 3140 2147 3177 scilicet
2186 3141 2397 3178 subiectum
2435 3142 2580 3179 formae

1525 3190 1774 3228 substantialis
1803 3198 1858 3228 est
1886 3203 1952 3229 ens
1983 3193 2002 3214 '¹‘
2029 3193 2066 3230 in
2093 3194 2261 3242 potentia
2292 3201 2450 3232 tantum.

1579 3245 1614 3280 6.
1633 3245 1674 3280 In
1689 3244 1928 3293 qualitatibus
1943 3253 2069 3282 autem
2084 3246 2214 3283 tertiae
2229 3247 2366 3296 speciei
2382 3247 2579 3285 manifeste

1525 3304 1681 3345 apparet
1691 3297 1932 3334 contrarietas
1943 3299 2154 3336 secundum
2164 3307 2363 3349 utramque
2379 3300 2580 3338 rationem:

1527 3357 1562 3386 et
1581 3350 1668 3399 quia
1687 3351 1884 3398 qualitates
1901 3359 2061 3399 possunt
2087 3351 2228 3390 intendi
2249 3360 2284 3390 et
2303 3353 2451 3400 remitti,
2469 3360 2512 3390 ut
2529 3352 2582 3390 sic

1525 3402 1646 3451 possit
1673 3415 1755 3440 esse
1781 3403 1981 3441 continuus
2009 3412 2135 3442 motus
2164 3406 2210 3443 de
2239 3405 2413 3454 qualitate
2433 3405 2470 3443 in
2489 3417 2580 3454 qua-

1526 3455 1690 3502 litatem3
1730 3463 1766 3493 et
1798 3457 1885 3505 quia
1923 3457 2110 3495 invenitur
2146 3458 2311 3495 maxima
2345 3457 2517 3496 distantia
2543 3457 2581 3494 in

1526 3562 1657 3588 codicibus
1677 3570 1723 3588 nec
1738 3563 1763 3587 in
1776 3563 1833 3588 edd.
1846 3562 1888 3588 ab
1901 3567 1927 3587 et
1939 3562 2030 3587 Venet.
2049 3560 2121 3594 1504,
2141 3562 2214 3594 1545,
2230 3562 2359 3595 superflua
2373 3566 2478 3596 apparet
2495 3569 2525 3587 ex
2541 3561 2581 3586 his

1526 3605 1592 3631 quae
1611 3598 1689 3631 paulo
1707 3603 1767 3630 post
1784 3602 1936 3630 sequuntur,
1950 3598 2052 3627 scilicet,
2066 3597 2135 3622 unde
2153 3597 2180 3622 in
2199 3597 2239 3623 ht‘s
2257 3602 2305 3622 etc.

2600 514 2611 525 ⁴
2621 514 2646 536 S.
2659 514 2704 537 Th.
2715 515 2812 542 lect-1113

2599 541 2652 562 Did.
2659 541 2752 568 lib-VII,
2761 547 2812 570 cap.

2601 573 2631 594 ιιι,
2647 573 2670 588 ιι.
2686 567 2709 589 8.

2601 681 2612 692 “
2627 683 2705 703 autem
2717 681 2770 703 aab.

2601 1153 2749 1200 *mextremum
2759 1152 2813 1175 add.

2603 1834 2699 1857 *etiam
2713 1840 2812 1857 orn-cnr

2603 2150 2614 2162 “
2628 2149 2720 2177 quidem
2737 2155 2785 2172 om.
2799 2156 2813 2171 ι»

2605 2181 2663 2204 rep:
2676 2179 2698 2197 et
2712 2181 2727 2198 a
2735 2176 2755 2198 b.

2606 2463 2616 2472 ·
2630 2462 2773 2485 sni-meet.
2785 2469 2817 2491 ιη
2867 2448 2870 2454 ’

2606 2489 2660 2511 Did.
2677 2495 2703 2511 c·
2721 2505 2727 2511 .
2742 2495 2778 2518 tv.
2793 2496 2817 2513 n.

2606 2521 2619 2553 ἶ
2631 2495 2735 2564 Ϊῖῗιῗὲιῖ

2606 3146 2622 3193 :¹
2645 3171 2668 3193 8.
2683 3160 2690 3167 .
2699 3149 2776 3173 praee.

2625 3187 2631 3193 ι
2862 3183 2878 3194 ¹

2610 3204 2817 3230 ‘ensem.cnpu.
2852 3199 2868 3202 “
