2898 3996
246 445 255 453 ·
269 442 338 464 Num.
353 447 372 468 5.

248 651 256 659 ·
272 649 342 670 Num.
356 655 378 674 4.

248 755 256 763 ·
273 753 342 774 Num.
358 757 406 778 seq.

249 1226 257 1233 ·
272 1226 314 1244 aut
327 1229 375 1244 om.
388 1222 455 1244 codd.

248 1253 269 1271 ct
284 1256 298 1270 a
307 1249 326 1270 h.

247 1591 255 1598 ·
271 1590 306 1610 est
319 1588 371 1610 add.
386 1588 420 1609 pb.

245 2059 253 2065 ·
267 2057 355 2078 scilicet
368 2057 419 2078 rab.

247 3085 336 3111 'primo
344 3090 390 3106 om.
399 3090 435 3106 tn.
442 3095 452 3101 -

244 3112 343 3137 positum
357 3117 422 3138 napu-

482 318 558 355 294

483 394 519 423 et
556 383 751 435 quomodo
781 394 858 420 non
889 381 1031 431 possit,
1066 378 1132 415 ibi:
1165 378 1314 414 Dicitur
1344 382 1468 413 autem
1496 376 1533 412 in

484 450 556 488 quo
577 438 703 486 primo
727 441 908 472 mutatum
937 439 990 470 est
1009 433 1027 453 >ῑ“’
1049 438 1115 467 θῖθ.
1138 430 1247 466 Circa
1270 429 1437 477 primum
1458 428 1534 465 duo

484 491 584 528 facit:
613 489 736 538 primo
763 485 966 536 praemittit
989 483 1183 533 quoddam
1204 481 1308 530 quod
1328 488 1382 518 est
1407 493 1534 517 neces-

485 543 624 580 sarium
644 541 692 577 ad
710 538 893 588 propositi
912 536 1185 580 ostensionem
1215 534 1383 570 secundo
1412 540 1535 569 osten-

486 595 538 632 dit
555 593 804 642 propositum,
826 591 894 627 ibi:
915 591 960 626 In
977 600 1048 637 quo
1068 593 1191 624 autem
1206 587 1333 634 primo
1353 590 1534 621 mutatum

485 653 538 683 est
555 647 575 667 *
595 653 662 682 etc.
691 645 798 681 Circa
816 643 982 692 primum
1012 641 1088 677 duo
1115 639 1218 676 facit:
1242 638 1366 687 primo
1394 649 1534 685 propo-

484 699 537 735 nit
572 697 676 746 quod
703 695 877 741 intendit;
913 692 1080 730 secundo
1108 692 1244 740 probat
1274 689 1533 739 propositum,

484 751 550 787 ibi:
584 749 692 791 Quod
726 753 891 785 mutatur
917 746 1014 783 enim
1045 746 1064 765 *¹
1094 751 1161 780 etc.
1243 777 1251 782 Ἀ

538 814 572 838 2.
602 801 701 838 Dicit
738 812 825 847 ergo
853 799 997 848 primo,
1027 797 1132 845 quod
1160 795 1247 844 quia
1284 805 1398 830 omne
1431 793 1535 841 quod

484 861 659 900 mutatur,
685 859 849 889 mutatur
876 851 922 888 de
950 862 1028 886 uno
1056 848 1217 885 termino
1245 847 1283 883 in
1311 846 1443 892 alium;
1473 858 1536 882 ne-

485 918 586 943 cesse
616 913 671 942 est
699 917 812 942 omne
841 902 945 951 quod
973 909 1148 947 mutatur,
1170 899 1323 948 quando
1348 898 1424 935 iam
1453 911 1535 935 mu-

484 966 602 996 tatum
625 965 689 1005 est,
716 969 796 994 esse
824 956 861 992 in
889 955 1050 992 termino
1080 954 1127 990 ad
1156 964 1283 1000 quem.

536 1010 682 1047 Deinde
721 1021 807 1045 cum
846 1007 947 1045 dicit:
986 1006 1094 1048 Quod
1120 1010 1285 1042 mutatur
1316 1004 1414 1041 enim
1453 1011 1535 1050 etc.,

482 1063 619 1111 probat
654 1061 890 1110 propositum
928 1059 1074 1096 duabus
1112 1057 1334 1103 rationibus3
1375 1068 1536 1105 quarum

482 1115 605 1164 prima
627 1122 680 1150 est
697 1112 937 1162 particularis,
959 1110 1125 1148 secunda
1151 1109 1384 1147 universalis.
1410 1109 1537 1146 Prima

483 1167 575 1203 ratio
596 1167 676 1203 talis
704 1173 768 1202 est.
791 1166 917 1202 Omne
938 1164 1041 1213 quod
1061 1170 1236 1210 mutatur,
1257 1169 1406 1211 oportet
1434 1162 1538 1210 quod

484 1226 547 1256 aut
567 1220 586 1240 '³‘
606 1219 713 1255 distet
733 1231 754 1256 a
778 1217 939 1254 termino
968 1229 990 1254 a
1013 1229 1090 1265 quo
1119 1222 1295 1262 mutatur,
1316 1214 1410 1251 sicut
1435 1222 1538 1263 patet

483 1272 522 1308 in
550 1278 656 1308 motu
684 1270 804 1317 locali,
824 1270 863 1307 in
891 1282 967 1318 quo
996 1270 1101 1306 locus
1129 1281 1152 1305 a
1179 1280 1255 1316 quo
1288 1274 1453 1304 mutatur
1481 1280 1536 1303 re-

483 1331 627 1371 manet,
658 1331 694 1360 et
721 1322 861 1360 mobile
888 1334 956 1371 per
984 1330 1132 1358 motum
1160 1321 1203 1357 fit
1226 1320 1365 1358 distans
1393 1320 1441 1356 ab
1471 1332 1535 1366 eo;

483 1383 547 1413 aut
578 1383 727 1425 oportet
753 1375 857 1424 quod
886 1375 963 1423 ipse
993 1374 1173 1411 terminus
1201 1385 1223 1410 a
1251 1385 1327 1422 quo
1366 1372 1534 1420 deficiat,

483 1429 578 1465 sicut
606 1436 660 1465 est
678 1428 716 1465 in
744 1435 852 1464 motu
871 1427 1111 1464 alterationis:
1138 1438 1225 1462 cum
1249 1425 1351 1462 enim
1380 1437 1425 1462 ex
1449 1426 1535 1462 albo

484 1482 526 1518 fit
553 1481 712 1528 nigrum,
734 1481 815 1529 ipsa
842 1480 976 1516 albedo
1002 1478 1138 1516 deficit.
1159 1479 1208 1515 Et
1235 1478 1283 1515 ad
1310 1477 1421 1514 huius
1448 1490 1536 1527 pro-

482 1533 678 1582 positionis
715 1532 1053 1570 manifestationem
1091 1530 1299 1578 subiungit,
1334 1530 1438 1579 quod
1474 1532 1536 1568 vel

484 1586 620 1622 mutari
658 1592 713 1622 est
739 1586 840 1622 idem
878 1585 982 1633 quod
1008 1586 1028 1605 *¹
1056 1584 1239 1630 deficere3
1277 1584 1340 1620 vel
1378 1583 1426 1620 ad
1462 1585 1537 1620 hoc

483 1638 588 1686 quod
616 1645 671 1674 est
698 1637 832 1674 mutari
860 1637 1027 1685 sequitur
1061 1636 1186 1685 ipsum
1215 1636 1395 1683 deficere,
1426 1643 1462 1673 et
1489 1637 1538 1673 ad

481 1690 555 1726 hoc
582 1689 687 1739 quod
724 1697 778 1727 est
805 1697 992 1726 mutatum
1030 1702 1111 1726 esse
1140 1688 1307 1737 sequitur
1335 1688 1535 1736 defecisse,

482 1742 619 1779 scilicet
637 1754 659 1779 a
678 1742 838 1779 termino
858 1755 880 1779 a
899 1754 988 1790 quc.
1016 1741 1260 1779 Manifestum
1290 1748 1345 1777 est
1372 1749 1499 1778 autem
1519 1748 1536 1763 α

481 1794 586 1844 quod
614 1802 700 1831 sunt
726 1795 828 1832 idem
857 1793 1042 1841 subiecto,
1073 1794 1140 1831 sed
1169 1793 1346 1831 differunt
1381 1794 1534 1831 ratione.

479 1848 583 1884 Nam
603 1847 764 1884 deficere
785 1847 918 1884 dicitur
935 1859 1005 1896 per
1031 1854 1245 1895 respectum
1265 1845 1313 1882 ad
1332 1846 1535 1884 terminum

480 1912 502 1936 a
530 1912 618 1948 quo,
640 1900 797 1937 mutatio
826 1907 954 1937 autem
983 1899 1102 1946 magis
1122 1898 1389 1935 denominatur
1416 1911 1438 1935 a
1465 1907 1536 1936 ter-

479 1952 585 1989 mino
605 1952 654 1989 ad
673 1965 799 2001 quem.
821 1953 869 1988 Et
897 1952 946 1989 ad
965 1951 1307 1988 manifestationem
1332 1951 1411 1988 eius
1430 1953 1535 2000 quod

480 2004 632 2052 dixerat,
653 2005 778 2042 subdit
806 2005 908 2053 quod
939 2004 1107 2041 similiter
1139 2010 1337 2052 utrumque
1363 2016 1402 2040 se
1428 2006 1539 2042 hahet

478 2057 530 2094 ad
556 2063 773 2107 utrumque,
801 2057 897 2094 idest
921 2058 940 2078 '¹‘
965 2057 1059 2093 sicut
1087 2069 1126 2093 se
1154 2057 1268 2093 habet
1297 2056 1458 2094 deficere
1488 2059 1536 2095 ad

480 2109 628 2157 mutari,
649 2109 698 2146 ita
718 2110 898 2147 defecisse
917 2111 965 2147 ad
985 2116 1172 2146 mutatum
1193 2122 1286 2146 esse.

531 2163 590 2198 Ex
602 2162 820 2211 praemissis
848 2169 975 2199 autem
995 2169 1276 2210 argumentatur
1296 2162 1344 2198 ad
1361 2162 1534 2211 proposi-

478 2214 560 2251 tum
584 2215 862 2252 ostendendum
882 2215 920 2252 in
938 2227 1015 2251 una
1033 2215 1158 2263 specie
1177 2214 1406 2261 mutationis,
1436 2227 1534 2262 quae

479 2267 617 2303 scilicet
645 2275 699 2304 est
726 2267 822 2304 inter
854 2267 1138 2304 contradictorie
1168 2267 1361 2315 opposita,
1395 2267 1535 2304 scilicet

478 2319 572 2356 inter
601 2331 681 2356 esse
710 2327 747 2356 et
773 2332 851 2356 non
888 2332 986 2368 esse,
1014 2327 1055 2356 ut
1082 2326 1183 2368 patet
1219 2319 1257 2356 in
1293 2319 1533 2367 generatione

479 2379 515 2408 et
542 2372 794 2422 corruptione.
824 2373 931 2409 Patet
963 2372 1063 2409 enim
1086 2384 1138 2419 ,ex
1164 2372 1393 2420 praemissis,
1428 2373 1534 2421 quod

479 2436 592 2462 omne
622 2425 724 2472 quod
753 2432 917 2462 mutatur
945 2425 1071 2462 deficit
1098 2437 1120 2461 a
1142 2425 1303 2461 termino
1333 2437 1355 2461 a
1382 2437 1472 2473 quo,
1499 2433 1535 2462 et

479 2479 582 2525 quod
615 2485 802 2515 mutatum
831 2485 886 2514 est
912 2477 988 2515 iam
1023 2477 1156 2514 defecit
1182 2476 1211 2514 β.
1246 2477 1412 2525 Quando
1446 2490 1533 2526 ergo

478 2530 617 2580 aliquid
637 2538 823 2567 mutatum
853 2537 908 2567 est
935 2543 956 2567 a
984 2542 1062 2567 non
1092 2543 1172 2566 esse
1193 2530 1231 2567 in
1251 2543 1344 2578 esse,
1371 2530 1447 2568 iam
1470 2531 1534 2568 de-

477 2583 563 2620 fecit
589 2596 612 2620 a
639 2596 716 2620 non
741 2595 838 2629 esse;
868 2583 935 2620 sed
964 2583 1010 2620 de
1039 2583 1208 2631 quolibet
1234 2595 1371 2620 verum
1396 2591 1452 2620 est
1480 2583 1532 2620 di-

479 2648 574 2683 cere,
595 2636 698 2685 quod
726 2643 790 2673 aut
818 2643 873 2672 est
909 2643 972 2672 aut
996 2648 1074 2673 non
1103 2643 1172 2672 est:
1199 2636 1304 2684 quod
1333 2648 1421 2684 ergo
1450 2648 1533 2673 mu-

478 2696 596 2725 tatum
617 2696 670 2725 est
690 2688 736 2725 de
765 2701 842 2726 non
867 2701 948 2725 esse
975 2688 1014 2725 in
1042 2701 1135 2735 esse,
1161 2688 1315 2737 quando
1344 2696 1532 2726 mutatum

480 2749 544 2788 est,
574 2749 628 2778 est
664 2741 702 2778 in
731 2753 828 2778 esse:
859 2749 894 2777 et
921 2740 1089 2778 similiter
1125 2741 1230 2789 quod
1260 2749 1447 2778 mutatum
1477 2749 1533 2779 est

481 2793 526 2830 de
565 2806 644 2830 esse
682 2794 720 2830 in
756 2806 833 2830 non
866 2806 965 2841 esse,
1004 2801 1152 2842 oportet
1180 2794 1284 2842 quod
1313 2794 1360 2831 sit
1387 2794 1424 2831 in
1453 2807 1532 2832 non

481 2858 572 2883 esse.
611 2846 854 2883 Manifestum
892 2854 947 2883 est
981 2858 1069 2894 ergo
1107 2847 1211 2895 quod
1247 2846 1286 2883 in
1322 2847 1531 2884 mutatione

481 2910 578 2946 quae
605 2906 659 2935 est
685 2899 893 2936 secundum
927 2899 1282 2947 contradictionem,
1314 2900 1418 2948 quod
1447 2913 1530 2937 mu-

480 2957 598 2987 tatum
631 2958 701 2998 est,
735 2958 790 2988 est
817 2951 854 2988 in
882 2963 928 2988 eo
957 2951 1005 2988 ad
1033 2952 1138 3000 quod
1171 2959 1359 2990 mutatum
1389 2960 1454 2990 est.
1484 2954 1533 2990 Et

481 3002 511 3038 si
539 3010 594 3039 est
619 3015 754 3039 verum
782 3003 820 3040 in
853 3004 919 3040 ista
948 3004 1175 3051 mutatione,
1204 3005 1286 3053 pari
1314 3005 1457 3043 ratione
1478 3013 1532 3042 est

480 3066 615 3091 verum
647 3054 686 3091 in
722 3055 799 3092 aliis
832 3056 1111 3094 mutationibus.
1146 3057 1204 3094 Ex
1240 3070 1317 3106 quo
1354 3065 1457 3108 patet
1493 3058 1531 3095 id

481 3107 583 3155 quod
610 3107 733 3155 primo
755 3108 774 3129 *²
802 3108 1037 3157 propositum
1068 3117 1133 3146 est.

533 3228 560 3260 α)
579 3227 749 3262 Manifestum
769 3231 808 3254 est
825 3232 921 3254 autem.
939 3243 958 3248 -
980 3230 1054 3255 Unde
1077 3231 1244 3264 manifestum
1264 3235 1303 3257 est
1322 3232 1370 3262 Pb,
1390 3233 1436 3257 sed
1455 3233 1531 3265 parti-

482 3262 538 3287 cula
556 3263 648 3287 insitiva
663 3264 731 3289 unde
749 3271 800 3288 non
812 3264 911 3289 videtur
925 3265 956 3289 ad
970 3266 1138 3297 propositum.
1153 3266 1219 3291 Nihil
1234 3267 1302 3291 enim
1320 3267 1421 3292 deducit
1433 3268 1458 3292 S.
1471 3267 1530 3300 Th„

482 3298 527 3321 sed
547 3298 696 3322 determinat
718 3300 850 3331 quomodo
875 3300 924 3324 sint
942 3300 1023 3331 idem,
1049 3306 1074 3325 et
1097 3302 1229 3333 quomodo
1248 3302 1363 3326 differant
1381 3303 1482 3328 mutari
1506 3308 1532 3328 et

483 3331 598 3365 deficere.
611 3346 629 3351 -
648 3333 697 3357 Pro
721 3333 768 3358 sed
786 3333 924 3367 differunt,
944 3335 1003 3360 licet
1021 3335 1146 3368 differant
1164 3336 1183 3360 P
1203 3341 1228 3360 et
1246 3336 1337 3362 Venet.
1356 3337 1430 3369 1545.

536 3366 560 3398 β)
581 3366 631 3391 iam
651 3367 751 3401 defecit.
769 3382 787 3386 -
807 3369 1074 3400 PCEFGIMNQsAZ;
1097 3371 1140 3396 OS
1159 3371 1221 3402 luc-5
1247 3371 1300 3396 t'am
1324 3372 1411 3405 deficit
1434 3377 1482 3398 cet.
1506 3377 1531 3398 et

483 3400 533 3440 qb.
550 3413 570 3418 —
588 3401 699 3434 Pet-gunt
723 3402 789 3427 Pab:
810 3402 922 3433 Quando
947 3404 1030 3437 igitur
1055 3409 1185 3430 mutatum
1203 3409 1243 3430 est
1266 3406 1377 3438 aliquid.
1394 3420 1414 3425 —
1432 3407 1529 3432 Eadem

484 3434 526 3459 lm.
545 3434 597 3459 iam
616 3436 702 3468 dejicit
721 3437 970 3470 BDHKR‘thYpC
989 3444 1013 3464 ct
1031 3447 1047 3464 a
1067 3440 1090 3465 b.
1107 3454 1127 3459 -
1145 3441 1195 3465 Pro
1214 3440 1246 3465 de
1270 3448 1321 3466 non
1340 3448 1395 3467 esse
1420 3442 1446 3467 in
1466 3449 1530 3472 esse,

484 3469 588 3500 quando
607 3474 736 3495 mutatum
754 3475 804 3500 est,
823 3473 901 3497 estin
921 3480 982 3503 esse,
1002 3480 1076 3506 prout
1089 3475 1185 3508 optime
1204 3474 1292 3508 legunt
1311 3477 1384 3501 codd.
1403 3481 1428 3501 et
1445 3477 1495 3507 ab,
1511 3477 1530 3501 P

485 3507 570 3527 secuta
588 3503 675 3529 Venet.
699 3504 775 3537 1504:
795 3506 827 3531 de
846 3514 896 3532 non
915 3514 969 3532 esse
987 3509 1012 3533 1'n
1032 3515 1099 3538 ester
1115 3513 1245 3535 mutatum
1263 3513 1303 3535 est
1321 3510 1347 3535 in
1366 3518 1429 3537 esse.

536 3538 562 3570 γ)
583 3538 727 3564 Secundam
747 3540 874 3566 rationem
893 3543 1049 3574 generalem.
1062 3557 1081 3562 -
1093 3544 1127 3569 lta
1147 3545 1220 3570 codd.
1239 3549 1264 3570 et
1282 3545 1338 3575 ab,·
1358 3545 1377 3570 Ρ
1397 3550 1422 3571 et
1439 3546 1531 3573 Venet.

490 3569 553 3602 ¹5⁰4
572 3579 624 3596 om.
661 3574 798 3603 eneralem,
818 3575 886 3607 quod
906 3580 991 3601 tamen
1010 3579 1148 3610 respondet
1166 3579 1290 3612 principio
1308 3588 1379 3605 num.
1417 3588 1483 3607 racc.

537 3604 562 3637 δ)
581 3580 660 3638 quoda
667 3608 744 3633 etlam
763 3609 796 3634 de
817 3611 844 3634 C.
858 3622 876 3628 ·-
889 3610 923 3635 Ita
936 3611 1033 3643 PDMtu
1051 3613 1122 3645 quod
1134 3617 1160 3639 et
1177 3614 1200 3639 C
1210 3615 1284 3640 codd.
1298 3589 1529 3648 AGKOFIXYpCH

1100 297 1443 336 PHYSICORUM
1470 295 1817 333 ARISTOTELIS
1847 295 1940 331 LlB.
1969 295 2020 331 VI

1644 375 1677 410 3.
1709 372 1926 409 Secundam
1955 371 2140 408 rationem
2168 373 2382 419 generalem
2405 378 2420 399 ⁷
2443 372 2550 421 ponit
2577 372 2644 409 ibi:

1587 425 1759 474 Amplius
1777 430 1901 461 autem
1918 432 2006 461 etc.:
2028 432 2063 461 et
2083 424 2171 461 dicit
2190 425 2294 472 quod
2312 425 2387 461 hoc
2401 426 2503 462 idem
2522 432 2647 474 potest

1590 491 1670 515 esse
1699 477 1941 514 manifestum
1968 476 2243 513 considerando
2273 478 2484 515 secundum
2511 490 2646 515 unam-

1589 542 1782 579 quamque
1802 529 2063 566 mutationem.
2085 530 2134 566 Et
2148 529 2361 566 manifestat
2379 529 2417 566 in
2436 529 2644 567 mutatione

1589 583 1709 620 locali.
1746 583 1873 620 Omne
1903 582 2004 619 enim
2033 582 2137 630 quod
2170 589 2358 619 mutatum
2388 589 2458 630 est,
2491 594 2646 620 necesse

1590 643 1645 672 est
1673 647 1754 672 esse
1782 635 1929 682 alicubi,
1949 635 2012 672 vel
2036 634 2074 671 in
2097 634 2260 671 termino
2280 647 2302 671 a
2322 647 2398 684 quo
2426 635 2488 672 vel
2516 635 2555 672 in
2582 635 2646 672 ali-

1590 700 1666 736 quo
1695 687 1780 724 alio.
1811 688 1886 724 Sed
1913 688 2002 737 quia
2023 687 2113 724 illud
2142 687 2247 736 quod
2267 695 2454 724 mutatum
2484 694 2550 734 est,
2570 687 2646 725 iam

1590 740 1764 778 defecit*
1784 741 1831 777 ab
1862 753 1907 778 eo
1929 753 1973 777 ex
2001 752 2077 789 quo
2106 747 2292 777 mutatum
2323 747 2388 788 est,
2414 752 2568 778 necesse
2593 747 2648 778 est

1590 794 1695 840 quod
1714 793 1759 829 sit
1778 793 1876 830 alibi.
1906 795 1983 830 Aut
2009 793 2119 841 igitur
2146 805 2300 830 necesse
2329 801 2386 830 est
2412 793 2516 842 quod
2545 793 2592 830 sit
2609 793 2648 830 in

1590 846 1664 882 hoc
1692 845 1739 882 de
1773 857 1849 893 quo
1882 845 2133 893 intendimus,
2168 846 2307 883 scilicet
2334 846 2372 883 in
2399 846 2560 883 termino
2599 846 2648 884 ad

1591 909 1726 947 quem,
1757 905 1821 934 aut
1839 897 1877 934 in
1896 897 1981 934 alio.
2003 899 2052 935 Et
2080 898 2109 934 si
2139 906 2194 935 est
2212 899 2250 936 in
2268 900 2353 946 hoc,
2382 899 2543 936 habetur
2559 911 2644 948 pro-

1589 950 1772 999 positum:
1803 950 1832 987 si
1862 957 1990 987 autem
2027 949 2065 987 in
2101 951 2194 998 alio,
2223 962 2414 1000 ponamus
2452 951 2556 1000 quod
2584 951 2647 988 ali-

1591 1002 1682 1052 quid
1710 1010 1912 1040 moveatur
1929 1002 1968 1039 in
1987 1003 2029 1049 B,
2052 1009 2088 1039 et
2106 1003 2260 1052 quando
2280 1011 2469 1041 mutatum
2495 1011 2551 1042 est
2568 1017 2648 1042 non

1591 1056 1636 1092 sit
1668 1056 1706 1092 in
1733 1057 1763 1092 B
1793 1055 1860 1092 sed
1887 1055 1926 1092 in
1954 1056 1997 1092 C.
2019 1055 2131 1092 Tunc
2163 1056 2352 1105 oportebit
2388 1056 2512 1094 dicere
2544 1058 2648 1106 quod

1592 1109 1704 1145 etiam
1734 1108 1780 1145 de
1802 1109 1832 1145 C
1853 1106 1866 1130 ὃ
1886 1115 2051 1144 mutetur
2069 1107 2107 1145 in
2126 1109 2174 1155 B;
2195 1108 2285 1157 quia
2303 1109 2334 1145 C
2356 1115 2392 1145 et
2410 1109 2441 1145 B
2460 1121 2539 1146 non
2562 1117 2649 1147 sunt

1590 1162 1732 1207 hahita,
1761 1161 1856 1198 idest
1884 1168 2160 1209 consequenter
2196 1173 2236 1198 se
2268 1161 2456 1198 habentia.
2487 1162 2650 1210 Oportet

1592 1214 1693 1250 enim
1713 1213 1818 1262 quod
1836 1220 1914 1250 tota
1933 1212 2151 1250 huiusmodi
2171 1214 2191 1235 '⁴⁴'
2210 1213 2368 1251 mutatio
2389 1213 2435 1251 sit
2454 1214 2647 1261 continua3
2676 1219 2686 1230 ”

1592 1274 1628 1303 θῖ
1646 1266 1685 1303 in
1705 1266 1890 1303 continuis
1917 1278 2039 1303 unum
2059 1265 2208 1314 signum
2237 1278 2315 1303 non
2339 1274 2395 1304 est
2413 1276 2648 1316 consequen-

1590 1327 1646 1356 ter
1665 1331 1704 1356 se
1732 1319 1877 1356 habens
1905 1318 1953 1356 ad
1982 1319 2153 1367 alterum,
2173 1318 2263 1368 quia
2282 1331 2437 1357 necesse
2461 1327 2516 1357 est
2534 1320 2648 1376 -quod

1592 1371 1700 1409 cadat
1727 1372 1764 1408 in
1797 1371 1925 1408 medio
1955 1371 2096 1420 aliquid
2125 1372 2183 1408 sui
2211 1371 2376 1420 generis,
2410 1379 2452 1409 ut
2484 1379 2599 1421 supra
2627 1374 2648 1395 '⁵

1589 1425 1793 1473 probatum
1815 1431 1879 1461 est.
1909 1423 2020 1461 Unde
2044 1431 2222 1472 sequetur
2239 1430 2262 1472 ⁸,
2283 1425 2313 1462 si
2332 1425 2422 1462 illud
2441 1425 2546 1474 quod
2564 1437 2648 1463 mu-

1590 1485 1709 1514 tatum
1739 1485 1805 1524 est,
1831 1477 1984 1526 quando
2014 1484 2201 1514 mutatum
2231 1485 2297 1526 est,
2318 1477 2364 1514 sit
2390 1477 2429 1515 in
2457 1478 2507 1526 C,
2536 1485 2574 1515 et
2601 1478 2648 1516 de

1592 1530 1622 1566 C
1651 1538 1818 1567 mutetur
1845 1530 1883 1567 in
1911 1531 1963 1578 B,
2000 1530 2105 1578 quod
2140 1537 2195 1567 est
2225 1530 2408 1568 terminus
2436 1531 2484 1568 ad
2511 1542 2646 1580 quem,

1591 1583 1694 1631 quod
1714 1583 1867 1632 quando
1889 1589 2076 1620 mutatum
2097 1590 2162 1630 est,
2187 1589 2278 1620 tunc
2299 1590 2466 1620 mutatur
2484 1583 2523 1621 in
2543 1583 2649 1633 quod

1591 1643 1778 1672 mutatum
1814 1643 1884 1681 est;
1920 1635 2025 1684 quod
2054 1643 2109 1672 est
2140 1635 2384 1685 impossibile.
2424 1637 2516 1673 Non
2549 1636 2648 1674 enim

1591 1688 1703 1725 simul
1730 1695 1786 1725 est
1818 1688 1953 1725 mutari
1983 1695 2019 1725 et
2055 1695 2243 1726 mutatum
2276 1701 2380 1736 esse,
2412 1697 2454 1726 ut
2486 1701 2600 1738 supra
2628 1690 2648 1711 ”²
2676 1699 2686 1708 ·

1592 1741 1734 1779 dictum
1763 1749 1828 1778 est.
1855 1741 1958 1777 Nihil
1979 1747 2107 1778 autem
2137 1741 2261 1778 differt
2280 1741 2310 1778 si
2329 1741 2549 1778 huiusmodi
2576 1749 2648 1779 ter-

1592 1793 1684 1830 mini
1705 1794 1736 1830 C
1761 1801 1798 1830 et
1815 1794 1846 1830 B
1866 1793 2096 1842 accipiantur
2122 1794 2161 1831 in
2189 1802 2297 1831 motu
2324 1794 2454 1842 locali,
2479 1794 2543 1831 vel
2569 1793 2608 1831 in
2627 1794 2648 1816 ⁸

1591 1858 1832 1895 quacumque
1862 1845 1933 1883 alia
1953 1846 2172 1883 mutatione.
2198 1847 2366 1884 Necesse
2385 1854 2441 1884 est
2460 1858 2548 1895 ergo
2566 1846 2649 1884 uni-

1590 1898 1783 1936 versaliter
1810 1910 1946 1936 verum
1979 1911 2077 1947 esse,
2116 1900 2220 1948 quod
2251 1899 2290 1937 id
2323 1899 2427 1949 quod
2458 1906 2648 1937 mutatum

1591 1959 1657 1998 est,
1687 1951 1840 2000 quando
1869 1958 2058 1988 mutatum
2087 1958 2163 2000 est,
2193 1959 2248 1988 est
2283 1952 2322 1990 in
2354 1952 2430 1989 hoc
2461 1951 2511 1989 ad
2542 1952 2648 2001 quod

1591 2011 1778 2041 mutatum
1807 2011 1872 2045 est,
1902 2003 1997 2041 idest
2025 2003 2063 2041 in
2090 2004 2252 2042 termino
2281 2005 2330 2042 ad
2358 2017 2486 2054 quem.

1643 2058 1692 2094 Et
1710 2058 1731 2078 ’¹'
1750 2069 1795 2093 ex
1813 2058 1887 2094 hoc
1905 2056 2059 2093 ulterius
2079 2057 2284 2106 concludit,
2310 2057 2413 2106 quod
2433 2057 2524 2095 illud
2542 2057 2648 2107 quod

1590 2109 1730 2146 factum
1760 2117 1831 2156 est,
1866 2109 2019 2158 quando
2057 2109 2198 2147 factum
2226 2117 2301 2157 est,
2335 2110 2450 2148 habet
2478 2123 2578 2157 esse;
2613 2118 2650 2148 et

1590 2162 1694 2210 quod
1723 2169 1943 2210 corruptum
1968 2169 2034 2209 est,
2059 2162 2214 2211 quando
2243 2169 2463 2211 corruptum
2492 2170 2564 2211 est,
2594 2170 2650 2200 est

1590 2226 1668 2251 non
1697 2227 1776 2251 ens.
1811 2215 2018 2251 Ostensum
2047 2222 2103 2252 est
2132 2214 2233 2252 enim
2256 2214 2517 2254 universaliter
2534 2216 2609 2254 hoc
2628 2217 2648 2251 *.

1590 2266 1637 2303 de
1666 2267 1771 2303 omni
1799 2267 2029 2314 mutatione,
2060 2274 2096 2304 et
2123 2267 2289 2305 maxime
2322 2269 2565 2306 manifestum
2593 2276 2650 2307 est

1588 2319 1627 2356 in
1645 2319 1865 2366 mutatione,
1882 2332 1978 2368 quae
2000 2326 2056 2357 est
2069 2321 2282 2358 secundum
2298 2321 2646 2371 contradictionem,

1587 2380 1630 2408 ut
1657 2385 1703 2409 ex
1723 2372 1828 2409 dictis
1847 2374 1867 2393 ³
1894 2379 2008 2421 patet.

1643 2425 1705 2462 Sic
1731 2425 1840 2472 igitur
1866 2425 2109 2462 manifestum
2141 2433 2207 2472 est,
2233 2426 2337 2475 quod
2364 2426 2403 2464 id
2430 2427 2535 2476 quod
2561 2438 2646 2464 mu-

1588 2484 1707 2514 tatum
1736 2486 1802 2525 est,
1833 2490 1921 2515 cum
1953 2478 2078 2526 primo
2107 2485 2295 2515 mutatum
2325 2486 2399 2526 est,
2434 2487 2490 2517 est
2515 2479 2554 2517 in
2581 2479 2645 2517 illo

1588 2531 1636 2567 ad
1657 2531 1762 2579 quod
1786 2538 1974 2567 mutatum
2003 2538 2069 2568 est.
2089 2531 2207 2568 Addit
2233 2539 2361 2569 autem
2382 2532 2530 2580 primo;
2557 2532 2647 2582 quia

1586 2590 1790 2632 postquam
1819 2590 2007 2620 mutatum
2027 2591 2082 2620 est
2105 2584 2153 2621 ad
2180 2583 2332 2633 aliquid,
2360 2592 2490 2634 posset
2511 2585 2647 2624 exinde

1588 2636 1747 2683 moveri,
1774 2643 1810 2673 et
1828 2635 1880 2672 ibi
1898 2648 1976 2673 non
1997 2643 2111 2683 esset;
2136 2636 2203 2674 sed
2227 2636 2381 2685 quando
2407 2636 2534 2686 primo
2562 2649 2647 2676 mu-

1586 2695 1706 2726 tatum
1735 2696 1801 2736 est,
1823 2696 1972 2737 oportet
2000 2689 2104 2738 quod
2132 2689 2178 2726 sit
2204 2689 2267 2727 ibi.

1639 2753 1675 2789 4.
1697 2741 1844 2779 Deinde
1874 2753 1961 2778 cum
1981 2741 2085 2779 dicit:
2115 2743 2160 2779 In
2181 2753 2254 2791 quo
2273 2748 2398 2779 autem
2416 2743 2545 2791 primo
2563 2754 2647 2780 mu·

1586 2800 1702 2831 tatum
1722 2800 1776 2832 est
1793 2802 1874 2842 etc.,
1891 2794 2054 2831 ostendit
2073 2795 2177 2844 quod
2197 2802 2383 2833 mutatum
2416 2807 2498 2833 esse
2518 2795 2645 2846 primo

1587 2855 1622 2884 et
1648 2859 1717 2896 per
1744 2860 1783 2884 se
1822 2855 1878 2884 est
1903 2847 1942 2885 in
1969 2847 2202 2885 indivisibili:
2232 2855 2269 2885 et
2296 2847 2384 2886 dicit
2419 2847 2524 2896 quod
2554 2847 2647 2887 illud

1585 2907 1735 2949 tempus
1762 2900 1800 2937 in
1829 2912 1904 2949 quo
1933 2900 2058 2949 primo
2092 2908 2280 2938 mutatum
2308 2908 2364 2938 est
2390 2901 2496 2950 quod
2522 2908 2645 2938 muta-

1585 2960 1666 2989 tum
1696 2960 1761 2999 est,
1782 2965 1938 2990 necesse
1967 2960 2022 2989 est
2049 2953 2153 3001 quod
2171 2953 2217 2990 sit
2235 2958 2401 2990 atomum
2421 2953 2451 3000 ⁴⁹,
2472 2952 2569 2991 idest
2588 2953 2644 2991 in-

1586 3005 1783 3043 divisibile.
1805 3006 1933 3052 Quare
1953 3012 2080 3042 autem
2099 3005 2204 3043 addit
2224 3006 2364 3055 primo,
2385 3006 2538 3055 exponit
2554 3006 2643 3044 sub-

1586 3058 1679 3095 dens
1707 3058 1812 3106 quod
1831 3058 1869 3095 in
1898 3058 1960 3094 illo
1979 3057 2104 3107 primo
2133 3058 2268 3095 dicitur
2286 3058 2427 3108 aliquid
2456 3065 2643 3096 mutatum

1586 3123 1680 3159 esse,
1706 3110 1744 3148 in
1772 3123 1849 3159 quo
1878 3123 1956 3148 non
1982 3110 2115 3148 dicitur
2141 3123 2224 3148 esse
2245 3111 2265 3132 ‘¹
2284 3118 2472 3149 mutatum
2497 3111 2642 3156 ratione

1585 3238 1610 3258 et
1627 3240 1652 3262 a,
1667 3233 1739 3265 quod
1756 3232 1790 3258 de
1810 3233 1834 3258 C
1849 3233 1905 3257 cod.
1921 3233 1950 3263 Β,
1968 3233 2040 3265 quod
2060 3232 2084 3258 C
2099 3232 2174 3258 codd.
2193 3232 2254 3263 EQ,
2273 3232 2345 3265 quod
2368 3233 2448 3258 etiam
2471 3233 2496 3259 C
2510 3232 2584 3259 codd.
2602 3232 2643 3266 ΡΙ,

1583 3268 1712 3328 ‘'agaae'‘
1730 3267 1763 3293 de
1783 3268 1807 3293 C
1822 3268 1897 3292 codd.
1916 3268 2009 3299 LSsH,
2024 3267 2096 3301 quod
2108 3274 2146 3293 ex
2166 3268 2190 3293 C
2201 3268 2275 3293 codd.
2288 3267 2407 3299 NTZsC,
2420 3268 2492 3301 quod
2509 3268 2605 3294 iter-uun·
2621 3269 2646 3294 C

1585 3310 1615 3328 co
1635 3320 1643 3329 .
1686 3320 1694 3328 .

1637 3336 1658 3373 ε)
1682 3338 1756 3363 Unde
1773 3341 1904 3371 sequetur.
1918 3352 1938 3357 —
1951 3338 1970 3363 P
1989 3343 2015 3363 et
2026 3338 2111 3364 Venet
2128 3337 2192 3371 1545
2201 3345 2208 3369 3
2225 3338 2315 3369 Quare
2328 3341 2452 3371 sequetur
2466 3338 2497 3370 L,
2512 3339 2642 3372 Sequetur

1583 3380 1648 3406 ergo
1666 3373 1820 3403 BNRsCHl,
1837 3373 1906 3404 Quia
1924 3377 2048 3406 sequetur
2066 3374 2124 3399 edd.
2143 3374 2158 3399 b
2177 3379 2202 3398 et
2220 3374 2311 3399 venet.
2334 3373 2413 3406 ¹5⁰45
2437 3379 2485 3399 cet.
2509 3379 2534 3399 et
2552 3381 2570 3399 a
2587 3381 2641 3399 orn.

1585 3409 1662 3434 unde.
1679 3422 1699 3428 -
1717 3409 1767 3433 Pro
1785 3409 1816 3438 si,
1835 3408 1907 3441 quod
1923 3408 1948 3434 εἰ
1966 3408 2102 3434 EGSTsH.
2120 3421 2140 3428 ·-
2156 3409 2200 3438 Ibi.
2219 3411 2246 3434 et
2264 3409 2297 3434 de
2318 3409 2342 3434 C
2356 3412 2474 3435 mutetur
2492 3408 2518 3434 ἡι
2537 3409 2574 3438 Β,
2593 3415 2641 3441 pro

1584 3446 1712 3473 mutetur,
1732 3446 1863 3468 mutatum
1882 3444 1909 3475 P,
1929 3446 2049 3469 mutatur
2067 3444 2246 3469 BEFGHZab.
2264 3457 2284 3462 —
2303 3444 2366 3470 Post
2382 3444 2420 3470 ad
2437 3451 2513 3477 quem
2531 3448 2642 3477 pergunt

1584 3478 1643 3508 NQ:
1663 3479 1734 3511 quod
1752 3482 1869 3504 mutetur
1887 3478 1993 3511 quando
2012 3482 2142 3504 mutatum
2161 3482 2208 3507 est.
2221 3479 2292 3512 quod
2304 3482 2343 3505 est
2360 3479 2530 3512 impossibil25
2544 3478 2640 3504 ADKO

1584 3513 1636 3546 Ypl
1655 3521 1707 3539 om.
1727 3517 1789 3539 tunc
1808 3517 1927 3539 mutatur
1945 3513 1971 3539 t'n
1990 3514 2061 3546 quod
2079 3517 2209 3540 mutatum
2227 3517 2279 3546 est;
2298 3522 2346 3548 pro
2364 3522 2417 3547 quo
2439 3517 2503 3540 tune
2524 3516 2642 3539 mumm-

1585 3548 1610 3573 in
1629 3549 1701 3581 quod
1714 3551 1844 3574 mutatum
1862 3551 1902 3574 est
1914 3548 2012 3579 ZsCM;
2031 3552 2094 3574 tunc
2113 3552 2232 3575 mutatur
2247 3549 2276 3575 id
2293 3549 2365 3582 quod
2382 3551 2514 3575 mutatum
2526 3550 2567 3574 est
2579 3547 2640 3579 EGg

1584 3585 1646 3608 tunc
1660 3586 1777 3608 mutetur
1790 3582 1921 3617 (mutatur
1934 3583 1988 3616 FL)
2005 3583 2032 3608 fd
2045 3583 2072 3609 t'n
2087 3583 2159 3616 quod
2173 3583 2214 3618 (id
2227 3583 2254 3609 in
2270 3590 2322 3616 quo
2357 3584 2412 3616 ΒΜ,
2430 3583 2457 3609 {n
2476 3583 2506 3609 t'd
2520 3582 2549 3609 Gn
2567 3582 2639 3615 quod

1585 3618 1652 3648 FsH,
1672 3618 1698 3643 in
1718 3618 1747 3643 id
1765 3618 1791 3644 in
1809 3625 1860 3651 quo
1878 3617 1964 3653 LssB)
1985 3621 2116 3644 mutatum
2134 3622 2174 3645 est
2191 3624 2240 3645 cet.
2254 3626 2308 3645 exc.
2325 3592 2358 3644 ’λε

2676 2065 2863 2100 *ΕεοιιμιιαἼ

2675 2222 2845 2252 naemu,

2675 2255 2727 2272 m·

2673 2384 2769 2408 ‘uum-
2790 2396 2794 2403 ·

2671 2964 2823 2986 'am-1
2890 2966 2893 2992 4

2844 3103 2849 3106 ⁴
2888 3095 2891 3108 !

2671 3118 2805 3140 'emon-
