2982 4022
501 301 552 337 70

1708 193 1723 201 o

1139 283 1484 321 PHYSICORUM
1510 283 1858 321 ARISTOTELIS
1887 283 1981 319 LIB.
2012 283 2043 318 11

562 367 593 402 5.
623 364 786 402 Ulterius
824 371 951 400 autem
981 362 1068 400 dicit
1095 362 1201 410 quod
1229 362 1302 398 alio
1330 362 1449 400 modo
1479 362 1567 399 dici·
1614 362 1761 411 pliciter
1789 369 1880 407 etc.,
1900 360 2113 398 manifestat
2139 359 2208 397 tria
2237 361 2506 409 consequentia
2534 373 2579 398 ex
2602 361 2679 399 iam

503 426 564 455 tur
593 430 705 454 causa
733 429 757 454 a
787 428 859 465 quo
889 422 943 453 est
966 415 1195 464 princiffium
1229 420 1351 452 motus
1381 414 1442 452 vel
1468 415 1567 463 quie-

503 472 567 515 tis,·
595 470 691 507 sicut
719 469 919 506 consilians
949 468 1082 506 dicitur
1110 479 1224 504 causa
1241 473 1266 514 ⁷¹,
1292 475 1329 504 et
1354 474 1462 517 pater
1489 467 1567 516 filii,

507 531 543 560 et
571 535 686 559 omne
716 530 956 558 commutans
985 527 1219 557 commutati.

561 575 670 612 Circa
697 574 919 612 huiusmodi
938 581 1065 610 autem
1095 585 1228 610 causas
1248 572 1567 610 considerandum

507 636 562 665 est
590 627 695 676 quod
715 627 951 676 quadruplex
977 634 1032 663 est
1060 638 1173 662 causa
1201 624 1369 663 efficiens
1387 623 1411 672 ⁰,
1432 625 1570 662 scilicet

505 681 726 730 perficienS,
764 692 1019 728 praeparans,
1063 678 1248 716 adiuvans
1286 685 1322 714 et
1356 678 1567 715 consilians.

505 734 707 781 Pei-ficiens
726 732 828 770 enim
845 739 911 780 est,
933 731 1038 781 quod
1058 731 1121 768 dat
1141 731 1467 779 complementum
1486 743 1569 768 mo-

505 786 558 822 tui
585 786 648 823 vel
676 785 891 832 mutationi3
921 785 1016 822 sicut
1043 784 1147 832 quod
1176 783 1378 821 introducit
1405 784 1569 821 formam

467 862 472 865 -
507 838 789 875 substantialem
821 838 860 875 in
891 837 1144 886 generatione.
1172 837 1414 884 Pmeparans
1442 844 1569 873 autern

507 903 574 928 seu
602 891 798 939 disponens
827 898 894 938 est,
915 890 1020 939 quod
1044 896 1146 939 aptat
1169 888 1368 927 materiam
1397 901 1464 926 seu
1483 890 1570 926 sub-

456 991 462 996 *
506 945 646 981 iectum
662 944 710 981 ad
724 943 900 980 ultimum
917 943 1254 991 complementum.
1265 942 1462 979 Adiuvans
1474 954 1568 979 vero

268 1329 278 1340 ⁹
293 1329 327 1350 eis
342 1328 394 1349 add.
409 1334 472 1349 tons.

268 1490 279 1498 ¹
294 1495 366 1511 causa
384 1494 431 1510 om.
451 1494 481 1509 Pu

269 1522 347 1564 lhesse
360 1541 414 1563 add.
431 1547 481 1562 EGZ.

271 1752 281 1763 ⁸
297 1751 396 1773 reddere
410 1757 449 1772 im.

270 1910 281 1920 ⁸
296 1909 359 1937 quod
371 1914 422 1930 scr.

273 2334 283 2344 ⁸
298 2339 391 2361 organa
405 2339 427 2354 ι..

273 2758 282 2767 ’
297 2757 356 2777 sicut
370 2763 418 2778 om.
430 2762 482 2778 Actu

273 2789 403 2809 xoqrvxsn.

272 2863 281 2873 ’
297 2862 340 2883 sed
353 2862 404 2883 add.
420 2868 455 2883 zo.

509 1005 574 1044 est,
604 997 708 1045 quod
737 1009 815 1034 non
843 1004 1020 1046 operatur
1048 995 1095 1033 ad
1124 994 1322 1044 proprium
1350 995 1480 1042 finem,
1501 995 1569 1032 sed

508 1051 558 1088 ad
585 1050 704 1087 finem
733 1049 893 1086 alterius.
929 1048 1137 1086 Consilians
1164 1055 1292 1085 autem
1321 1047 1359 1084 in
1376 1047 1444 1084 his
1471 1060 1569 1096 quae

508 1110 623 1151 agunt
650 1115 673 1139 a
699 1102 917 1151 propositO,
948 1109 1004 1139 est
1030 1100 1135 1149 quod
1164 1100 1227 1138 dat
1254 1100 1376 1148 agenti
1405 1100 1570 1138 formam

506 1169 577 1205 per
604 1167 720 1204 quarn
749 1155 833 1203 agit.
863 1155 967 1191 Nam
996 1167 1110 1202 agens
1133 1166 1156 1190 a
1175 1153 1372 1202 proposito
1402 1153 1476 1201 agit
1502 1165 1571 1202 per

508 1221 617 1245 suam
647 1207 854 1254 scientiam,
875 1217 991 1256 quam
1019 1206 1217 1244 consilians
1236 1206 1307 1243 sibi
1326 1205 1451 1252 tradit;
1478 1206 1572 1243 sicut

509 1269 544 1298 et
569 1261 608 1298 in
637 1261 750 1298 rebus
778 1260 1010 1298 naturalibus
1038 1271 1222 1307 generans
1251 1258 1384 1296 dicitur
1411 1271 1570 1295 movere

508 1314 638 1362 gravia
664 1315 727 1350 vel
754 1314 873 1361 levia,
903 1313 1126 1361 inquantum
1171 1311 1234 1349 dat
1263 1313 1282 1332 ’³‘
1310 1312 1475 1348 formam
1503 1323 1572 1359 per

508 1379 624 1416 quam
654 1373 868 1403 moventur.

562 1421 598 1457 6.
620 1420 808 1466 Quartum
837 1426 965 1456 autern
989 1418 1152 1455 modum
1173 1429 1308 1454 causae
1327 1415 1445 1465 ponit,
1466 1415 1571 1463 quod

510 1472 650 1521 aliquid
683 1471 816 1510 dicitur
844 1470 957 1508 causa
978 1472 997 1493 ’¹‘
1026 1479 1067 1508 ut
1090 1470 1194 1516 finis3
1220 1477 1256 1506 et
1280 1470 1354 1506 hoc
1383 1475 1437 1505 est
1468 1469 1573 1505 cuius

510 1537 624 1563 causa
654 1525 793 1573 aliquid
822 1525 884 1571 fit,
910 1525 1004 1560 sicut
1031 1523 1168 1561 sanitas
1198 1522 1330 1559 dicitur
1353 1522 1373 1542 *
1401 1521 1569 1557 ambula-

509 1578 633 1616 tionis.
659 1579 707 1614 Et
739 1578 814 1614 hoc
841 1584 943 1626 patet
975 1577 1063 1625 quia
1092 1574 1342 1623 respondetur
1375 1573 1422 1610 ad
1455 1585 1570 1621 quae-

511 1631 674 1668 stionem
702 1631 839 1667 factam
871 1635 1027 1678 propter
1054 1629 1160 1677 quid:
1200 1639 1287 1664 cum
1323 1626 1425 1663 enim
1458 1638 1573 1674 quae-

510 1684 627 1721 rimus
649 1688 806 1731 propter
832 1682 922 1730 quid
944 1681 1139 1719 ambulat?
1164 1680 1324 1717 dicimus
1345 1685 1385 1715 ut
1399 1685 1575 1723 sanetur;

511 1745 548 1773 et
565 1738 640 1773 hoc
655 1735 822 1772 dicentes
842 1735 1044 1783 opinamur
1062 1747 1144 1771 nos·
1153 1734 1343 1781 assignare
1364 1733 1383 1753 ³*
1405 1744 1571 1769 causam.

511 1789 602 1827 Ideo
631 1796 759 1825 autern
779 1788 903 1837 potius
922 1788 1059 1836 probat
1078 1787 1125 1825 de
1153 1787 1231 1823 fine
1250 1785 1355 1834 quod
1387 1785 1433 1822 sit
1462 1797 1574 1822 causa

511 1854 627 1891 quam
656 1842 703 1879 de
733 1841 833 1887 aliis,
863 1841 952 1889 quia
988 1842 1062 1877 hoc
1095 1839 1220 1877 minus
1251 1838 1452 1876 videbatur
1484 1850 1572 1886 pro-

510 1903 640 1944 pterea
668 1894 756 1943 quia
783 1895 803 1915 '¹‘
830 1894 915 1930 finis
945 1901 1000 1930 est
1025 1891 1201 1930 ultimum
1230 1892 1268 1928 in
1296 1890 1548 1939 generatione.

564 1949 613 1985 Et
639 1947 794 1984 ulterius
822 1947 925 1984 addit
953 1946 1058 1994 quod
1086 1946 1216 1983 omnia
1239 1957 1337 1993 quae
1357 1951 1443 1980 sunt
1461 1943 1572 1980 inter-

511 2001 638 2038 media
666 2000 761 2037 inter
789 1999 956 2049 primum
984 2011 1148 2036 movens
1178 2005 1213 2035 et
1239 1997 1416 2035 ultimum
1440 1997 1571 2042 finem,

513 2053 644 2091 omnia
663 2060 748 2090 sunt
767 2052 1058 2101 quodammodo
1078 2052 1190 2090 fines:
1221 2051 1316 2088 sicut
1335 2049 1504 2087 medicus
1524 2049 1573 2086 ad

512 2107 710 2144 sanitatem
731 2106 986 2143 inducendam
1015 2112 1190 2142 extenuat
1218 2115 1367 2152 corpus,
1389 2110 1425 2139 et
1443 2102 1495 2140 sic
1515 2115 1572 2139 sa-

511 2160 607 2197 nitas
627 2167 683 2196 est
700 2159 787 2196 finis
806 2159 957 2205 maciei,
978 2158 1142 2195 maciem
1162 2165 1290 2194 autem
1310 2162 1488 2205 operatur
1505 2167 1574 2204 per

510 2213 795 2262 purgationem;
825 2212 1089 2260 purgationem
1118 2218 1245 2248 autem
1269 2222 1338 2258 per
1356 2208 1570 2257 potionem,

510 2265 707 2315 potionem
735 2273 863 2302 autem
882 2271 1082 2314 praeparat
1104 2276 1173 2313 per
1200 2262 1324 2311 aliqua
1348 2262 1573 2298 instrumen-

511 2327 549 2356 ta
572 2320 603 2355 ³¹³.
624 2318 734 2356 Unde
761 2318 891 2355 omnia
919 2318 1014 2354 haec
1042 2325 1128 2354 sunt
1150 2314 1441 2364 quodammodo
1466 2314 1572 2351 finis:

512 2384 602 2409 nam
622 2371 764 2408 macies
784 2379 839 2408 est
852 2371 938 2408 finis
952 2370 1195 2420 purgationis,
1213 2376 1248 2405 et
1266 2368 1438 2417 purgatio
1452 2368 1574 2416 potio-

512 2425 581 2472 nis,
607 2431 643 2461 et
669 2424 773 2473 potio
803 2436 1046 2471 organorum,
1077 2430 1113 2460 et
1141 2434 1282 2470 organa
1310 2428 1396 2458 sunt
1419 2421 1516 2457 fines
1535 2420 1574 2457 in

513 2477 733 2527 operatione
751 2478 813 2514 vel
833 2477 1071 2524 inquisitione
1086 2483 1093 2496 ³
1109 2487 1352 2523 organorum.
1369 2475 1419 2510 Et
1437 2473 1489 2510 sic
1506 2486 1573 2522 pa-

511 2539 563 2567 tet
587 2531 690 2580 quod
715 2530 784 2567 ista
803 2530 1026 2566 intermedia
1052 2529 1230 2566 differunt
1249 2527 1298 2565 ad
1320 2527 1498 2572 invicem,
1518 2526 1572 2563 in-

511 2591 695 2632 quantum
710 2583 900 2632 quaedam
917 2590 1003 2619 sunt
1022 2594 1163 2630 organa
1179 2589 1215 2617 et
1233 2580 1423 2628 quaedam
1443 2591 1572 2627 opera,

512 2645 666 2686 operata
694 2637 833 2673 scilicet
851 2648 919 2685 per
938 2648 1091 2683 organa.
1112 2636 1161 2671 Et
1179 2635 1253 2670 hoc
1272 2632 1414 2669 inducit
1433 2643 1480 2668 ne
1509 2631 1572 2667 ali-

511 2690 594 2738 quis
624 2691 751 2727 credat
779 2689 881 2738 quod
912 2689 1036 2726 solum
1055 2688 1093 2725 id
1113 2686 1217 2735 quod
1247 2693 1302 2722 est
1320 2684 1497 2721 ultimum
1526 2683 1571 2720 sit

512 2755 625 2780 causa
653 2743 747 2779 sicut
766 2744 784 2762 *
805 2742 909 2778 cuius
935 2741 1073 2791 gratia,
1094 2746 1247 2788 propter
1274 2738 1348 2774 hoc
1376 2737 1479 2784 quod
1497 2737 1573 2773 hoc

511 2809 655 2833 nomen
675 2795 760 2832 finis
787 2794 963 2831 ultimum
990 2792 1185 2842 quoddam
1208 2803 1295 2827 esse
1324 2789 1484 2826 videtur.
1506 2790 1574 2826 Est

510 2849 619 2896 igitur
647 2848 772 2885 omnis
799 2847 885 2884 finis
903 2847 1080 2884 ultimum
1110 2846 1130 2866 ‘¹‘
1156 2856 1234 2881 non
1258 2842 1484 2891 simpliciter,
1505 2843 1573 2879 sed

511 2909 683 2950 respectu
717 2899 884 2937 alicuius.

565 2955 613 2991 Et
640 2953 772 2990 ultimo
802 2950 992 2989 concludit
1023 2949 1127 2998 quod
1156 2949 1232 2985 fere
1269 2955 1324 2984 tot
1355 2947 1480 2984 modis
1518 2947 1572 2984 di-

513 3015 645 3044 cuntur
674 3018 821 3043 causae.
842 3006 890 3042 Et
909 3003 1012 3040 addit
1019 3003 1120 3051 fere,
1141 3009 1295 3050 propter
1319 3012 1451 3037 causas
1474 3012 1572 3048 quae

512 3067 598 3098 sunt
615 3071 683 3108 per
702 3058 887 3105 accidens,
918 3056 1012 3093 sicut
1040 3063 1125 3092 sunt
1153 3067 1260 3091 casus
1290 3061 1326 3090 et
1353 3053 1512 3090 fortuna.

566 3125 601 3161 7.
631 3111 778 3150 Deinde
808 3123 896 3147 cum
925 3109 1033 3147 dicit:
1073 3107 1263 3157 Contingit
1293 3112 1417 3144 autem
1450 3105 1571 3143 multi-

564 3270 590 3301 η)
610 3276 626 3294 a
645 3276 722 3301 quo...
735 3274 824 3293 causa.
834 3281 853 3285 —
863 3267 932 3291 Haec
946 3273 999 3290 om.
1013 3264 1246 3297 AIKOQTprs;
1261 3272 1308 3296 pro
1327 3264 1367 3289 vel
1381 3263 1483 3296 quietis,
1499 3263 1570 3294 quod

511 3313 565 3330 om.
580 3306 611 3335 D,
625 3308 651 3329 et
669 3304 763 3336 quietis
779 3302 910 3332 CHNY23
926 3310 972 3333 pro
984 3301 1135 3329 consitivis,
1149 3300 1317 3325 consiliarius
1336 3299 1397 3329 BH3
1418 3304 1476 3331 post
1489 3305 1570 3323 causa

513 3341 608 3365 addunt
626 3339 729 3365 consilii
748 3339 820 3369 Fst
840 3346 887 3370 pro
905 3340 931 3362 et
949 3343 1033 3366 omne,
1047 3339 1073 3361 et
1090 3335 1197 3360 omnino
1218 3335 1236 3359 Ρ
1252 3335 1294 3367 (cf.
1309 3343 1334 3359 n.
1352 3333 1402 3368 ιο).

565 3373 589 3407 0)
609 3378 647 3400 est
665 3381 746 3399 causa
760 3373 881 3407 efficiens.
891 3387 910 3391 —
920 3376 960 3398 est
981 3371 1123 3397 secundum
1138 3371 1273 3396 Avicenna
1291 3377 1371 3395 causa
1389 3369 1504 3402 efficiens
1517 3368 1571 3398 EG,

512 3414 551 3435 est
569 3418 650 3435 causa
668 3410 800 3442 sussiciens
816 3409 958 3433 secundum
977 3407 1112 3432 Avicenna
1125 3407 1155 3430 B.
1165 3421 1182 3424 -
1193 3406 1266 3436 Quae
1284 3409 1435 3437 sequuntur,
1448 3404 1586 3434 scilicet-u,

512 3446 653 3470 consilians
677 3453 731 3469 om.
751 3445 825 3468 codd.
840 3451 892 3468 exc.
914 3442 1082 3472 DEFGsLO,
1104 3446 1189 3466 tamen
1208 3441 1306 3467 scilicet
1330 3448 1383 3465 orn.
1409 3439 1461 3470 DF,
1482 3444 1506 3463 et
1525 3446 1572 3471 pro

509 3487 687 3512 praeparans,
703 3480 843 3511 disponens
862 3479 955 3503 DFsO.

567 3515 585 3548 ι)
601 3514 777 3547 inquisitione.
787 3529 805 3533 —-
817 3515 842 3539 in
856 3513 1029 3546 acquisitione
1046 3512 1121 3543 DFN,
1135 3511 1275 3544 quisitione
1290 3511 1325 3541 Q,
1340 3510 1513 3543 acquisitione
1525 3514 1571 3534 cet.

514 3558 566 3574 exc.
585 3550 682 3582 Eupo.
696 3564 714 3568 —-
728 3550 801 3579 Infra,
815 3557 862 3581 pro
877 3556 965 3581 opera,
981 3549 1050 3581 quod
1064 3556 1117 3572 om.
1131 3547 1255 3578 DLOQS,
1271 3549 1381 3579 operata
1395 3544 1573 3575 ACKNTVX;

515 3587 626 3617 operata
645 3585 742 3609 scilicet
757 3592 807 3616 per
826 3591 930 3617 organa
949 3592 1002 3609 om.
1018 3584 1041 3607 M
1062 3583 1135 3616 pEG,
1150 3583 1248 3608 scilicet
1266 3590 1319 3607 om.
1333 3581 1365 3606 Υ.

569 3621 593 3651 κ)
621 3627 656 3644 ex
680 3619 732 3643 iam
761 3619 832 3644 dicta
855 3626 996 3644 causarum
1023 3618 1186 3643 diversitate.
1205 3631 1223 3637 —-
1240 3618 1310 3642 Haec
1333 3616 1453 3641 omittunt
1473 3615 1574 3640 codices

1620 415 1718 452 dicta
1737 426 1937 452 causarum
1959 413 2183 451 diversitate.
2209 419 2222 433 κ
2244 413 2420 459 Quorum
2438 413 2605 462 primum
2626 421 2681 451 est

1621 467 1725 517 quod
1754 479 1842 504 cum
1871 479 2006 503 causae
2036 466 2207 503 dicantur
2234 465 2500 517 multipliciter,
2535 466 2679 504 contin-

1620 521 1671 568 git
1697 519 1808 557 unius
1838 527 1874 557 et
1901 518 2073 556 eiusdem
2109 530 2190 555 esse
2219 519 2356 556 multas
2385 530 2516 556 causas
2543 531 2624 567 per‘
2639 531 2679 556 se

1621 581 1659 610 et
1685 585 1763 610 non
1789 584 1858 622 per
1886 571 2081 617 accidens;
2111 571 2206 608 sicut
2234 583 2347 608 causa
2375 578 2518 608 statuae
2537 579 2593 608 est
2620 578 2680 610 ars

1621 625 1806 664 statuifiea
1824 633 1866 662 ut
1894 624 2072 671 efficiens,
2103 631 2138 660 et
2165 636 2230 660 aes
2257 631 2299 660 ut
2325 623 2494 661 materia.
2523 624 2573 662 Et
2591 624 2680 662 inde

1622 687 1678 716 est
1705 678 1809 726 quod
1838 677 2040 727 aliquando
2068 677 2180 714 unius
2208 676 2262 713 rei
2290 676 2526 724 assignantur
2555 677 2681 726 plures

1622 731 1861 768 definitiones
1893 730 2103 768 secundum
2133 729 2300 767 diversas
2330 741 2483 775 causas3
2512 729 2580 766 sed
2598 741 2682 778 per-

1622 784 1718 820 fecta
1746 782 1915 820 definitio
1944 795 2079 820 omnes
2108 794 2240 819 causas
2269 781 2541 831 complectitur.

1676 836 1897 873 Secundum
1936 843 1991 872 est
2031 835 2136 884 quod
2173 836 2362 883 quaedam
2405 834 2475 871 sibi
2515 833 2682 872 invicem

1622 896 1709 926 sunt
1732 901 1867 926 causae
1896 888 2108 925 secundum
2129 887 2319 924 diversam
2339 886 2505 936 speciem
2526 899 2681 934 causae3

1623 941 1718 978 sicut
1744 941 1916 979 laborare
1945 948 2000 978 est
2034 953 2147 977 causa
2177 940 2344 977 efficiens
2374 941 2498 977 bonae
2534 940 2682 977 habitu-

1623 994 1730 1041 dinis,
1760 995 1862 1031 bona
1890 1001 2017 1030 autem
2045 992 2228 1030 habitudo
2258 1001 2313 1030 est
2341 1005 2454 1030 causa
2481 993 2603 1030 finalis
2631 994 2683 1030 la-

1623 1047 1736 1084 boris.
1768 1046 1870 1084 Nihil
1899 1046 2000 1084 enim
2028 1045 2204 1095 prohibet
2235 1045 2375 1094 aliquid
2404 1057 2486 1083 esse
2513 1045 2618 1094 prius
2648 1053 2684 1082 et

1622 1099 1809 1149 posterius
1824 1100 1939 1136 altero
1955 1099 2166 1136 secundum
2186 1097 2354 1135 diversas
2374 1097 2566 1135 rationes*
2572 1111 2580 1134 :
2596 1097 2683 1136 finis

1624 1152 1726 1202 enim
1747 1160 1801 1189 est
1827 1151 1931 1200 prius
1959 1150 2170 1188 secundum
2190 1150 2388 1196 rationem,
2409 1150 2476 1188 sed
2495 1150 2683 1199 posterius

1624 1205 1662 1242 in
1691 1217 1789 1250 esse3
1811 1215 1925 1252 agens
1944 1211 2072 1240 autem
2093 1216 2113 1240 e
2134 1215 2331 1240 converso.
2357 1203 2406 1239 Et
2424 1202 2592 1240 similiter
2611 1203 2684 1240 for-

1624 1270 1688 1294 ma
1717 1265 1772 1294 est
1794 1257 1898 1305 prior
1917 1268 2033 1304 quam
2054 1258 2074 1278 ³¹²
2094 1255 2251 1292 materia
2270 1255 2480 1292 secundum
2499 1255 2684 1294 rationem
2712 1262 2721 1271 ‘
2735 1267 2805 1290 own·

1625 1309 1911 1358 complementi;
1927 1308 2085 1345 materia
2100 1315 2228 1345 autem
2245 1315 2300 1344 est
2312 1307 2415 1357 prius
2430 1320 2546 1356 quam
2561 1308 2685 1346 forma

1624 1362 1865 1410 generatione
1886 1368 1921 1397 et
1945 1368 2118 1409 tempore
2145 1360 2184 1397 in
2209 1359 2315 1398 omni
2344 1373 2391 1397 eo
2419 1361 2524 1409 quod
2550 1373 2684 1399 move-

1625 1423 1683 1452 tur
1712 1415 1759 1451 de
1787 1413 1955 1463 potentia
1983 1413 2021 1450 in
2051 1420 2188 1450 actum.

1678 1467 1852 1504 Tertium
1873 1474 1928 1503 est
1945 1465 2051 1513 quod
2079 1465 2181 1509 idem
2200 1473 2257 1502 est
2276 1477 2390 1502 causa
2410 1465 2685 1505 contrariorum

1625 1519 1855 1568 quandoque
1874 1517 1906 1564 λ;
1936 1518 2031 1556 sicut
2057 1530 2126 1567 per
2153 1530 2262 1556 suam
2280 1517 2534 1566 praesentiam
2552 1518 2686 1566 guber-

1625 1580 1734 1610 nator
1760 1579 1815 1609 est
1843 1583 1956 1608 causa
1983 1571 2110 1608 salutis
2138 1571 2256 1617 navis,
2285 1582 2354 1619 per
2381 1571 2592 1618 absentiam
2621 1583 2685 1608 au-

1625 1633 1702 1662 tern
1731 1637 1840 1662 suam
1869 1636 1983 1662 causa
2011 1632 2068 1661 est
2093 1623 2365 1661 submersionis
2394 1623 2484 1661 eius.

1681 1679 1714 1715 8.
1744 1677 1893 1715 Deinde
1913 1689 2000 1714 cum
2021 1676 2125 1714 dicit:
2152 1676 2288 1714 Omnes
2306 1682 2431 1713 autem
2450 1688 2550 1714 nunc
2567 1676 2688 1713 dictae

1626 1743 1763 1768 causae
1787 1738 1868 1778 etc.,
1898 1729 2042 1767 reducit
2070 1742 2205 1766 omnes
2234 1741 2366 1766 causas
2394 1729 2566 1778 superius
2593 1741 2686 1766 enu-

1626 1791 1789 1821 meratas
1805 1783 1878 1820 *in
1898 1790 2061 1831 quatuor
2079 1782 2243 1831 species:
2265 1790 2302 1819 et
2321 1781 2410 1819 dicit
2427 1781 2532 1830 quod
2551 1793 2687 1819 omnes

1627 1849 1762 1874 causae
1782 1848 1880 1885 quae
1901 1843 2144 1873 enumeratae
2158 1836 2178 1856 '¹‘
2197 1842 2283 1872 sunt
2303 1834 2485 1883 superius,
2502 1834 2687 1873 reducun-

1626 1897 1686 1927 tur
1713 1889 1761 1926 ad
1789 1897 1951 1938 quatuor
1978 1889 2128 1934 modos,
2149 1887 2213 1937 qui
2241 1895 2327 1925 sunt
2354 1887 2552 1925 manifesti.
2583 1887 2686 1924 Nam

1626 1943 1826 1989 elementa,
1855 1941 1951 1979 idest
1978 1941 2130 1987 litterae,
2160 1947 2247 1978 sunt
2275 1953 2410 1977 causae
2439 1941 2686 1989 syllabarum;

1627 2003 1664 2032 et
1682 1994 1850 2032 similiter
1867 2002 1965 2031 terra
1983 2000 2002 2021 Ι*
2021 2001 2077 2031 est
2095 2005 2209 2030 causa
2226 2005 2409 2031 vasorum
2434 2001 2470 2030 et
2490 2000 2686 2041 argentum

1626 2048 1795 2097 phialae;
1825 2055 1861 2085 et
1887 2047 1980 2095 ignis
2010 2054 2046 2083 et
2065 2046 2211 2093 similia,
2240 2058 2402 2095 corpora
2430 2046 2569 2083 scilicet
2595 2045 2688 2083 sim·-

1626 2101 1747 2150 plicia,
1764 2108 1849 2137 sunt
1868 2112 2003 2137 causae
2019 2111 2240 2148 corporum;
2262 2107 2299 2136 et
2317 2099 2485 2136 similiter
2498 2099 2687 2147 quaelibet

1627 2162 1752 2203 partes
1785 2161 1871 2190 sunt
1906 2165 2018 2194 causa
2050 2152 2182 2198 totius;
2217 2159 2254 2188 et
2279 2152 2560 2200 suppositiones,
2593 2151 2690 2189 idest

1627 2206 1907 2256 propositiones
1921 2205 2138 2254 syllogismi,
2155 2213 2241 2242 sunt
2255 2216 2368 2242 causa
2387 2204 2687 2242 conclusionum:

1629 2267 1665 2297 et
1684 2259 1814 2296 omnia
1829 2259 1898 2296 ista
1911 2259 2053 2295 habent
2071 2270 2188 2294 unam
2204 2257 2390 2295 rationem
2407 2269 2556 2304 causae,
2575 2264 2689 2306 prout

1629 2313 1762 2350 dicitur
1786 2324 1899 2349 causa
1917 2311 1955 2348 id
1980 2323 2025 2348 ex
2049 2323 2126 2359 quo
2151 2311 2194 2348 fit
2221 2310 2382 2359 aliquid:
2402 2311 2477 2347 hoc
2502 2310 2604 2347 enim
2633 2317 2690 2348 est

1629 2377 1836 2403 commune
1856 2367 1875 2384 ὓ
1900 2364 1938 2400 in
1964 2363 2142 2406 omnibus
2160 2363 2388 2412 praemissis.
2414 2363 2600 2400 Omnium
2619 2375 2685 2400 au-

1628 2426 1707 2455 tem
1734 2429 1835 2454 nunc
1859 2424 2180 2462 enumeratorum,
2196 2416 2387 2464 quaedam
2411 2428 2452 2452 se
2478 2416 2621 2452 habent
2646 2422 2688 2452 ut

1628 2470 1786 2508 materia
1813 2477 1850 2506 et
1876 2469 2067 2517 quaedam
2090 2476 2132 2505 ut
2151 2469 2285 2515 forma,
2307 2480 2404 2517 quae
2424 2476 2553 2505 causat
2579 2467 2688 2517 quid-

1629 2524 1782 2561 ditatem
1802 2522 1875 2559 rei:
1897 2522 1991 2559 sicut
2009 2534 2143 2558 omnes
2157 2522 2178 2543 ’¹‘
2190 2529 2315 2570 partes
2330 2533 2370 2558 se
2388 2521 2530 2558 habent
2546 2528 2588 2558 ut
2606 2533 2687 2558 ma·

1627 2577 1730 2623 teria,
1750 2583 1791 2612 ut
1810 2576 1996 2612 elementa
2015 2575 2245 2622 syllabarum
2266 2582 2302 2611 et
2320 2581 2481 2623 quatuor
2501 2575 2688 2612 elementa

1629 2640 1832 2677 corporum
1848 2628 2068 2674 mistorum3
2090 2627 2156 2664 sed
2173 2639 2216 2664 ea
2231 2639 2328 2676 quae
2343 2627 2550 2675 important
2563 2634 2686 2664 totum

1626 2683 1688 2719 vel
1717 2681 2034 2730 compositionem
2061 2681 2124 2717 vel
2151 2680 2434 2728 quamcumque
2464 2681 2483 2701 '³‘
2502 2680 2686 2729 speciem,

1627 2748 1667 2772 se
1687 2735 1828 2771 habent
1855 2734 1893 2771 in
1922 2733 2064 2770 ratione
2084 2733 2246 2778 formae;
2275 2741 2317 2770 ut
2335 2732 2480 2781 species
2508 2733 2688 2770 referatur

1627 2788 1675 2825 ad
1704 2788 1845 2824 formas
1874 2786 2118 2835 simplicium,
2153 2793 2274 2823 totum
2303 2793 2431 2823 autern
2465 2781 2502 2823 et
2529 2798 2687 2835 compo—

1627 2841 1709 2878 sitio
1739 2841 1788 2877 ad
1814 2840 1956 2877 formas
1985 2839 2298 2888 compositorum.

1681 2906 1715 2941 9.
1736 2893 1920 2930 Videntur
1947 2900 2074 2929 autern
2093 2892 2155 2928 hic
2174 2904 2255 2929 esse
2275 2891 2353 2929 duo
2373 2890 2498 2928 dubia.
2520 2890 2649 2928 Primo
2665 2891 2686 2912 ²⁸

1627 2946 1781 2995 quidem
1820 2945 1866 2982 de
1903 2946 1978 2982 hoc
2015 2945 2119 2993 quod
2157 2944 2263 2991 dicit,
2299 2944 2403 2993 quod
2439 2950 2564 2992 partes
2600 2950 2688 2980 sunt

1628 3011 1763 3036 causae
1787 2998 1998 3035 materiales
2014 2998 2126 3034 totius
2142 2998 2174 3043 *,
2191 3010 2279 3034 curn
2295 3009 2409 3046 supra
2423 2997 2465 3017 ⁶⁹*
2477 3004 2603 3045 partes
2622 2996 2686 3034 de·
2712 3009 2724 3021 ·

1626 3051 1805 3088 finitionis
1825 3050 2013 3088 reduxerit
2031 3050 2080 3087 ad
2100 3062 2254 3087 causam
2274 3050 2485 3087 formalem.
2501 3049 2550 3086 Et
2563 3056 2688 3098 potest

1628 3105 1699 3142 dici
1734 3104 1838 3153 quod
1871 3115 1985 3152 supra
2019 3103 2165 3140 locutus
2195 3111 2249 3140 est
2268 3103 2315 3140 de
2338 3102 2507 3151 partibus
2535 3102 2685 3151 speciei,

1625 3267 1650 3287 et
1668 3262 1709 3286 ab
1736 3260 1844 3295 (confer
1864 3269 1935 3286 num.
1958 3260 2003 3294 2).
2022 3273 2040 3278 -
2059 3260 2109 3284 Pro
2123 3259 2256 3292 primum,
2281 3260 2352 3292 quod
2376 3260 2470 3284 omittit
2487 3260 2528 3285 ed.
2546 3267 2581 3290 a,
2605 3267 2686 3286 unum

1678 3331 1705 3364 λ)
1726 3331 1979 3364 quandoque.-Pro
1998 3330 2046 3356 hoc
2066 3330 2154 3360 verbo,
2169 3331 2239 3364 quod
2258 3338 2311 3356 om.
2326 3330 2380 3361 EG,
2398 3330 2461 3363 quia
2480 3330 2509 3361 F,
2525 3329 2684 3362 coniungens

1626 3367 1687 3392 illud
1711 3375 1770 3392 cum
1794 3367 1862 3392 sicut
1881 3372 1906 3392 et
1925 3371 2115 3399 consequenter
2133 3367 2176 3391 lin.
2197 3374 2253 3399 seq.
2278 3371 2336 3391 ante
2352 3373 2403 3398 per
2429 3365 2501 3398 ponit
2519 3365 2572 3395 ita5
2591 3365 2686 3390 ibidem

1626 3406 1713 3428 autem
1738 3411 1790 3427 om.
1811 3402 1960 3427 EFGRZ.-
1977 3402 2027 3426 Pro
2045 3402 2240 3431 submersionis,
2261 3401 2404 3426 eversionis
2427 3401 2488 3432 HN,
2508 3399 2684 3426 subversionis

1627 3438 1685 3463 edd.
1698 3438 1739 3462 ab
1759 3443 1783 3462 et
1802 3443 1850 3462 cet.
1865 3438 1939 3462 codd.
1960 3445 2012 3462 exc.
2027 3437 2180 3468 ACDHLY;
2200 3437 2255 3462 eius
2274 3445 2327 3461 om.
2342 3437 2373 3461 N.

1680 3474 1708 3507 μ.)
1728 3477 1753 3498 et
1771 3473 1893 3498 similiter
1912 3475 2058 3497 terrm-et
2076 3471 2199 3497 similiter
2218 3471 2331 3497 materia
2350 3471 2391 3496 ed.
2405 3478 2422 3496 a
2441 3476 2466 3496 et
2484 3469 2683 3496 eodm-statim

1628 3517 1674 3541 pro
1693 3512 1718 3533 et
1737 3512 1887 3541 argentum,
1902 3511 1950 3533 aut
1967 3510 2108 3540 argentum
2129 3507 2158 3537 L,
2178 3510 2207 3532 ut
2221 3510 2361 3540 argentum
2381 3506 2439 3532 edd.
2453 3513 2470 3531 a
2481 3506 2495 3531 b
2509 3511 2535 3531 et
2547 3510 2595 3530 cet.
2609 3503 2684 3529 codd.

1628 3552 1681 3568 cxc.
1700 3544 1804 3569 DEGH.
1814 3558 1830 3562 -
1841 3544 1896 3568 Lin.
1912 3551 1968 3575 seq.
1984 3551 2030 3575 pro
2047 3549 2162 3574 corpora
2180 3542 2279 3567 scilicet
2296 3541 2434 3574 simplicia,
2448 3544 2474 3566 et
2486 3539 2615 3572 simplicia
2633 3539 2683 3564 ele-

1628 3582 1715 3604 menta
1736 3579 1792 3609 RZ;
1811 3585 1925 3610 corpora
1949 3586 2002 3603 om.
2023 3578 2060 3608 H,
2078 3577 2176 3602 scilicet
2193 3585 2246 3602 om.
2262 3577 2296 3607 F;
2316 3581 2363 3602 cet.
2382 3583 2436 3601 exc.
2450 3575 2544 3600 BMNY
2563 3575 2683 3599 omittunt

1627 3620 1719 3639 totum.
1731 3628 1749 3633 -
1769 3615 1819 3639 Pro
1837 3621 1993 3646 corporum,
2008 3619 2149 3644 corporum
2174 3611 2378 3644 compositorum
2397 3611 2426 3636 F.

2710 1104 2721 1115 ⁸
2742 1103 2866 1126 secundum
2886 1103 2923 1125 di-

2710 1135 2780 1152 versa
2794 1135 2831 1152 m.

2812 1267 2860 1284 om.
2870 1267 2909 1288 να,

2711 1293 2781 1316 quam
2806 1287 2910 1310 materia

2711 1320 2760 1337 om.
2775 1314 2796 1336 b.

2713 1791 2723 1803 '
2731 1789 2924 1838 ebnunnalasedd.

2713 1822 2866 1892 {eff-metam
2871 1842 2925 1865 edd.

2715 2374 2860 2422 ’aiom
2877 2378 2926 2396 om.

2714 2406 2728 2422 ι’
2760 2415 2767 2421 .

2713 2532 2725 2543 ·
2738 2537 2869 2555 commu
2879 2537 2927 2554 Διο

2714 2563 2785 2585 ‹rt-vx.

2713 2689 2929 2765 ‘appellerent-{aeab-

2713 2900 2888 2924 ’Μυκη

2713 3009 2855 3058 pag-rinnai&
2871 3008 2924 3031 add.

2713 3062 2858 3088 ”Num-4.
