2898 3996
426 283 499 329 390

1033 279 1378 317 PHYSICORUM
1405 279 1752 316 ARISTOTELIS
1781 280 1876 316 LIB.
1903 279 1989 317 VIII

1179 521 1480 577 LECTIO
1518 521 1856 578 OCTAVA

916 679 1195 712 OSTENDITUR
1217 683 1246 711 A
1269 680 1362 717 QUO
1385 660 1660 712 MOVEANTUR
1683 681 1845 713 GRAVIA
1867 682 1925 712 ET
1948 682 2097 720 LEVIA,

718 738 775 768 ET
800 736 1113 768 CONCLUDITUR
1136 737 1259 775 QUOD
1283 737 1423 768 OMNIA
1447 737 1566 775 QUAE
1588 737 1834 770 MOVENTUR
1856 738 1911 770 AB
1934 739 2037 770 ALIO
2060 738 2306 770 MOVENTUR

416 876 527 909 Ἀλλά
549 875 723 919 συμβαίνει
747 877 805 907 καὶ
831 875 948 907 ταῦτα
972 873 1037 907 ὑπό
1055 886 1145 912 τινος
1165 875 1216 907 ἀεὶ
1237 874 1412 906 κινεῖσθαι·
1430 874 1486 920 γε’-

491 931 582 952 νοιτο
608 916 636 952 δ’
668 919 705 952 ἂν
732 919 870 963 φανερὸν
896 914 1062 963 διαιροῦσι
1087 918 1150 956 τοὶς
1177 919 1304 956 αἰτίας.
1327 917 1427 951 Ἔστι
1447 913 1485 950 δὲ

490 966 547 996 καὶ
574 965 628 997 ἐπὶ
654 964 720 996 τῶν
745 963 925 995 κινούντων
949 963 1067 1003 λαβεῖν
1092 963 1140 995 τά
1163 961 1337 1007 εἰρημένα·
1360 962 1408 995 τοὶ
1423 962 1482 1005 μὲν

490 1008 554 1055 γάρ
581 1007 675 1051 παραὶ
698 1006 800 1052 φύσιν
818 1007 931 1039 αὐτῶν
960 1006 1119 1044 κινητικά
1144 1007 1256 1047 ἐστιν,
1283 1007 1351 1038 οἷον
1378 1008 1394 1039 ὁ
1426 1017 1486 1051 μο-

489 1053 568 1098 χλός
595 1053 632 1084 οὐ
658 1051 750 1096 φύσει
783 1052 845 1083 τοῦ
876 1050 995 1095 βάρους
1026 1050 1213 1089 κινητικός·
1240 1051 1287 1083 τοὶ
1311 1047 1349 1082 δὲ
1373 1050 1481 1094 φύσει,

493 1097 561 1128 οἷον
587 1096 628 1128 τὸ
653 1098 800 1141 ἐνεργείᾳ
825 1094 945 1139 θερμὸν
965 1095 1135 1132 κινητικὸν
1162 1095 1224 1128 τοῦ
1249 1090 1390 1138 δυνάμει
1414 1094 1485 1137 θερ-

489 1141 565 1182 μοῦ.
595 1141 731 1184 Ὁμοίως
757 1135 794 1171 δὲ
818 1141 876 1171 καὶ
901 1140 956 1171 ἐπὶ
981 1140 1047 1172 τῶν
1075 1139 1184 1171 ἄλλων
1210 1139 1276 1172 τῶν
1302 1138 1480 1172 τοιούτων.

488 1185 553 1215 Καὶ
577 1183 712 1221 κινητὸν
738 1178 768 1214 δ’
796 1182 959 1221 ὡσαύτως
984 1183 1079 1226 φύσει
1105 1184 1147 1216 τᾶ
1171 1178 1311 1227 δυνάμει
1336 1183 1432 1215 ποιὸν
1462 1181 1482 1218 ἦ

489 1227 592 1260 ποσὸν
618 1227 639 1264 ἦ
665 1227 744 1268 ποῦ,
765 1226 849 1260 ὅταν
876 1227 937 1273 ἔχῃ
963 1227 1027 1264 τήν
1050 1225 1157 1273 ἀρχήν
1179 1226 1242 1263 τήν
1263 1226 1430 1264 τοιαύτην
1450 1227 1482 1258 ἐν

490 1272 583 1312 αύτῷ
608 1274 665 1304 καί
690 1271 735 1315 μή
761 1271 857 1304 κατά
879 1271 1101 1314 συμβεβηκός·
1121 1274 1170 1308 ε’ίη
1217 1271 1255 1315 dp
1275 1270 1314 1303 ἂν
1333 1271 1374 1303 τὰ
1396 1270 1483 1303 αὐτὸ

487 1317 545 1347 καὶ
571 1316 666 1348 ποιὸν
690 1317 748 1348 καὶ
774 1314 892 1356 ποσόν,
921 1313 1012 1348 ἀλλοί
1036 1314 1166 1360 θατέρῳ
1214 1315 1332 1359 άτερον
1362 1313 1482 1358 συμβέ-

489 1360 568 1400 βηκε
594 1361 652 1392 καὶ
679 1357 717 1391 ού
741 1359 817 1391 καθ’
846 1359 935 1392 αὐτὸ
960 1359 1118 1405 ὑπάρχει.
1150 1360 1196 1391 Τό
1221 1356 1264 1396 δή
1290 1360 1354 1413 πῦρ
1378 1361 1435 1391 καὶ
1461 1359 1482 1395 ή

487 1405 531 1449 γῆ
556 1405 728 1436 κινοῦνται
754 1403 820 1436 ύπό
846 1415 934 1441 τινος
961 1404 1018 1444 βίᾳ
1044 1404 1116 1448 μέν,
1145 1403 1228 1436 ὅταν
1255 1415 1350 1446 παρα
1373 1402 1481 1447 φύσιν,

488 1448 582 1490 φύσει
615 1444 674 1490 δέ,
710 1447 792 1481 ὅταν
825 1448 869 1485 εἱς
899 1447 963 1485 τοίς
997 1449 1110 1480 αὐτῶν
1145 1449 1309 1494 ἐνεργείας
1342 1443 1482 1488 δυνάμει

490 1492 585 1524 ὄντα.
708 1487 715 1495 “

417 1537 512 1569 Ἐπεὶ
537 1531 574 1567 δὲ
599 1537 639 1569 τὸ
664 1532 803 1579 δυνάμει
835 1536 1031 1580 πλεοναχῶς
1054 1534 1216 1581 λέγεται,
1243 1535 1340 1568 τοῦτ’
1372 1537 1482 1567 αἴτιον

488 1581 550 1612 τοῦ
576 1580 621 1624 μή
648 1580 787 1624 φανερὸν
820 1577 904 1611 εἶναι
931 1581 996 1611 ὑπο
1022 1583 1110 1617 τίνος
1137 1580 1184 1612 τά
1209 1580 1359 1612 τοιαῦτα
1386 1582 1483 1610 κινεῖ-

489 1636 561 1663 ται,
590 1625 656 1655 οἷον
682 1624 722 1656 τὸ
749 1624 812 1667 πῦρ
839 1623 905 1656 ἄνω
930 1625 988 1655 καὶ
1015 1625 1035 1660 ἡ
1060 1624 1105 1669 γῆ
1129 1623 1240 1656 κάτω.

413 1669 511 1701 Ἔστι
543 1664 580 1700 δὲ
603 1663 742 1712 δυνάμει
776 1668 883 1705 ἄλλως
911 1669 926 1699 ὁ
951 1667 1128 1710 μανθάνων
1155 1666 1352 1710 ἐπιστήμων
1381 1668 1440 1698 καὶ
1466 1667 1482 1698 ὁ

487 1713 571 1758 ἔχων
597 1707 661 1749 ἤδη
687 1713 745 1744 καὶ
767 1711 813 1755 μή
831 1711 972 1755 θεωρῶν·
995 1713 1045 1744 ἀεὶ
1066 1707 1111 1752 δ’,
1135 1711 1218 1745 ὅταν
1239 1710 1310 1755 ἅμα
1329 1711 1369 1743 τὸ
1388 1722 1483 1748 ποιη-

487 1757 580 1790 τικόν
606 1758 664 1788 καὶ
690 1757 730 1789 τὶ
748 1755 937 1793 παθητικὸν
957 1754 1029 1797 ὦσι,
1047 1759 1181 1802 γίνεται
1205 1756 1311 1787 ἐνίοτε
1334 1756 1482 1799 ἐνεργείᾳ

487 1800 528 1832 τὰ
553 1796 713 1842 δυνατόν,
735 1800 801 1832 οἷον
827 1800 868 1832 τὸ
893 1800 1062 1844 μανθάνον
1081 1801 1118 1831 ἐκ
1135 1795 1275 1843 δυνάμει
1295 1799 1390 1836 ὄντος
1410 1800 1483 1831 ’ἐτε-

487 1857 540 1888 ρον
572 1847 705 1890 γίνεται
737 1839 888 1887 δυνάμει.
924 1845 965 1875 ”Ο’
993 1843 1056 1890 γάρ
1089 1843 1173 1888 ἔχων
1209 1841 1399 1886 ἐπιστήμην
1436 1842 1482 1886 μή

487 1888 613 1933 θεωρῶν
638 1884 675 1920 δὲ
699 1884 838 1930 δυνάμει
863 1889 954 1920 ἐστὶν
981 1884 1178 1932 ἐπιστήμων
1204 1899 1286 1928 πως,
1315 1887 1387 1918 ἀλλ’
1417 1887 1482 1931 οὐχ

487 1934 527 1970 ὠς
552 1934 611 1965 καὶ
637 1934 710 1977 πρὶν
736 1930 865 1976 μαθεῖνί
886 1930 992 1965 Ὅταν
1017 1932 1045 1963 δ’
1067 1931 1174 1969 οὕτως
1200 1931 1276 1976 ἔχῃ,
1295 1928 1352 1963 ἐάν
1378 1930 1425 1974 μή
1448 1941 1482 1962 τι

486 1978 612 2019 κωλύῃ,
633 1975 760 2022 ἐνεργεῖ
781 1977 838 2007 καὶ
863 1975 989 2018 θεωρεῖ,
1009 1975 1030 2012 ἦ
1050 1975 1149 2008 ἔσται
1176 1976 1208 2007 ἐν
1233 1977 1278 2016 τῇ
1306 1973 1482 2018 ἀντιφάσει

487 2023 544 2052 καὶ
573 2021 705 2066 ἀγνοίᾳ.

417 2066 555 2108 Ὁμοίως
586 2061 623 2096 δὲ
654 2062 756 2096 ταῦτ’
785 2064 854 2107 ἔχει
886 2066 943 2095 καὶ
975 2064 1029 2095 ἐπὶ
1059 2064 1126 2095 τῶν
1157 2063 1312 2107 φυσικῶν·
1343 2062 1385 2094 τὸ
1418 2062 1481 2108 γάρ

487 2108 608 2153 ψυχρᾶν
633 2104 773 2151 δυνάμει
793 2107 924 2151 θερμόν·
946 2106 1029 2140 ὅταν
1048 2102 1085 2139 δὲ
1102 2106 1299 2150 μεταβάλῃ,
1320 2102 1384 2143 ἤδη
1404 2107 1481 2151 πῦρ,

486 2156 576 2184 καίει
599 2147 650 2193 δέ,
680 2150 718 2184 ἄν
743 2150 790 2194 μή
817 2163 849 2183 τι
873 2151 987 2194 κωλύῃ
1012 2153 1070 2183 καὶ
1096 2146 1274 2196 ἐμποδίζῃ.

419 2236 557 2279 Ὁμοίως
582 2229 609 2264 δ·
640 2233 709 2278 ἔχει
732 2235 790 2265 καὶ
816 2235 889 2277 περὶ
915 2233 955 2264 τὸ
981 2233 1066 2278 βαρῦ
1099 2234 1157 2264 καὶ
1188 2233 1324 2276 κοῦφον·
1350 2233 1391 2264 vd
1416 2233 1480 2278 γάρ

487 2280 608 2321 κοῦφον
633 2282 766 2323 γίνεται
788 2278 823 2309 ἐκ
841 2276 974 2321 βαρέος,
994 2278 1062 2309 οἷον
1081 2275 1114 2317 ἐξ
1133 2272 1259 2314 ὕδατος
1279 2276 1355 2320 ἀήρ·
1375 2279 1481 2310 τοῦτο

486 2323 551 2368 γάρ
576 2317 715 2366 δυνάμει
741 2322 887 2364 πρῶτον,
905 2324 962 2353 καὶ
989 2317 1053 2358 ’ἤδη
1078 2322 1214 2365 κοῦφον,
1233 2322 1291 2352 καὶ
1311 2320 1481 2367 ἐνεργήσει

485 2367 515 2412 γ’
546 2365 660 2406 εὐθύς,
688 2365 745 2398 ἐάν
771 2365 819 2408 μή
845 2377 878 2398 τι
902 2364 1029 2408 κωλύῃ.
1059 2363 1232 2411 Ἐνέργεια
1256 2360 1294 2396 δὲ
1319 2365 1381 2396 τοῦ
1405 2364 1484 2397 κού-

486 2422 545 2448 φου
570 2411 610 2443 τὸ
636 2411 700 2442 ποῦ
726 2407 810 2441 εἶναι
834 2410 892 2440 καὶ
919 2410 998 2442 ἄνω·
1021 2409 1192 2441 κωλύεται
1209 2404 1255 2450 δ’,
1276 2407 1360 2441 ὅταν
1379 2409 1412 2441 ἐν
1431 2410 1479 2451 τῷ

487 2455 625 2495 ἐναντίῳ
650 2453 743 2494 τόπῳ
770 2451 804 2496 ᾗ.
831 2455 895 2484 Καὶ
922 2452 1011 2485 τοῦθ’
1035 2455 1154 2498 ὁμοίως
1177 2452 1245 2497 ἔχει
1266 2455 1325 2485 καὶ
1342 2453 1396 2486 ἐπὶ
1415 2455 1478 2486 τοῦ

486 2500 593 2531 ποσοῦ
617 2500 674 2530 καὶ
701 2496 754 2530 ἐπὶ
779 2499 841 2530 τοῦ
867 2499 978 2530 ποιοῦ.

420 2546 541 2576 Καίτοι
568 2543 673 2575 τοῦτο
704 2543 884 2584 ζητεῖται,
911 2538 970 2574 διά
994 2544 1027 2573 τί
1053 2553 1138 2574 ποτε
1170 2545 1315 2573 κινεῖται
1348 2542 1391 2579 εἰς
1418 2542 1478 2574 τόν

487 2588 598 2620 αὐτῶν
625 2586 731 2619 τόπον
758 2587 805 2618 τά
821 2587 930 2629 κοῦφα
947 2587 1004 2617 καὶ
1023 2586 1069 2618 τά
1087 2585 1206 2630 βαρέα.
1234 2588 1345 2618 Αἴτιον
1372 2580 1400 2618 δ’
1423 2585 1478 2619 ὅτι

485 2630 611 2674 πέφυκέ
645 2642 721 2671 ποι,
753 2632 810 2662 καὶ
844 2631 939 2663 τοῦτ’
970 2630 1042 2662 ἐστι
1076 2630 1116 2662 τὸ
1152 2629 1261 2673 κούφω
1292 2631 1351 2661 καὶ
1383 2630 1480 2672 βαρεῖ

485 2672 582 2714 εἶναι,
602 2675 641 2707 τὸ
667 2675 724 2718 μέν
752 2676 799 2716 τῷ
827 2674 905 2715 ἄνω,
926 2675 966 2706 vd
991 2671 1028 2706 δὲ
1054 2675 1102 2716 τῷ
1125 2673 1221 2706 κάτω
1269 2673 1473 2717 ιωρισμένον.

419 2719 560 2764 Δυνάμει
585 2715 614 2750 δ’
645 2719 720 2750 ἐστὶ
743 2721 864 2763 κοῦφον
889 2721 947 2751 καὶ
973 2718 1058 2763 βαρύ
1085 2720 1278 2763 πολλαχῶς,
1305 2717 1414 2763 ὥσπερ
1434 2721 1477 2751 εἴ-

483 2775 598 2806 ρηταν
625 2762 708 2796 ὅταν
735 2775 772 2794 τε
796 2763 860 2809 γάρ
887 2762 906 2806 ᾗ
934 2759 1040 2807 ὕῧωρ,
1074 2758 1213 2806 ’δυνάμει
1238 2762 1276 2808 γέ
1302 2774 1371 2800 πως
1404 2763 1477 2796 ἐστὶ

482 2809 618 2851 κοῦφον·
644 2810 700 2839 καὶ
727 2807 811 2840 ὅταν
835 2805 913 2852 ἀήρ,
933 2807 1024 2839 ’ἐστιν
1052 2807 1102 2839 ἔτι
1126 2803 1279 2850 δυνάμει·
1299 2802 1477 2852 ἐνδέχεται

483 2853 547 2898 γάρ
573 2847 833 2896 ἐμποδιζόμενον
860 2852 906 2894 μή
934 2851 999 2884 ἄνω
1018 2848 1116 2892 εἶναι,
1138 2851 1212 2884 ἀλλ’
1234 2852 1291 2884 ἐάν
1312 2851 1475 2896 ἀφαιρεθῇ

484 2896 525 2930 τό
551 2891 752 2940 ἐμποδίζον,
788 2897 912 2942 ἐνεργεῖ
941 2897 998 2927 καὶ
1033 2896 1084 2928 ἀεὶ
1118 2893 1273 2939 ἀνωτέρω
1306 2898 1473 2942 γίγνεται·

480 2942 618 2984 Ὁμοίως
643 2935 680 2971 δὲ
703 2942 760 2972 καὶ
786 2940 826 2972 τό
853 2940 947 2972 ποιόν
975 2940 1019 2977 εἰς
1044 2939 1085 2972 τὸ
1104 2941 1251 2986 ἐνεργείᾳ
1269 2937 1354 2972 εἶναι
1371 2952 1476 2985 μετα-

486 2984 617 3024 βάλλει·
643 2982 738 3021 εύθύς
762 2984 826 3029 γάρ
851 2983 964 3027 θεωρεῖ
987 2984 1027 3016 τό
1054 2985 1262 3027 ἐπιστῆμον,
1291 2984 1348 3016 ἐοὶν
1373 2984 1421 3029 μή
1442 2996 1476 3017 τι

484 3027 610 3070 κωλύῃ·
635 3029 692 3059 καὶ
720 3028 759 3059 τε)
785 3028 888 3059 ποσὸν
914 3029 1118 3067 ἐκτείνεται,
1139 3027 1196 3060 ἑοὶν
1219 3028 1269 3083 μή
1290 3040 1323 3061 τι
1347 3028 1473 3071 κωλύῃ.

482 3074 519 3103 'O
543 3068 580 3103 δὲ
605 3072 645 3104 τό
671 3071 893 3114 ὑφιστάμενον
918 3073 976 3103 καὶ
1000 3073 1126 3104 κωλῦον
1151 3084 1290 3110 κινησας
1315 3073 1387 3106 ἔστι
1416 3073 1476 3115 μὲν

485 3118 527 3154 ὠς
550 3119 650 3156 κινεῖ,
678 3116 750 3147 ἔστι
774 3111 802 3147 δ’
831 3117 871 3153 ώς
897 3115 949 3156 οὔ,
977 3116 1043 3147 οἷον
1072 3117 1087 3148 ὁ
1115 3116 1174 3147 τὸν
1198 3119 1294 3148 κίονα
1321 3116 1477 3149 ὑποσπά-

485 3172 546 3197 σας
571 3159 591 3196 ἦ
619 3161 634 3192 ὁ
660 3159 718 3192 τὸν
749 3159 840 3191 λίθον
873 3159 999 3202 ἀφελών
1032 3159 1100 3191 ἀπὸ
1133 3160 1194 3191 τοῦ
1227 3161 1331 3193 ἀσκοῦ
1362 3161 1395 3193 ἐν
1429 3162 1476 3202 τῷ

485 3199 604 3237 ὕδατι·
630 3204 726 3236 κατά
756 3204 965 3248 συμβεβηκὸς
997 3203 1061 3249 γάρ
1092 3207 1194 3245 κινεῖ,
1228 3203 1337 3248 ὥσπερ
1370 3206 1428 3236 καὶ
1455 3206 1474 3241 ἡ

487 3246 738 3280 ἀνακλασθεῖσα
763 3252 887 3301 σφαῖρα
913 3248 977 3293 οὐχ
1003 3247 1069 3279 ὑπὸ
1095 3248 1156 3279 τοῦ
1183 3250 1300 3292 τοίχου
1326 3247 1475 3289 ἐκινήθη,

487 3293 559 3325 ἀλλ’
581 3292 646 3324 ύπό
665 3293 726 3324 τοῦ
751 3293 950 3333 βαλλοντος.
978 3290 1055 3324 ’Ότι
1076 3290 1133 3335 μὲν
1157 3294 1265 3323 τοίνυν
1286 3288 1380 3324 οὐδὲν
1400 3293 1479 3324 τού-

486 3348 552 3367 των
579 3337 667 3368 αὐτὸ
690 3341 773 3367 κινεῖ
798 3336 923 3377 ἑαυτό,
955 3331 1072 3372 δῆλον.
1103 3336 1211 3368 Ἀλλά
1233 3336 1391 3373 κινήσεως
1422 3337 1478 3381 ἀρ-

485 3381 548 3424 χήν
575 3380 660 3425 ἔχει,
690 3380 727 3412 οὐ
754 3382 816 3412 τοῦ
849 3384 949 3413 κινεῖν
975 3376 1054 3412 οὐδὲ
1079 3380 1142 3412 τοῦ
1167 3383 1272 3412 ποιεῖν
1300 3378 1390 3412 ἀλλά
1415 3381 1476 3413 τοῦ

485 3423 641 3468 πάσχειν.

419 3467 455 3498 Εἰ
480 3462 523 3502 δή
550 3467 668 3499 πάντα
700 3468 748 3500 τά
778 3467 959 3512 κινούμενα
983 3466 1004 3504 ἦ
1029 3478 1122 3510 φύσει
1153 3470 1296 3501 κινεῖται
1328 3466 1348 3503 ἦ
1382 3469 1476 3511 παραὶ

486 3510 578 3554 φύσιν
603 3513 660 3542 καὶ
686 3512 756 3551 βίᾳ,
775 3513 831 3543 καὶ
858 3510 905 3544 τά
929 3523 966 3544 τε
985 3511 1041 3552 βίᾳ
1058 3513 1116 3543 καὶ
1134 3511 1230 3554 παραὶ
1245 3510 1340 3554 φύσιν
1358 3510 1476 3544 πάντα

488 3554 552 3586 ύπό
577 3566 666 3592 τινος
696 3556 754 3586 καὶ
780 3555 834 3587 ὑπ’
865 3555 986 3595 ἄλλου,
1014 3557 1079 3588 τῶν
1104 3551 1142 3587 δὲ
1173 3554 1267 3600 φύσει
1297 3555 1398 3587 πάλιν
1431 3556 1479 3588 τοὶ

487 3596 512 3627 0·
544 3598 592 3639 ὑφ’
624 3599 734 3630 αὐτῶν
766 3598 944 3641 κινούμενα
971 3599 1037 3631 ύπό
1065 3610 1151 3637 τινος
1180 3603 1324 3631 κινεῖται
1349 3601 1404 3631 καὶ
1430 3598 1478 3632 τοὶ

1538 877 1555 896 *
1571 877 1632 909 Sed
1655 878 1767 909 accidit
1789 885 1820 910 et
1841 879 1917 910 haec
1932 881 1971 910 ab
1988 880 2094 921 aliquo
2118 889 2242 920 semper
2264 879 2403 911 moveri:
2427 879 2481 912 fiet
2495 886 2603 912 autem

1605 922 1716 963 utique
1743 922 1947 954 manifestum
1975 923 2185 954 dividentibus
2213 933 2332 956 causas.
2362 924 2419 955 Est
2441 930 2549 956 autem
2572 931 2603 956 et

1604 965 1637 996 in
1661 966 1862 998 moventibus
1885 967 2024 1008 accipere
2053 977 2134 1008 quae
2158 967 2239 998 dicta
2261 975 2344 999 sunt.
2371 968 2444 999 Alia
2471 968 2603 1010 quidem

1605 1009 1691 1040 enim
1715 1017 1798 1041 extra
1821 1017 1967 1042 naturam
1995 1010 2139 1051 ipsorum
2169 1011 2288 1041 motiva
2318 1018 2412 1051 sunt,
2444 1019 2481 1043 ut
2506 1011 2602 1045 vectis

1605 1063 1671 1084 non
1699 1061 1810 1085 natura
1837 1054 1938 1094 gravis
1966 1055 2104 1086 motivus
2135 1061 2200 1092 est;
2231 1054 2289 1085 alia
2317 1064 2392 1086 vero
2419 1062 2545 1094 natura,
2566 1061 2603 1088 ut

1605 1104 1676 1128 actu
1708 1098 1846 1129 calidum
1877 1098 2035 1130 motivum
2067 1105 2113 1129 est
2145 1098 2286 1138 potentia
2316 1098 2418 1130 calidi.
2454 1096 2602 1131 Similiter

1604 1148 1711 1172 autem
1734 1149 1764 1173 et
1786 1142 1819 1172 in
1842 1141 1910 1173 aliis
1933 1142 2118 1173 huiusmodi
2141 1148 2196 1173 est.
2223 1141 2264 1173 Et
2291 1142 2409 1174 mobile
2431 1149 2539 1174 autem
2552 1142 2603 1175 <si-

1603 1185 1719 1216 militer
1742 1192 1864 1224 natura,
1888 1186 1976 1226 quod
1999 1185 2141 1226 potentia
2168 1185 2260 1226 quale
2283 1192 2339 1217 aut
2361 1193 2518 1227 quantum
2546 1193 2603 1218 aut

1604 1229 1659 1260 ubi
1682 1236 1746 1268 est,
1771 1239 1845 1260 cum
1867 1228 1980 1260 habeat
2003 1228 2195 1270 principium
2217 1229 2402 1261 huiusmodi
2429 1230 2462 1262 in
2483 1230 2600 1272 seipso,

1605 1280 1635 1304 et
1658 1282 1723 1303 non
1743 1273 1919 1304 secundum
1935 1273 2087 1304 accidens.
2112 1273 2180 1304 Erit
2197 1273 2283 1304 enim
2297 1273 2383 1304 idem
2398 1281 2430 1306 et
2443 1281 2601 1316 quantum

1605 1323 1635 1347 et
1658 1316 1768 1357 quale:
1793 1317 1847 1348 sed
1871 1317 1957 1347 alteri
1981 1317 2114 1348 alterum
2137 1315 2259 1356 accidit,
2283 1324 2314 1349 et
2336 1327 2403 1348 non
2425 1318 2602 1350 secundum

1603 1370 1636 1391 se
1660 1360 1770 1392 existit.
1795 1359 1878 1401 Ignis
1897 1361 2004 1402 itaque
2027 1368 2059 1393 et
2077 1367 2157 1392 terra
2171 1367 2342 1392 moventur
2363 1363 2402 1393 ab
2426 1361 2509 1402 ali03
2531 1362 2606 1394 vio:

1604 1403 1699 1435 lentia
1721 1404 1853 1445 quidem
1871 1414 1945 1435 cum
1968 1412 2052 1436 extra
2075 1412 2239 1444 naturam,
2263 1411 2375 1436 natura
2397 1412 2504 1437 autem
2527 1415 2602 1439 cum

1603 1449 1636 1479 in
1659 1448 1804 1488 ipsorum
1827 1455 1926 1488 actus,
1949 1448 2092 1490 potentia
2115 1448 2208 1482 entia.

1536 1535 1555 1554 ⁴‘
1571 1535 1734 1573 Quoniam
1758 1543 1865 1568 autem
1888 1537 1976 1578 quod
1999 1536 2141 1577 potentia
2156 1543 2218 1575 est,
2237 1537 2451 1578 multipliciter
2469 1537 2600 1578 dicitur,

1603 1580 1680 1611 haec
1704 1591 1797 1612 causa
1820 1587 1866 1611 est
1889 1590 1955 1611 non
1979 1591 2045 1612 esse
2068 1580 2272 1612 manifestum
2291 1591 2310 1612 a
2325 1591 2391 1623 quo
2414 1581 2599 1614 huiusmodi

1603 1631 1801 1663 moveantur,
1826 1631 1861 1656 ut
1883 1624 1965 1665 ignis
1988 1634 2125 1663 sursum,
2149 1631 2229 1656 terra
2251 1635 2326 1656 vero
2349 1626 2510 1657 deorsum.

1537 1667 1594 1698 Est
1616 1675 1723 1699 autem
1746 1668 1888 1709 potentia
1911 1668 1998 1700 aliter
2021 1668 2183 1700 addiscens
2206 1668 2317 1708 sciens,
2341 1677 2371 1700 et
2393 1669 2512 1700 habens
2534 1669 2600 1702 iam

1604 1712 1766 1743 scientiam
1782 1719 1812 1743 et
1830 1722 1896 1743 non
1913 1712 2122 1744 considerans.
2144 1712 2274 1753 Semper
2291 1720 2398 1744 autem
2414 1723 2488 1744 cum
2503 1713 2600 1746 simul

1604 1755 1741 1786 activum
1764 1763 1796 1787 et
1817 1756 1978 1796 passivum
2003 1763 2087 1795 sunt,
2110 1756 2146 1788 fit
2169 1756 2338 1798 aliquando
2362 1764 2433 1788 actu
2457 1757 2546 1799 quod
2565 1757 2600 1789 in

1603 1799 1755 1839 potentia,
1773 1806 1808 1830 ut
1831 1799 2010 1838 addiscens;
2034 1807 2064 1831 et
2087 1811 2123 1831 ex
2147 1801 2287 1841 potentia
2311 1808 2392 1840 ente,
2408 1801 2542 1832 alterum
2564 1800 2600 1833 fit

1603 1843 1760 1883 potentia:
1785 1843 1902 1874 habens
1926 1844 2012 1874 enim
2034 1844 2207 1883 scientiam,
2230 1854 2296 1875 non
2321 1844 2522 1876 considerans
2545 1855 2599 1877 au-

1603 1893 1678 1925 tem,
1695 1887 1835 1927 potentia
1856 1894 1903 1918 est
1917 1887 2016 1918 sciens
2035 1888 2290 1928 quodammodo,
2306 1889 2361 1919 sed
2379 1898 2446 1919 non
2469 1889 2550 1920 sicut
2565 1895 2597 1921 et

1603 1937 1674 1961 ante
1698 1931 1865 1962 addiscere.
1897 1931 1983 1962 Cum
2006 1938 2112 1962 autem
2140 1931 2184 1962 sic
2214 1941 2247 1962 se
2269 1931 2401 1971 habeat,
2425 1932 2450 1963 si
2478 1932 2600 1974 aliquid

1603 1984 1669 2005 non
1692 1975 1867 2015 prohibeat,
1883 1982 2032 2015 operatur
2049 1982 2079 2006 et
2098 1975 2290 2006 considerat:
2314 1983 2369 2007 aut
2391 1976 2448 2007 erit
2466 1975 2499 2007 in
2523 1986 2598 2008 con-

1603 2018 1788 2050 tradictione
1811 2025 1841 2049 et
1863 2019 2048 2059 ignorantia.

1537 2062 1686 2093 Similiter
1708 2069 1815 2093 autem
1839 2062 1914 2093 haec
1943 2073 1975 2093 se
1999 2063 2115 2093 habent
2145 2069 2175 2093 et
2201 2062 2234 2092 in
2257 2063 2404 2104 physicis.
2434 2062 2599 2104 Frigidum

1603 2106 1688 2136 enim
1710 2106 1851 2146 potentia
1875 2113 1921 2137 est
1943 2106 2100 2138 calidum:
2130 2115 2204 2137 cum
2234 2113 2341 2137 autem
2370 2107 2464 2138 fuerit
2494 2114 2598 2139 mum-

1603 2157 1683 2188 tum‚
1707 2149 1771 2180 iam
1786 2150 1867 2190 ignis
1883 2157 1948 2190 est3
1973 2151 2059 2181 ardet
2081 2157 2199 2189 autem,
2216 2150 2276 2181 nisi
2295 2150 2416 2192 aliquid
2433 2151 2600 2191 prohibent

1603 2200 1634 2224 et
1656 2193 1816 2234 impediat.
1871 2228 1875 2231 ¹
2214 2215 2217 2221 ι

1536 2236 1685 2268 Similiter
1707 2244 1814 2268 autem
1829 2247 1862 2268 se
1878 2238 1972 2269 habet
1994 2245 2025 2269 et
2041 2237 2120 2269 circa
2143 2247 2236 2278 grave
2260 2245 2290 2269 et
2311 2238 2397 2269 leve:
2421 2239 2490 2269 leve
2513 2239 2597 2271 enim

1602 2281 1638 2312 fit
1651 2291 1688 2312 ex
1699 2282 1795 2321 gravi,
1806 2289 1841 2312 ut
1858 2292 1894 2313 ex
1909 2292 1991 2323 aqua
2010 2292 2071 2313 aer.
2084 2282 2171 2313 Haec
2187 2281 2273 2312 enim
2287 2282 2429 2322 potentia
2443 2282 2597 2323 primum,

1603 2332 1633 2356 et
1655 2325 1719 2356 iam
1747 2326 1815 2356 leve
1845 2326 2026 2366 operabitur
2055 2336 2150 2363 mox,
2182 2325 2242 2356 nisi
2271 2325 2391 2367 aliquid
2421 2326 2596 2367 prohibeat.

1601 2371 1700 2400 Actus
1731 2377 1837 2400 autem
1859 2370 1935 2400 levis
1959 2376 2005 2400 est
2035 2369 2148 2400 alicubi
2171 2379 2238 2400 esse
2262 2376 2293 2400 et
2320 2377 2464 2401 sursum:
2487 2369 2597 2411 prohi-

1601 2414 1693 2444 betur
1715 2420 1822 2445 autem
1841 2423 1915 2444 cum
1930 2413 1964 2444 in
1979 2413 2136 2444 contrario
2155 2413 2228 2444 loco
2252 2413 2302 2444 sit.
2325 2413 2474 2445 Similiter
2489 2421 2520 2446 et
2533 2414 2598 2447 hoc

1601 2467 1635 2488 se
1655 2457 1750 2488 habet
1771 2457 1805 2488 in
1828 2464 1948 2498 quanto
1973 2464 2004 2488 et
2025 2457 2122 2498 quali.

1533 2545 1575 2576 Et
1596 2551 1702 2576 tamen
1721 2545 1880 2587 quaeritur
1898 2545 1948 2576 hic
1967 2554 2064 2586 quare
2079 2544 2113 2575 in
2135 2544 2280 2585 ipsorum
2302 2545 2411 2576 locum
2427 2551 2598 2576 moventur

1599 2590 1704 2629 gravia
1727 2596 1757 2620 et
1779 2589 1869 2620 levia.
1893 2589 1998 2620 Causa
2023 2595 2130 2620 autern
2153 2594 2200 2619 est
2222 2588 2297 2629 quia
2319 2595 2392 2629 apta
2414 2595 2487 2620 nata
2509 2595 2595 2628 sunt,

1601 2641 1630 2664 et
1652 2634 1714 2664 hoc
1743 2640 1789 2664 est
1810 2633 1896 2674 gravi
1927 2639 1958 2664 et
1985 2633 2045 2663 levi
2074 2639 2157 2670 esse;
2183 2632 2249 2663 'hoc
2280 2632 2410 2673 quidem
2439 2642 2478 2663 eo
2506 2632 2596 2674 quod

1599 2687 1741 2716 sursum,
1765 2677 1844 2708 illud
1867 2683 1974 2708 autern
1997 2687 2036 2707 eo
2061 2676 2150 2717 quod
2173 2676 2323 2707 deorsum
2341 2676 2597 2709 determinatum.

1532 2721 1675 2752 Potentia
1690 2728 1797 2752 autem
1820 2728 1866 2752 est
1887 2721 1956 2751 leve
1973 2728 2003 2752 et
2018 2731 2111 2761 grave
2130 2720 2354 2761 multipliciter,
2379 2720 2459 2751 sicut
2474 2720 2597 2752 dictum

1600 2773 1655 2797 est.
1680 2765 1829 2806 Cumque
1848 2765 1934 2795 enim
1957 2765 1997 2796 sit
2019 2775 2111 2806 aqua,
2134 2764 2277 2804 potentia
2292 2765 2534 2805 quodammodo
2549 2770 2598 2797 est

1598 2810 1681 2840 leve:
1707 2817 1737 2840 et
1752 2819 1826 2840 cum
1843 2819 1904 2848 aer,
1922 2816 1968 2840 est
1988 2809 2092 2840 adhuc
2109 2808 2142 2839 in
2159 2807 2317 2849 potentia3
2341 2807 2494 2849 contingit
2509 2807 2596 2840 enim

1598 2853 1790 2894 impeditum
1812 2863 1877 2884 non
1901 2863 2028 2884 sursum
2052 2862 2128 2884 esse.
2154 2853 2193 2884 Se
2239 2852 2265 2883 si
2288 2851 2447 2883 auferatur
2461 2850 2596 2893 impedi-

1599 2904 1755 2936 mentum,
1779 2897 1842 2938 agit
1860 2904 1891 2928 et
1909 2906 2034 2938 semper
2056 2906 2183 2928 sursum
2227 2903 2250 2928 t.
2274 2895 2423 2927 Similiter
2437 2902 2544 2927 autem
2563 2902 2596 2928 et

1599 2942 1691 2985 quale
1715 2941 1754 2972 ad
1777 2948 1847 2972 actu
1872 2951 1938 2972 esse
1956 2947 2073 2979 mutat;
2096 2950 2172 2971 mox
2190 2939 2275 2971 enim
2291 2939 2467 2971 considerat
2481 2939 2593 2979 sciens,

1598 2986 1659 3016 nisi
1681 2985 1801 3027 aliquid
1823 2985 2003 3026 prohibeat:
2027 2991 2058 3015 et
2080 2991 2237 3025 quantum
2259 2983 2435 3015 extenditur
2456 2983 2516 3014 nisi
2538 2983 2596 3015 ali-

1599 3029 1676 3071 quid
1700 3029 1872 3070 prohibeat.
1897 3029 2061 3060 Sustinens
2083 3036 2190 3059 autem
2206 3034 2237 3060 et
2254 3026 2425 3069 prohibens
2447 3037 2593 3068 movens,

1598 3081 1644 3105 est
1667 3074 1748 3104 sicut
1770 3080 1888 3112 movet,
1905 3079 1952 3104 est
1974 3079 2081 3104 autem
2101 3072 2182 3104 sicut
2203 3082 2281 3110 non,
2297 3078 2333 3103 ut
2347 3078 2394 3102 est
2409 3071 2594 3104 columnam

1598 3117 1748 3149 divellens
1771 3124 1826 3148 aut
1848 3117 1987 3157 lapidem
2003 3126 2169 3147 removens
2185 3126 2204 3146 a
2221 3125 2295 3146 vase
2309 3115 2342 3146 in
2359 3125 2452 3157 aqua.
2475 3115 2593 3147 Secun-

1599 3162 1676 3193 dum
1705 3161 1846 3192 accidens
1879 3161 1964 3192 enim
1987 3167 2095 3191 movet
2103 3167 2117 3199 ;’
2140 3159 2221 3191 sicut
2251 3169 2433 3200 repercussa
2462 3159 2595 3200 sphaera

1598 3215 1664 3237 non
1680 3215 1698 3236 a
1713 3205 1830 3246 pariete
1849 3211 1936 3236 mota
1955 3211 2011 3243 est,
2027 3204 2082 3235 sed
2097 3214 2115 3234 a
2131 3203 2324 3245 proiiciente.
2349 3203 2447 3242 Quod
2462 3203 2594 3245 quidem

1597 3249 1691 3290 igitur
1713 3249 1791 3280 nihil
1814 3249 1931 3279 horum
1954 3249 2061 3289 ipsum
2083 3254 2191 3279 movet
2213 3247 2365 3288 seipsum,
2389 3247 2593 3279 manifestum

1598 3301 1659 3325 est:
1683 3293 1737 3324 sed
1754 3300 1862 3325 motus
1876 3292 2007 3334 quidem
2027 3292 2120 3323 habet
2135 3291 2339 3333 principium,
2358 3301 2424 3323 non
2443 3290 2592 3323 movendi

1597 3347 1700 3379 neque
1724 3337 1874 3376 faciendi,
1898 3337 1953 3368 sed
1975 3336 2125 3378 patiendi.

1530 3467 1544 3484 *
1562 3468 1594 3499 Si
1617 3469 1711 3509 igitur
1734 3468 1842 3500 omnia
1865 3478 1946 3510 quae
1970 3474 2149 3506 moventur,
2173 3477 2190 3498 a
2213 3474 2324 3498 natura
2341 3473 2521 3506 moventur,
2537 3471 2592 3497 aut

1598 3520 1682 3543 extra
1704 3519 1848 3543 naturam
1865 3519 1895 3543 et
1909 3511 2076 3550 violentia3
2100 3518 2131 3542 et
2146 3521 2228 3553 quae
2245 3511 2277 3542 vi
2295 3517 2326 3543 et
2344 3517 2428 3542 extra
2446 3516 2590 3541 naturam

1597 3555 1716 3595 omnia,
1740 3566 1758 3586 a
1780 3556 1923 3597 quodam
1946 3562 1976 3586 et
1999 3556 2037 3586 ab
2060 3554 2141 3593 alio;
2165 3564 2277 3586 eorum
2303 3561 2410 3585 nutem
2431 3562 2513 3595 quae
2534 3562 2589 3584 na·

1598 3606 1678 3638 tura,
1694 3599 1808 3631 iterum
1831 3608 2052 3640 quaecumque
2066 3608 2085 3629 a
2099 3598 2208 3639 seipsis
2231 3604 2410 3637 moventur,
2426 3597 2464 3628 ab
2481 3596 2589 3638 aliquo

2628 889 2774 945 ste-³0.-
2787 894 2820 914 ¹*-

2628 1546 2638 1557 ·
2651 1545 2721 1569 ται.
2731 1550 2768 1576 32.
