2898 3996
145 553 155 564 ⁸
169 553 212 574 hoc
227 551 280 573 add.
296 552 347 573 rab.

146 607 154 615 ”
170 605 195 626 S.
209 605 254 626 Th.
265 605 356 626 lect.x11

145 635 166 652 et
181 638 236 656 x111;
251 631 304 652 Did.
316 631 356 652 lib.

145 658 189 682 111,
209 664 259 684 cap.
274 664 302 684 v,
318 664 332 678 n

145 690 166 706 12
181 688 202 705 ct
218 690 283 711 seqq.

146 1027 157 1038 '⁵
171 1026 242 1047 Num.
258 1025 280 1047 6.

145 1080 156 1091 ¹*
177 1079 311 1106 reperiatur
327 1084 356 1105 Μ,

146 1107 276 1132 reparatur
312 1109 356 1126 cet.

160 1138 195 1153 xc.

387 308 463 344 250

386 385 639 423 communiter
667 385 714 422 de
742 397 819 421 uno
855 391 891 420 et
918 384 1056 429 multo,
1087 390 1123 419 et
1157 383 1300 427 eodem
1331 390 1366 420 et
1394 382 1446 420 di-

384 451 509 475 verso.
539 439 588 475 Et
616 439 752 475 iterum
781 437 869 486 quia
896 436 958 473 illa
987 435 1170 472 dubitatio
1205 448 1320 485 super
1353 436 1446 472 falso

385 491 578 538 fundatur,
617 490 755 527 scilicet
792 489 898 538 quod
931 488 1062 525 omnia
1096 488 1168 525 sint
1195 488 1233 525 in
1268 488 1447 525 continuo

385 551 493 581 motu
523 551 559 580 et
586 544 709 590 fluxu,
736 542 840 591 quod
860 541 1071 578 Heraclitus
1092 541 1268 590 opinatus
1289 549 1354 588 est,
1376 549 1413 578 et
1428 542 1447 562 ’¹‘

389 597 606 633 Aristoteles
638 596 830 644 improbat
861 594 901 631 in
930 594 981 631 IV
1008 594 1225 643 Metaphys.
1244 595 1263 616 ²¹²
1284 595 1367 631 Nec
1395 601 1448 630 ta-

350 673 356 679 ·
386 661 476 686 men
496 657 551 685 est
579 648 709 685 similis
733 648 849 685 ratio:
879 646 968 696 quia
987 646 1172 696 quamdiu
1201 647 1339 684 sanitas
1368 659 1447 683 ma-

386 709 460 749 net,
489 701 574 738 licet
600 701 768 738 varietur
794 702 914 737 homo
934 700 1159 741 secundum*
1176 700 1388 746 sanitatem,
1407 706 1449 735 ut

384 762 476 803 puta
505 754 535 790 si
564 754 631 791 fiat
658 754 777 790 homo
806 752 926 801 magis
953 753 1016 789 vel
1049 752 1177 789 minus
1205 765 1334 799 sanus,
1370 764 1449 788 non

386 806 618 855 intercipitur
643 819 724 844 esse
751 805 929 853 sanitatis,
957 805 1052 841 sicut
1076 805 1307 854 intercipitur
1332 817 1449 853 quar-1-

386 861 436 897 do
465 859 625 896 totaliter
654 859 909 907 corrumpitur
937 858 1087 894 sanitas.

441 914 474 950 8.
505 912 654 950 Deinde
684 925 771 948 cum
798 911 902 949 dicit:
931 911 1077 947 Eadem
1107 910 1205 947 enim
1234 910 1330 947 ratio
1360 916 1448 956 etc.,

387 966 612 1003 determinat
638 965 838 1002 veritatem
869 964 966 1000 circa
994 963 1031 1000 id
1062 963 1167 1012 quod
1200 962 1448 1011 praedixerat.

386 1018 540 1055 Dixerat
569 1018 672 1055 enirn
700 1029 815 1066 supra
835 1019 871 1063 ²⁸,
894 1016 999 1066 quod
1019 1016 1049 1052 si
1069 1016 1114 1052 sit
1135 1015 1271 1052 eadem
1292 1015 1449 1064 qualitas

387 1083 484 1120 quae
513 1079 755 1119 recuperatur
774 1073 805 1117 ὓ,
828 1069 1027 1107 eritidem
1056 1076 1184 1106 motus
1211 1080 1373 1105 numero
1394 1080 1450 1104 se-

387 1125 511 1161 cunda
550 1123 717 1160 alteratio
757 1136 844 1160 cum
878 1122 1023 1172 prima;
1057 1121 1087 1159 si
1115 1133 1209 1159 vero
1243 1133 1322 1158 non
1357 1121 1452 1158 redit

387 1177 524 1214 eadem
558 1189 720 1214 numero
755 1176 931 1225 qualitas,
962 1174 1130 1224 sequitur
1162 1175 1266 1223 quod
1299 1186 1379 1211 non
1407 1173 1452 1210 sit

385 1242 485 1267 unus
505 1237 609 1267 actus
637 1242 812 1266 numero.
843 1229 892 1265 Et
918 1227 1138 1276 interposita
1157 1227 1324 1276 quadam
1344 1226 1451 1263 dubi—

386 1283 538 1330 tatione,
568 1282 674 1331 quasi
703 1282 897 1330 assignans
917 1281 1103 1318 rationem
1130 1279 1450 1328 praemissorum,

387 1336 513 1372 subdit
549 1336 654 1384 quod
695 1335 782 1372 ideo
824 1334 1034 1384 praemissa
1076 1333 1174 1370 dicta
1215 1339 1325 1379 sunt,
1364 1331 1452 1379 quia

389 1388 525 1425 eadem
545 1388 638 1425 ratio
657 1388 808 1426 videtur
835 1387 874 1424 in
901 1386 1026 1436 primo
1057 1393 1212 1435 aspectu
1237 1385 1284 1422 de
1308 1384 1451 1421 unitate

388 1441 574 1489 qualitatis
603 1448 639 1478 et
667 1448 804 1478 motus.
828 1440 905 1477 Sed
933 1439 1120 1476 intantum
1147 1438 1336 1484 differunt,
1367 1436 1454 1485 quia

389 1495 486 1531 bene
515 1494 698 1542 sequitur,
729 1493 758 1530 si
788 1493 864 1531 duo
894 1500 1021 1529 motus
1042 1492 1115 1528 sint
1143 1490 1245 1527 idem
1267 1503 1312 1526 eo
1333 1489 1453 1526 modo

1022 304 1368 341 PHYSICORUM
1395 303 1745 342 ARISTOTELIS
1775 305 1868 341 LIB.
1897 304 1934 340 V

1503 383 1597 420 sicut
1615 382 1749 431 aliquis
1778 389 1905 419 motus
1925 381 2059 419 dicitur
2076 393 2175 418 unus
2203 394 2376 429 numero,
2407 392 2562 419 necesse

1504 443 1559 473 est
1593 435 1695 484 quod
1733 435 1898 481 habitus,
1928 434 1965 471 id
1995 442 2050 471 est
2085 433 2243 483 qualitas
2278 434 2458 483 acquisita
2494 446 2563 483 per

1503 495 1673 536 motum,
1703 488 1749 524 sit
1779 500 1876 524 una:
1912 487 2001 535 quia
2032 499 2132 524 unus
2169 498 2330 524 numero
2368 494 2471 524 aetus
2510 493 2565 524 est

1502 541 1614 578 unius
1642 553 1803 578 numero
1833 540 2018 589 qualitatis
2046 539 2248 588 acquisitae
2276 550 2345 588 per
2369 546 2495 576 actum
2523 539 2564 576 il—

1503 595 1594 631 lurn.
1638 593 1715 630 Sed
1753 593 1782 630 si
1820 593 1977 641 qualitas
2019 592 2064 629 sit
2099 604 2177 628 una
2209 603 2307 640 quae
2348 591 2461 638 redit,
2496 603 2565 639 po-

1502 654 1574 683 test
1601 646 1710 683 alicui
1727 645 1848 683 videri
1875 646 1979 694 quod
2008 657 2086 682 non
2113 651 2268 693 propter
2295 644 2370 680 hoc
2398 644 2443 680 sit
2466 655 2566 681 unus

1504 706 1630 736 actus:
1660 711 1738 736 non
1766 698 1890 746 enirn,
1920 698 1950 735 si
1978 697 2159 735 terminus
2188 704 2315 734 motus
2344 696 2438 733 est*
2466 708 2566 733 unus

1505 763 1666 788 numero
1682 780 1691 798 ,
1726 758 1875 800 oportet
1902 751 2007 799 quod
2035 758 2162 787 motus
2190 749 2236 786 sit
2262 761 2362 787 unus
2390 760 2564 785 numero.

1506 804 1622 850 Quod
1641 811 1744 852 patet
1771 804 1809 840 in
1836 811 1943 841 motu
1963 803 2082 840 locali.
2114 803 2214 839 Cum
2243 802 2346 839 enim
2366 802 2566 838 ambulans

1504 864 1650 906 pausat,
1674 863 1794 893 cessat
1821 856 1881 893 illa
1901 856 2128 893 ambulatio:
2159 855 2225 892 sed
2245 855 2399 904 quando
2429 854 2566 890 iterum

1506 909 1702 946 ambulare
1730 908 1869 958 incipit,
1899 909 2035 945 iterum
2064 907 2270 945 ambulatio
2297 907 2376 944 erit.
2409 907 2448 944 Si
2477 918 2565 954 ergo

1507 962 1651 999 dicatur
1678 962 1783 1011 quod
1811 961 1858 998 sit
1884 973 1961 998 una
1990 969 2025 998 et
2054 961 2189 998 eadem
2218 959 2444 1006 ambulatio,
2477 971 2565 996 con-

1506 1014 1611 1063 tingit
1647 1014 1753 1063 quod
1789 1026 1911 1052 unum
1945 1021 1981 1051 et
2014 1013 2116 1050 idem
2151 1013 2197 1050 sit
2230 1021 2267 1050 et
2304 1019 2568 1060 corrumpatur

1506 1067 1714 1113 mu'ltoties3
1745 1067 1849 1116 quod
1878 1074 1933 1103 est
1960 1065 2205 1114 impossibile.
2246 1065 2308 1102 Sic
2336 1065 2445 1112 igitur
2473 1072 2510 1101 et
2536 1063 2567 1100 si

1507 1120 1739 1168 contingeret
1767 1120 1872 1168 quod
1901 1119 2036 1156 eadem
2065 1130 2226 1155 numero
2256 1116 2394 1154 s‘anitas
2418 1128 2567 1164 repara-

1507 1181 1608 1210 retur
1621 1174 1652 1219 *,
1669 1185 1747 1209 non
1762 1179 1982 1221 sequeretur
2000 1171 2105 1219 quod
2125 1169 2293 1207 secunda
2311 1169 2456 1206 sanatio
2471 1175 2570 1205 esset

1507 1226 1610 1263 idem
1638 1237 1800 1262 numero
1829 1231 1957 1261 motus
1986 1235 2075 1259 cum
2103 1222 2246 1271 prima;
2285 1221 2380 1258 sicut
2412 1233 2483 1258 nec
2511 1233 2568 1258 se—

1509 1278 1632 1315 cunda
1660 1277 1878 1322 ambulatio,
1898 1288 1985 1312 cum
2013 1275 2158 1324 prima,
2197 1275 2373 1324 quamvis
2408 1282 2569 1323 utraque

1509 1331 1555 1368 sit
1582 1331 1631 1367 ad
1659 1330 1826 1366 eundem
1854 1329 1982 1365 locum
2011 1339 2185 1365 numero.

1562 1382 1725 1420 Ulterius
1750 1381 1940 1419 concludit
1967 1381 2071 1429 quod
2099 1380 2190 1417 istae
2212 1379 2464 1417 dubitationes
2483 1386 2571 1416 sunt

1510 1444 1612 1472 extra
1635 1434 1882 1484 principalem
1908 1433 2167 1481 intentionem,
2199 1440 2234 1470 et
2252 1432 2339 1470 ideo
2359 1440 2446 1469 sunt
2462 1443 2570 1481 prae-

1509 1488 1783 1526 termittendae.
2206 1493 2212 1506 ‘

2592 709 2604 721 ⁴*
2618 710 2652 731 eit
2664 709 2715 732 rab.

2595 1177 2607 1189 ⁸
2620 1176 2746 1205 reparetur
2754 1182 2808 1203 noa,

2596 1205 2778 1231 recuperaretur
2793 1209 2808 1224 ι

2597 1236 2616 1251 s.
2625 1241 2636 1246 -
2643 1235 2690 1252 non
2697 1234 2808 1258 sequere-

2597 1257 2636 1278 tur
2641 1261 2691 1278 om.
2698 1261 2746 1284 pta
2753 1258 2775 1278 et
2781 1260 2807 1277 a.

2891 2801 2898 2814 .-
2893 2781 2898 2791 -.
2894 2746 2898 2770 u.
2889 2205 2898 2734 i›-l⁴m*1m-··.Qnffl-Afflm
