2898 3996
440 267 514 314 398

204 352 412 404 etngovdefmrcvglf
440 344 524 381 licet
543 344 647 391 quod
666 354 828 379 movens
847 353 925 378 non
949 340 1136 376 moveat³³
1135 344 1314 386 propter
1331 337 1370 374 id
1389 337 1494 385 quod

200 407 283 427 cf.tex

284 409 299 426 t.

200 434 380 457 “moveto-vrt-

208 1189 215 1195 ·
231 1186 292 1207 Lect.
301 1192 308 1207 1
320 1191 383 1213 seqq.

201 1351 311 1395 gam

206 2500 214 2506 ·
230 2496 344 2517 moventia
364 2495 416 2516 add.

206 2523 257 2544 vab.

209 2816 216 2822 ·
232 2816 257 2834 ut
267 2816 341 2835 tamen
350 2815 418 2836 codd.

207 2843 229 2860 ct
243 2846 266 2861 a.

209 3023 216 3029 ·
232 3021 303 3042 alium
317 3021 368 3042 cdd.
384 3021 420 3042 ab

208 3050 228 3067 et
244 3047 370 3068 codd-exc.
385 3054 419 3069 ιε.

285 1347 374 1368 Onl'mus

298 1379 332 1394 X.C
347 1379 374 1394 Ns
376 1379 399 1394 0-

236 3524 407 3551 coniungantur

441 396 654 434 movetur*
674 397 729 441 (ut
747 394 778 431 si
798 394 967 431 dicamus
996 391 1278 429 aedificatorem
1299 402 1381 427 esse
1410 401 1495 426 mu·-

441 449 573 494 sicum,
603 460 681 484 non
701 446 790 494 quia
809 445 976 482 musicus
1006 452 1075 490 est,
1105 443 1172 480 sed
1195 455 1264 491 per
1287 442 1493 487 accidens);

441 508 504 538 aut
530 512 608 536 non
637 507 691 536 est
717 511 786 547 per
814 498 986 534 accidens
1015 496 1120 543 quod
1148 507 1311 532 movens
1338 506 1495 531 movea-

440 561 511 600 tur,
541 552 608 589 sed
634 563 702 600 per
730 563 780 587 se.

494 616 530 652 7.
560 604 706 641 Deinde
727 615 814 639 curn
835 602 941 638 dicit:
970 601 1140 637 Primum
1161 599 1307 647 quidem
1328 607 1409 644 etc.‚
1431 599 1495 635 de-

441 657 546 694 struit
563 656 730 714 primum
743 655 959 691 membrum
974 653 1173 701 tripliciter.
1195 652 1323 688 Primo
1340 649 1495 699 quidem

439 709 502 745 tali
529 708 684 745 ratione.
714 707 817 744 Nihil
845 706 949 765 quod
978 714 1032 742 est
1053 717 1122 754 per
1141 704 1327 750 accidens,
1358 711 1413 740 est
1432 715 1495 740 ne-

441 761 665 798 cessarium:
696 759 800 807 quod
829 759 931 795 enim
959 757 1055 794 inest
1082 757 1191 793 alicui
1219 769 1289 805 per
1308 756 1494 801 accidens,

440 826 518 850 non
556 825 600 849 ex
636 812 854 849 necessitate
891 811 986 846 inest
1014 810 1067 855 ei,
1102 809 1168 846 sed
1207 808 1384 856 contingit
1417 820 1496 844 non

440 866 575 912 inesse,
605 865 699 901 sicut
725 864 914 900 musicum
943 861 1185 899 aedificatori.
1217 861 1256 898 Si
1277 861 1385 908 igitur
1413 872 1495 897 mo-

440 918 567 955 ventia
585 929 653 965 per
672 916 844 953 accidens
865 923 1076 960 moventur,
1093 913 1260 962 sequitur
1280 914 1386 961 quod
1406 925 1495 949 con-

440 971 555 1018 tingat
583 982 627 1006 ea
655 981 734 1005 non
761 967 927 1013 moveri;
962 967 1030 1003 sed
1058 979 1145 1003 cum
1174 973 1214 1002 tu
1240 978 1361 1014 ponas
1390 965 1494 1013 quod

441 1035 555 1060 omne
583 1034 742 1058 movens
770 1027 958 1065 movetur,
989 1031 1225 1066 consequens
1254 1026 1310 1055 est
1336 1018 1442 1066 quod
1466 1018 1495 1054 si

440 1088 519 1112 non
547 1081 749 1111 moventur
771 1072 976 1117 moventia,
997 1071 1101 1119 quod
1121 1083 1199 1108 non
1221 1079 1418 1117 moveant3
1439 1083 1495 1107 se-

441 1127 565 1175 quitur
585 1138 672 1173 ergo
701 1126 806 1173 quod
825 1125 1027 1172 aliquando
1057 1123 1148 1161 nihil
1167 1131 1379 1161 moveatur.
1410 1124 1495 1160 Hoc

441 1187 567 1216 autem
587 1186 641 1215 est
659 1178 901 1226 impossibile,
923 1177 1011 1226 quia
1030 1184 1226 1222 ostensum>
1249 1184 1303 1213 est
1326 1189 1440 1225 supra
1456 1177 1491 1222 ³²,

441 1232 544 1280 quod
572 1243 726 1267 necesse
755 1237 810 1266 est
837 1237 984 1266 motum
1008 1241 1157 1278 semper
1185 1241 1278 1266 esse.
1308 1229 1411 1266 Istud
1431 1241 1495 1265 au-

440 1292 516 1321 tem
544 1283 773 1332 impossibile
803 1295 880 1319 non
909 1282 1076 1330 sequitur
1104 1294 1149 1318 ex
1177 1282 1251 1318 hoc
1275 1281 1379 1330 quod
1407 1294 1494 1330 sup—

439 1336 636 1386 posuimus
653 1338 671 1356 2‘
687 1335 880 1372 moventia
899 1347 977 1371 non
995 1334 1160 1371 moveri:
1190 1334 1277 1382 quia
1297 1334 1326 1370 si
1345 1335 1420 1370 hoc
1439 1341 1495 1370 est

403 1427 405 1429 ,
439 1402 508 1438 per
536 1388 709 1425 accidens
738 1387 841 1436 quod
868 1399 1030 1424 movens
1058 1394 1271 1433 moveatur,
1300 1386 1494 1423 moventia

440 1453 519 1480 non
546 1441 692 1478 moveri
713 1440 779 1476 erit
796 1439 990 1488 possibile;
1019 1439 1185 1488 possibili
1212 1446 1338 1475 autem
1357 1438 1493 1487 posito,

439 1494 583 1530 nullum
598 1493 764 1541 sequitur
777 1492 1019 1540 impossibile.
1036 1491 1271 1540 Relinquitur
1286 1503 1375 1539 ergo
1391 1491 1495 1540 quod

441 1546 541 1582 aliud
561 1557 605 1582 ex
621 1558 697 1594 quo
718 1545 895 1593 sequitur,
913 1544 958 1581 sit
972 1544 1213 1593 impossibile,
1235 1544 1373 1581 scilicet
1391 1545 1496 1593 quod

441 1610 553 1635 omne
581 1610 741 1635 movens
769 1604 979 1634 moveatur.

494 1652 528 1687 8.
570 1650 747 1687 Secundo
784 1650 862 1686 ibi:
908 1651 958 1686 Et
992 1649 1262 1686 rationabiliter
1296 1650 1366 1685 hoc
1399 1650 1495 1686 acci-

440 1704 491 1740 dit
510 1710 598 1750 etc.,
627 1703 762 1751 probat
783 1702 884 1739 idem
903 1702 973 1739 alia
991 1701 1177 1751 probabili
1206 1701 1367 1738 ratione:
1397 1714 1495 1750 quae

439 1756 520 1792 talis
541 1762 605 1792 est.
636 1757 678 1792 In
696 1763 802 1791 motu
821 1754 889 1791 tria
907 1754 1165 1791 inveniuntur:
1191 1766 1355 1802 quorum
1376 1766 1496 1791 unum

441 1816 496 1845 est
522 1807 662 1844 mobile
690 1808 796 1855 quod
822 1814 1015 1853 movetur,
1050 1806 1151 1843 aliud
1179 1814 1305 1843 autem
1334 1814 1388 1843 est
1414 1818 1495 1843 mo-

439 1873 551 1908 vens,
582 1860 731 1897 tertium
751 1867 806 1896 est
824 1859 1112 1896 instrumentum
1131 1871 1208 1907 quo
1227 1870 1389 1896 movens
1416 1871 1497 1895 mo-

440 1921 515 1950 vet.
554 1915 595 1950 In
623 1912 700 1949 istis
729 1920 854 1949 autem
890 1912 1007 1949 tribus
1043 1911 1282 1948 manifestum
1311 1919 1366 1948 est
1394 1912 1496 1960 quod

440 1966 480 2002 id
508 1967 611 2014 quod
638 1972 825 2010 movetur,
855 1976 1008 2001 necesse
1039 1971 1094 2000 est
1119 1963 1283 2010 moveri,
1318 1964 1385 2001 sed
1419 1976 1497 2000 non

443 2025 497 2054 est
530 2030 682 2055 necesse
712 2017 816 2065 quod
843 2024 1007 2053 moveat.
1047 2017 1340 2053 Instrumentum
1372 2024 1497 2052 autem

443 2080 519 2119 quo
538 2082 699 2106 movens
718 2077 860 2116 movet,
883 2081 1036 2105 necesse
1057 2076 1112 2104 est
1132 2076 1167 2105 et
1185 2081 1341 2105 movere
1363 2076 1398 2106 et
1415 2081 1499 2105 mo-

441 2123 523 2159 veri
543 2125 733 2169 (movetur
752 2130 878 2158 autem
897 2134 919 2157 a
937 2121 1131 2169 principali
1150 2128 1341 2167 movente,
1363 2129 1398 2158 et
1415 2133 1497 2158 mo-

442 2182 507 2211 vet
533 2175 704 2211 ultimum
727 2176 905 2220 motum):
934 2174 1035 2220 unde
1058 2181 1092 2210 et
1112 2186 1224 2210 omne
1245 2173 1349 2221 quod
1367 2182 1499 2210 movet

444 2235 480 2263 et
499 2235 686 2274 movetur,
698 2227 811 2263 habet
835 2226 1017 2263 rationem
1035 2226 1308 2263 instrumenti.—
1322 2226 1412 2262 Ideo
1433 2238 1497 2262 au-

443 2287 519 2316 tem
534 2280 820 2316 instrumentum
841 2291 916 2326 quo
936 2291 1096 2315 movens
1116 2285 1257 2325 movet,
1275 2286 1310 2314 et
1323 2286 1499 2315 movetur

444 2339 479 2368 et
497 2339 637 2379 movet,
655 2332 741 2380 quia
761 2331 1013 2368 communicat
1033 2344 1119 2367 cum
1138 2338 1311 2378 utroque,
1337 2331 1497 2368 existens

444 2384 482 2421 in
502 2385 666 2433 quadam
685 2384 874 2421 identitate
894 2384 942 2420 ad
961 2384 998 2420 id
1018 2384 1122 2432 quod
1140 2391 1326 2420 movetur.
1357 2384 1406 2420 Et
1423 2385 1497 2421 hoc

443 2437 608 2473 maxime
635 2437 873 2473 manifestum
902 2444 956 2473 est
979 2436 1016 2473 in
1043 2444 1150 2472 motu
1178 2436 1308 2473 locali:
1342 2449 1497 2473 necesse

444 2497 499 2526 est
527 2489 625 2526 enim
646 2490 749 2538 quod
770 2491 788 2510 *'
809 2502 831 2525 a
848 2489 970 2537 primo
1000 2497 1179 2525 movente
1198 2501 1319 2537 usque
1348 2489 1396 2526 ad
1415 2489 1497 2526 ulti-

443 2554 548 2578 mum
579 2550 739 2588 motum,
765 2541 891 2579 omnia
918 2554 958 2578 se
982 2549 1134 2589 tangant
1166 2542 1215 2578 ad
1242 2541 1428 2587 invicem3
1463 2550 1498 2578 et

443 2595 496 2631 sic
513 2602 615 2643 patet
651 2595 754 2642 quod
788 2595 1078 2631 instrumentum
1110 2594 1279 2631 medium
1312 2602 1367 2631 est
1395 2594 1496 2631 idem

442 2659 510 2696 per
529 2654 742 2683 contactum
762 2659 849 2684 curn
878 2647 1025 2694 mobili,
1057 2655 1092 2683 et
1112 2647 1164 2683 sic
1184 2647 1292 2684 simul
1322 2655 1498 2684 movetur

445 2712 531 2736 cum
549 2700 644 2748 ipso,
665 2699 886 2748 inquantum
906 2699 1163 2736 communicat
1181 2699 1366 2747 ipsi.·Sed
1387 2699 1497 2736 etiam

445 2752 699 2788 communicat
717 2752 898 2799 moventi,
920 2751 1007 2800 quia
1023 2759 1077 2788 est
1091 2764 1269 2797 movens;
1285 2752 1359 2788 hoc
1378 2753 1496 2789 modo

444 2812 572 2841 tamen
599 2813 639 2840 ut
655 2806 673 2825 '⁴²
689 2804 976 2841 instrumentum
1005 2817 1081 2852 quo
1102 2811 1243 2851 movet,
1264 2817 1342 2840 non
1364 2804 1409 2841 sit
1429 2805 1495 2841 im-

445 2857 635 2893 mobile.-
653 2856 714 2893 Sic
742 2857 850 2904 igitur
883 2869 929 2893 ex
960 2856 1174 2905 praemissis
1202 2865 1358 2905 apparet
1393 2858 1497 2906 quod

445 2909 618 2945 ultimum
636 2917 782 2946 motum
809 2917 984 2945 movetur
1003 2909 1167 2958 quidem,
1197 2909 1263 2946 sed
1286 2922 1364 2946 non
1383 2911 1497 2946 habet

446 2961 483 2997 in
507 2973 546 2997 se
566 2961 790 3009 principium
819 2961 999 2998 movendi
1035 2973 1157 3010 neque
1177 2961 1343 3010 seipsum
1372 2975 1496 3011 neque

447 3013 547 3049 aliud
561 3014 596 3058 *3
618 3021 654 3049 et
671 3020 846 3049 movetur
865 3013 1017 3062 quidem
1037 3015 1084 3050 ab
1105 3014 1189 3060 alio,
1210 3014 1277 3050 sed
1302 3026 1379 3051 non
1399 3027 1421 3051 a
1440 3027 1495 3051 se-

446 3065 539 3114 ipso.
569 3065 679 3102 Unde
707 3065 856 3102 videtur
875 3077 956 3102 esse
976 3066 1206 3111 rationabile,
1235 3066 1331 3103 idest
1357 3067 1493 3115 proba-

445 3118 518 3155 bile
551 3120 644 3163 (nec
673 3118 721 3155 ad
749 3130 926 3166 praesens
963 3130 1135 3155 curamus
1164 3118 1286 3155 dicere
1321 3119 1425 3167 quod
1452 3120 1497 3157 sit

444 3170 728 3217 necessarium),
756 3183 836 3207 esse
865 3170 1016 3219 aliquod
1035 3170 1195 3217 tertium,
1221 3172 1325 3219 quod
1343 3179 1497 3209 moveat

446 3235 531 3259 curn
560 3222 604 3259 sit
632 3223 837 3259 immobile.
875 3223 1075 3259 Probabile
1105 3223 1206 3259 enim
1237 3230 1305 3271 est,
1335 3225 1439 3272 quod
1467 3225 1496 3261 si

445 3275 567 3323 aliqua
597 3275 672 3312 duo
702 3275 978 3322 coniunguntur
1004 3287 1072 3324 per
1099 3275 1284 3323 accidens,
1315 3283 1350 3312 et
1377 3289 1494 3313 unum

444 3326 632 3363 invenitur
660 3327 737 3364 sine
767 3327 856 3373 ali0,
886 3327 988 3386 quod
1018 3327 1130 3364 etiam
1159 3328 1259 3364 aliud
1287 3327 1497 3366 inveniatur

446 3378 523 3415 sine
552 3379 613 3416 illo
643 3380 727 3438 (sed
747 3380 850 3428 quod
877 3380 994 3428 possit
1022 3380 1179 3417 inveniri
1208 3380 1287 3417 sine
1315 3380 1394 3427 illo,
1423 3382 1496 3418 hoc

447 3438 500 3466 est
519 3432 786 3477 necessarium
816 3432 902 3480 quia
926 3444 1022 3481 quae
1050 3445 1118 3481 per
1140 3432 1314 3469 accidens
1343 3433 1496 3471 coniun-

446 3490 590 3529 guntur,
621 3484 797 3531 contingit
815 3496 891 3521 non
912 3484 1117 3543 coniungi):
1147 3485 1240 3522 sicut
1263 3484 1294 3521 si
1313 3485 1441 3523 album
1463 3494 1497 3523 et

447 3534 553 3571 dulce
580 3547 648 3583 per
674 3536 846 3573 accidens
876 3537 1150 3585 coniunguntur
1170 3539 1187 3557 ”
1209 3537 1247 3575 in
1266 3549 1434 3586 zuccaro,
1462 3546 1498 3575 et

1043 260 1388 298 PHYSICORUM
1414 258 1762 296 ARISTOTELIS
1791 259 1884 298 LIB.
1913 258 2000 294 VIII

1551 337 1679 372 album
1706 335 1897 372 invenitur
1924 335 2004 372 sine
2033 335 2143 383 dulci,
2163 343 2204 372 ut
2222 335 2260 373 in
2279 336 2384 384 nive,
2413 336 2610 385 probabile

1552 396 1606 424 est
1621 389 1724 436 quod
1740 395 1776 424 et
1795 388 1903 424 dulce
1924 387 2137 425 inveniatur
2155 388 2193 424 in
2213 388 2338 437 aliqua
2353 401 2392 426 re
2408 389 2487 426 sine
2508 390 2608 437 albo,

1550 447 1591 476 ut
1608 440 1647 477 in
1667 440 1796 477 cassia.
1819 440 1859 477 Si
1878 440 1987 488 igitur
2004 452 2167 478 movens
2186 441 2336 478 moveri
2354 449 2409 483 est
2426 453 2496 490 per
2514 442 2610 479 acci-

1553 493 1663 539 dens,
1693 500 1730 529 et
1748 492 1938 530 invenitur
1965 493 2114 530 moveri
2138 493 2281 541 absque
2304 505 2468 531 movere
2487 494 2527 531 in
2545 494 2609 532 ali—

1551 557 1628 592 quo
1641 573 1659 592 ‚-
1679 545 1774 582 sicut
1801 545 1839 582 in
1867 545 2001 582 ultimo
2030 552 2158 591 mot0;
2195 544 2395 594 probabile
2422 553 2478 583 est
2505 547 2611 594 quod

1550 597 1762 634 inveniatur
1789 610 1948 635 movere
1976 598 2119 646 absque
2147 598 2306 645 moveri,
2325 606 2369 635 ut
2391 598 2438 635 sit
2456 598 2611 647 aliquod

1550 662 1713 687 movens
1741 650 1847 699 quod
1865 663 1944 687 non
1963 651 2256 688 movetur.-Ex
2281 663 2357 699 quo
2369 657 2479 699 -patet
2505 651 2611 700 quod

1550 702 1619 739 ista
1644 703 1736 739 ratio
1757 715 1835 740 non
1863 704 1978 740 habet
2004 703 2218 740 instantiam
2254 703 2293 740 in
2330 703 2538 774 substantia
2574 710 2612 740 et

1551 754 1755 802 accidente,
1783 763 1819 792 et
1845 755 2001 792 materia
2029 763 2066 792 et
2093 756 2225 802 forma,
2252 763 2288 792 et
2314 755 2352 792 in
2373 755 2610 804 similibus,

1551 819 1715 854 quorum
1752 820 1872 844 unum
1909 808 2098 846 invenitur
2135 808 2213 845 sine
2256 808 2329 845 alio
2367 808 2434 846 sed
2470 821 2549 846 non
2587 821 2607 845 e

1551 871 1754 896 converso:
1785 860 1959 897 accidens
1979 861 2080 898 enirn
2098 873 2168 910 per
2186 873 2226 898 se
2246 861 2342 898 inest
2368 860 2609 908 substantiae,

1551 919 1587 948 et
1614 912 1793 949 materiae
1825 925 1895 961 per
1922 925 1962 950 se
1991 913 2168 951 convenit
2195 921 2236 950 ut
2262 914 2400 951 habeat
2432 926 2514 951 esse
2541 926 2611 963 per

1550 964 1724 1002 formam.

1604 1029 1639 1064 9.
1679 1017 1810 1054 Tertio
1847 1017 1919 1054 ibi:
1962 1018 2068 1055 Unde
2102 1018 2362 1068 Anaxagoras
2397 1018 2486 1055 dicit
2518 1025 2608 1066 etc.‚

1549 1069 1686 1117 probat
1712 1069 1813 1107 idem
1841 1069 2056 1107 testimonio
2085 1072 2345 1118 Anaxagorae.
2381 1069 2481 1116 Quia
2510 1070 2611 1108 enim

1551 1122 1730 1169 contingit
1756 1122 1917 1159 inveniri
1945 1122 2099 1171 aliquod
2123 1135 2286 1160 movens
2307 1122 2412 1171 quod
2430 1134 2509 1160 non
2526 1134 2610 1160 mo-

1549 1181 1670 1221 vetur,
1699 1175 1787 1211 ideo
1806 1176 2052 1222 Anaxagoras
2080 1182 2179 1211 recte
2208 1174 2312 1222 dixit,
2340 1186 2488 1223 ponens
2507 1174 2612 1212 intel·

1550 1227 1689 1263 lectum
1717 1226 1990 1275 impassibilem
2018 1234 2054 1264 et
2081 1226 2303 1264 immixtum.
2333 1228 2382 1264 Et
2407 1227 2483 1264 hoc
2509 1227 2609 1275 ideo,

1550 1279 1638 1328 quia
1657 1279 1736 1327 ipse
1755 1279 1923 1327 ponebat
1946 1279 2173 1317 intellectum
2198 1280 2364 1328 primum
2382 1279 2610 1329 principium

1549 1339 1696 1368 motus:
1727 1332 1779 1368 sic
1807 1339 1935 1369 autem
1964 1332 2210 1370 solummodo
2238 1332 2376 1381 poterit
2397 1344 2555 1370 movere
2574 1340 2612 1370 et

1549 1385 1749 1433 imperare,
1770 1385 1914 1434 absque
1933 1385 2008 1421 hoc
2027 1385 2132 1434 quod
2153 1392 2366 1432 moveatur,
2387 1384 2418 1421 si
2438 1386 2457 1406 *¹
2477 1385 2524 1422 sit
2542 1385 2610 1425 im-

1550 1437 1708 1474 mixtus:
1739 1437 1842 1486 quod
1872 1436 1974 1474 enim
2002 1437 2265 1474 commiscetur
2292 1437 2406 1485 alteri,
2435 1445 2613 1476 movetur

1550 1489 1839 1538 quodammodo
1868 1490 1916 1527 ad
1942 1497 2091 1527 motum
2117 1490 2245 1539 ipsius.

1609 1555 1665 1579 10.
1686 1542 1835 1580 Deinde
1855 1555 1944 1579 cum
1965 1542 2068 1580 dicit:
2087 1543 2140 1580 At
2155 1554 2245 1580 vero
2263 1543 2298 1580 si
2314 1555 2388 1580 non
2407 1543 2610 1581 secundum

1549 1595 1720 1632 accidens
1736 1602 1817 1642 etc.‚
1829 1595 2069 1644 prosequitur
2084 1595 2196 1632 aliam
2210 1603 2358 1644 partem
2373 1595 2567 1633 divisionis
2576 1596 2608 1641 *ς

1549 1647 1688 1684 scilicet
1715 1648 1820 1696 quod
1849 1660 1965 1685 omne
1994 1648 2099 1696 quod
2125 1655 2321 1694 movetur,
2358 1655 2534 1686 movetur
2561 1648 2610 1686 ab

1550 1700 1676 1749 aliquo
1705 1700 1810 1748 quod
1837 1708 2014 1738 movetur
2039 1713 2109 1750 per
2141 1713 2182 1737 se
2211 1702 2280 1738 et*
2294 1713 2373 1738 non
2400 1701 2611 1739 secundum

1551 1753 1736 1789 accidens.
1777 1753 1825 1789 Et
1861 1753 2052 1801 improbat
2088 1754 2162 1790 hoc
2195 1754 2342 1791 duabus
2377 1753 2610 1791 rationibus:

1551 1817 1713 1852 quarum
1733 1805 1856 1853 prima
1874 1805 1955 1842 talis
1975 1813 2040 1842 est.
2072 1805 2111 1842 Si
2129 1806 2204 1843 hoc
2223 1819 2301 1843 non
2321 1814 2376 1843 est
2402 1806 2612 1844 secundum

1551 1857 1726 1894 accidens
1746 1857 1814 1894 sed
1836 1869 1881 1894 ex
1900 1858 2119 1894 necessitate
2148 1866 2188 1894 ut
2211 1871 2374 1895 movens
2395 1866 2608 1906 moveatur,

1552 1917 1587 1946 et
1597 1911 1617 1930 '⁸
1627 1922 1824 1958 nunquam
1838 1910 1956 1958 possit
1973 1913 2130 1947 mover'e
2150 1910 2219 1947 nisi
2237 1918 2448 1958 moveatur,
2462 1918 2611 1960 oportet

1550 1963 1625 1998 hoc
1654 1962 1869 2010 contingere
1898 1963 2048 2000 duobus
2075 1963 2217 2000 modis:
2247 1975 2410 2012 quorum
2436 1976 2535 2001 unus
2555 1971 2612 2001 est

1551 2022 1591 2051 ut
1610 2027 1772 2052 movens
1792 2023 1993 2052 moveatur
2018 2016 2228 2052 secundum
2258 2017 2419 2053 eandem
2443 2016 2610 2065 speciem

1551 2075 1677 2104 motus
1697 2080 1772 2116 qua
1792 2075 1939 2114 movet3
1969 2067 2063 2104 alius
2083 2075 2138 2104 est
2159 2075 2200 2104 ut
2219 2080 2381 2105 movens
2401 2069 2611 2106 secundum

1551 2132 1668 2157 unam
1697 2120 1862 2168 speciem
1888 2127 2014 2156 motus
2041 2129 2196 2157 moveat
2224 2121 2260 2167 *,
2290 2121 2500 2158 secundum
2523 2121 2660 2172 ειῙῙε-;ἲ

1552 2184 1632 2208 ram
1658 2179 1868 2209 moveatur.
1899 2172 2065 2221 Exponit
2092 2180 2220 2210 autern
2243 2181 2518 2222 consequenter
2534 2173 2610 2223 pri—

1551 2236 1659 2260 mum
1686 2225 1865 2271 modum,
1902 2237 1988 2261 cum
2017 2225 2125 2262 dicit:
2163 2226 2260 2262 Dico
2287 2232 2412 2263 autem
2441 2234 2510 2264 etc.
2549 2226 2612 2265 Sic

1552 2277 1655 2314 enim
1681 2277 1837 2314 dicimus
1860 2289 2022 2314 movens
2050 2278 2197 2314 moveri
2218 2278 2426 2316 secundum
2451 2279 2614 2318 eandem

1551 2330 1717 2378 speciem
1742 2337 1888 2377 motus,
1926 2338 2018 2378 puta
2055 2330 2085 2367 si
2123 2331 2343 2368 calefaciens
2380 2332 2548 2379 calefiat,
2577 2338 2614 2369 et

1551 2395 1688 2420 sanans
1716 2389 1882 2430 sanetur,
1913 2391 1949 2420 et
1976 2384 2099 2420 ferens
2127 2385 2336 2421 secundum
2363 2384 2490 2421 locum
2517 2385 2612 2422 fera-

1551 2443 1620 2473 tur.
1652 2437 1700 2472 Et
1719 2436 1927 2472 secundum
1955 2435 2115 2472 modum
2140 2436 2294 2485 exponit
2318 2448 2404 2473 cum
2425 2436 2528 2473 dicit:
2553 2437 2613 2474 vel

1549 2501 1689 2526 sanans
1700 2495 1704 2500 ’
1705 2489 1872 2536 feratur,
1892 2489 1953 2525 vel
1967 2489 2102 2536 ferens
2120 2494 2325 2538 augeatur;
2343 2489 2418 2526 hoc
2437 2489 2537 2526 enim
2556 2497 2612 2527 est

1551 2549 1592 2578 ut
1610 2541 1819 2578 secundum
1839 2541 1951 2578 aliam
1970 2541 2135 2590 speciem
2153 2549 2279 2579 motus
2297 2549 2452 2579 moveat
2474 2549 2512 2578 et
2527 2554 2611 2580 mo-

1550 2601 1694 2631 veatur.
2182 2639 2186 2642 ,

1603 2646 1752 2683 Deinde
1786 2645 1949 2683 ostendit
1976 2645 2314 2694 impossibilitatem
2341 2646 2452 2695 primi
2479 2646 2610 2695 modi,

1552 2701 1637 2736 cum
1658 2699 1765 2736 dicit:
1804 2699 1878 2735 Sed
1907 2699 2146 2746 manifestum
2175 2707 2243 2736 etc.
2283 2699 2527 2739 Manifestum
2557 2706 2613 2739 est

1552 2752 1651 2789 enim
1685 2751 1915 2800 impossibile
1949 2764 2030 2788 esse
2067 2752 2171 2801 quod
2207 2765 2369 2790 movens
2401 2752 2611 2791 secundum

1551 2805 1713 2842 eandem
1749 2812 1874 2841 motus
1920 2804 2085 2853 speciem
2122 2813 2332 2842 moveatur.
2376 2805 2468 2842 Non
2510 2805 2611 2843 enim

1551 2858 1711 2894 sufficiet
1738 2865 1834 2894 stare
1871 2856 1909 2893 in
1947 2857 2071 2905 aliqua
2107 2857 2234 2906 specie
2270 2858 2504 2905 subalterna,
2543 2856 2611 2895 sed

1551 2910 1738 2958 oportebit
1765 2909 1964 2958 pervenire
1991 2922 2060 2959 per
2088 2909 2314 2947 divisionem
2339 2922 2459 2958 usque
2488 2909 2537 2947 ad
2555 2910 2610 2947 in-

1550 2963 1721 3008 dividua,
1760 2962 1855 2999 idest
1881 2973 2003 3011 usque
2037 2961 2086 2999 ad
2118 2962 2263 3011 species
2299 2962 2608 3011 specialissimas·

1550 3023 1640 3064 puta
1662 3016 1680 3036 *
1699 3015 1729 3051 si
1753 3014 1885 3063 aliquis
1913 3015 2059 3061 doceat,
2080 3027 2158 3051 non
2178 3015 2299 3052 solum
2328 3013 2520 3063 doceatur,
2541 3015 2609 3054 sed

1550 3067 1652 3104 idern
1680 3067 1815 3104 doceat
1843 3074 1878 3103 et
1905 3067 2105 3112 doceatur;
2138 3075 2229 3116 puta
2256 3067 2287 3104 si
2315 3067 2427 3104 docet
2456 3079 2609 3116 geome-

1550 3120 1677 3166 triam,
1717 3119 1821 3168 quod
1854 3119 1928 3156 hoc
1960 3119 2061 3156 idem
2090 3119 2289 3165 doceatur;
2327 3127 2390 3156 aut
2422 3120 2452 3157 si
2478 3128 2610 3159 movet

1551 3172 1675 3221 specie
1693 3180 1819 3209 motus
1843 3171 1971 3208 localis
2000 3184 2096 3221 quae
2126 3179 2181 3209 est
2206 3172 2398 3221 proiectio,
2428 3173 2533 3222 quod
2551 3185 2608 3211 se-

1551 3225 1717 3262 cundum
1745 3224 1910 3262 eundern
1941 3232 2088 3261 motum
2119 3225 2362 3273 proiectionis
2390 3233 2605 3263 moveatur:

1552 3285 1586 3314 et
1613 3278 1687 3314 hoc
1715 3284 1770 3314 est
1796 3277 1992 3314 manifeste
2020 3277 2165 3314 falsum.

1603 3330 1750 3367 Deinde
1780 3329 1933 3366 destruit
1956 3329 2165 3367 secundum
2192 3329 2372 3377 modum,
2402 3338 2443 3368 ut
2470 3330 2608 3368 scilicet

1550 3395 1628 3419 non
1659 3391 1858 3419 moveatur
1888 3394 2049 3419 movens
2082 3382 2292 3420 secundum
2327 3383 2487 3420 eandem
2523 3395 2606 3432 spe-

1551 3435 1647 3471 ciem
1668 3442 1804 3480 motus,
1825 3435 1891 3471 sed
1911 3435 2015 3484 quod
2040 3443 2171 3472 movet
2197 3447 2275 3472 uno
2304 3447 2440 3484 genere
2468 3443 2605 3483 motus,

1549 3495 1749 3524 moveatur
1777 3487 1848 3524 alio
1877 3499 2032 3535 genere:
2066 3495 2156 3536 puta
2184 3488 2287 3536 quod
2318 3495 2449 3526 movet
2475 3499 2606 3525 secun-

1551 3539 1642 3576 dum
1661 3540 1798 3587 locum,
1826 3547 2025 3576 moveatur
2051 3552 2120 3588 per
2146 3548 2408 3587 augmentum3
2438 3547 2474 3577 et
2501 3538 2605 3588 quod

2637 762 2646 771 ¹
2661 761 2686 783 in
2701 766 2749 783 om.
2763 761 2815 783 rab.

2637 1395 2648 1406 ⁶
2662 1396 2687 1416 et
2697 1401 2719 1417 Ρ.

2637 1600 2647 1610 ·
2662 1598 2699 1621 Cf.
2713 1605 2738 1621 n.
2752 1598 2775 1621 ⁶.

2638 1708 2844 1738 'eron-mle*

2638 1914 2714 1942 'quod
2721 1920 2756 1941 u,
2762 1913 2852 1942 aquea

2637 1946 2758 1962 ιιιππκοιιι
2759 1941 2849 1968 ἩραΙιο
2882 1970 2884 1972 ¹

2655 2123 2858 2173 Ἢῖῗϊὶ

2638 2181 2687 2198 m.

2636 3020 2646 3029 ·
2656 3020 2682 3041 ut
2688 3018 2741 3047 uid.
2748 3024 2851 3043 nunu„
