2950 4004
59 1068 71 1079 ·
81 1067 153 1091 Num.
167 1073 186 1096 5.

153 2494 170 2520 t

39 2563 41 2565 ,
57 2545 70 2556 ·
81 2547 196 2573 ponerent
207 2551 244 2567 m.

36 2610 40 2618 ,-
58 2597 268 2620 ’concederentsffi

59 2947 110 2965 “c-
123 2949 141 2965 1.

55 3016 147 3040 ’3.ΤΙ1.
153 3018 205 3039 lect.
211 3023 270 3039 vm.-

58 1591 70 1603 '‘
83 1595 168 1618 corpus
176 1597 224 1613 om.
231 1596 268 1612 zo.

58 2916 73 2929 ⁴
97 2922 171 2944 supra
201 2916 270 2938 codd.

38 3042 270 3092 1,1)ίιέ1111ᾸΧμλ6,

42 3263 47 3274 ν
63 3255 76 3268 ’
88 3256 199 3278 naturale
218 3256 271 3279 add.

1140 283 1248 318 CAP.
1278 282 1323 328 v,
1354 282 1503 319 LECT.
1533 283 1619 319 v111

297 371 331 390 ex
352 360 520 397 corporibus
541 359 658 388 infinitis
679 360 816 396 componi
837 360 944 397 aliquid
965 370 1064 395 unum,
1087 359 1142 388 nisi
1157 361 1214 387 duo
1230 368 1353 395 corpora

297 407 392 430 essent
412 400 511 434 simul,
534 400 614 436 quod
635 406 676 428 est
698 399 882 435 impossibile.
898 417 917 421 -
939 401 966 427 8.
989 400 1131 428 Probatur
1152 408 1238 434 supra
1259 398 1352 434 posita

297 442 341 476 (n.
357 441 390 475 6)
412 438 507 467 minor
527 440 626 475 quoad
646 448 750 475 corpus
771 439 899 475 simplex.
922 440 958 466 Et
971 438 1066 475 primo
1081 438 1238 466 excluditur
1251 437 1351 473 opinio

297 488 408 513 eorum,
421 479 469 515 qui
484 485 595 514 praeter
607 485 730 515 quatuor
744 485 813 506 nota
827 478 968 506 elementa
989 478 1136 514 ponebant
1155 477 1232 504 aliud
1247 485 1351 512 corpus

297 518 416 555 simplex
437 518 565 546 medium
586 518 659 546 inter
672 527 714 553 ea,
736 527 770 545 ex
791 526 849 553 quo
870 517 925 545 alia
945 516 1074 553 generari
1088 516 1228 550 dicebant,
1244 522 1271 543 et
1285 515 1351 543 huic

297 557 489 586 attribuebant
509 557 686 585 infinitatem.
703 557 778 584 Cum
792 556 868 584 enlm
884 565 970 584 omne
985 555 1178 591 compositum
1193 555 1351 582 resolvatur

297 597 327 625 in
348 606 400 625 sua
420 597 634 633 componentia,
650 596 672 624 si
687 596 741 624 tale
761 604 864 631 corpus
886 594 1005 631 simplex
1025 594 1164 629 existeret,
1179 593 1352 621 inveniretur

421 720 486 743 μμ,
505 703 741 745 ,³0stquam
780 694 1033 743 Philosophus
1070 694 1234 731 removit
1271 692 1350 742 opi-

382 764 388 771 *
532 749 720 786 ‘vnionem
749 747 1022 796 antiquorum'·
1042 746 1106 794 qui
1127 747 1174 784 de
1202 746 1349 782 infinito

421 795 549 846 ’Ξῖ-Ἓξ
565 810 644 837 non
671 800 887 836 naturaliter
914 799 1181 847 loquebantur,
1211 798 1301 835 illud
1330 810 1351 834 a

366 877 389 883 «ν
451 848 548 894 „311'7
565 852 802 889 sensibilibus
831 859 1066 900 separantes,
1100 852 1161 887 hic
1189 851 1352 888 ostendit

296 918 375 943 non
395 917 476 942 esse
496 905 697 952 infinitum,
727 905 821 941 sicut
839 904 1054 953 philosophi
1079 905 1264 941 naturales
1282 916 1350 952 po-

296 959 448 996 nebant.
478 958 526 994 Et
543 957 668 1006 primo
698 957 859 994 ostendit
885 957 959 993 hoc
986 969 1055 1005 per
1080 956 1243 993 rationes
1262 956 1351 1003 logi-

297 1023 379 1057 cas;
408 1010 576 1047 seeundo
601 1023 670 1059 per
689 1010 852 1047 rationes
885 1009 1082 1056 naturales,
1105 1009 1170 1045 ibi:
1195 1010 1352 1057 Physice

295 1069 419 1101 autem
439 1063 562 1112 magis
577 1064 597 1084 ²¹²
614 1070 680 1100 etc.
711 1062 895 1099 Dicuntur
915 1069 1043 1098 autem
1067 1061 1213 1110 primae
1241 1061 1351 1098 ratio-

295 1128 364 1153 nes
392 1115 547 1163 logicae,
585 1128 664 1152 non
692 1115 780 1163 quia
809 1127 854 1151 ex
881 1114 1048 1152 terminis
1077 1114 1205 1162 logicis
1233 1115 1351 1162 logice

294 1169 513 1217 procedant,
535 1169 602 1205 sed
634 1168 722 1216 quia
749 1168 867 1205 modo
892 1167 1014 1215 logIco
1033 1168 1253 1215 procedunt,
1284 1167 1352 1204 sci-

294 1222 379 1258 licet
407 1232 451 1257 ex
489 1220 757 1258 communibus
786 1227 822 1257 et
847 1219 1126 1268 probabilibus,
1162 1219 1266 1268 quod
1299 1226 1353 1256 est

293 1273 491 1323 proprium
519 1273 737 1322 syllogismi·
753 1273 944 1310 dialectici.

350 1337 384 1363 2.
414 1325 526 1362 Ponit
553 1338 642 1374 ergo
668 1327 761 1364 duas
789 1326 928 1374 logicas
957 1325 1122 1362 rationes
1136 1323 1164 1361 β.
1195 1326 1237 1361 In
1261 1337 1352 1373 qua-

296 1391 381 1416 rum
399 1378 523 1427 prima
551 1379 760 1416 ostenditur
788 1378 891 1427 quod
920 1391 998 1415 non
1026 1377 1071 1415 sit
1090 1377 1242 1436 aliquod
1271 1389 1351 1413 cor-

295 1443 367 1480 pus
391 1431 593 1468 infinitum.
623 1430 803 1468 Definitio
833 1430 933 1467 enim
963 1430 1132 1479 corporis
1152 1437 1218 1476 est,
1247 1430 1352 1488 quod

296 1484 342 1520 sit
368 1483 651 1520 determinatum
677 1483 853 1532 planitie,
883 1484 977 1520 idest
1009 1482 1229 1542 superficie,
1259 1482 1352 1519 sicut

297 1535 465 1573 definitio
485 1536 606 1572 lineae
627 1543 681 1572 est
700 1536 803 1584 quod
833 1536 913 1572 eius
932 1535 1082 1572 termini
1102 1535 1173 1571 sint
1197 1541 1348 1583 puncta.

296 1589 454 1626 Nullum
478 1595 606 1625 autem
626 1601 762 1637 corpus
779 1589 798 1610 ‘¹‘
819 1588 1110 1625 determinatum
1139 1587 1349 1636 superficie,

297 1649 351 1678 est
377 1640 588 1678 infinitum:
619 1653 706 1688 ergo
736 1641 882 1677 nullum
912 1653 1049 1688 corpus
1070 1647 1124 1676 est
1142 1639 1349 1685 infinitum;

295 1705 419 1741 neque
439 1693 626 1740 sensibile,
655 1693 760 1742 quod
781 1700 835 1730 est
855 1705 991 1741 corpus
1014 1692 1195 1738 naturale,
1225 1704 1351 1740 neque

294 1745 531 1794 intelligibile,
548 1745 653 1794 quod
668 1753 724 1782 est
738 1758 875 1794 corpus
890 1745 1213 1782 mathematicum.
1236 1745 1351 1790 Quod

276 1810 384 1846 >ergo
406 1798 493 1835 dicit
520 1798 800 1844 rationabiliter,
830 1798 1100 1847 exponendum
1131 1804 1185 1833 est
1213 1797 1350 1846 logice:

294 1862 386 1888 nam
413 1850 533 1898 logica
562 1850 693 1888 dicitur
720 1850 908 1887 rationalis
936 1849 1186 1899 philosophia.

349 1904 384 1940 3.
415 1904 591 1940 Secunda
627 1903 720 1940 ratio
751 1903 913 1940 ostendit
945 1902 1050 1950 quod
1086 1914 1164 1938 non
1196 1901 1242 1938 sit
1268 1901 1351 1938 infi-

294 1955 416 1993 nitum
435 1955 684 1993 multitudine.
716 1956 843 1993 Omne
873 1956 974 1992 enim
1002 1954 1237 1992 numerabile
1263 1967 1351 1991 con-

293 2008 398 2056 tingit
425 2009 636 2056 numerari,
676 2016 712 2045 et
747 2021 816 2057 per
845 2020 1082 2056 consequens
1110 2007 1350 2044 numerando

293 2061 458 2108 transiri;
492 2061 616 2098 omnis
644 2069 771 2098 autem
804 2073 1006 2107 numerus,
1041 2067 1077 2096 et
1105 2072 1219 2096 omne
1249 2060 1350 2108 quod

274 2115 408 2151 .habet
434 2126 648 2161 numerum,
674 2122 730 2151 est
757 2114 1006 2159 numerabile;
1037 2125 1125 2160 ergo
1148 2125 1262 2149 omne
1282 2113 1350 2149 hu-

294 2166 460 2204 iusmodi
497 2166 675 2214 contingit
711 2166 868 2204 transiri.
909 2167 948 2204 Si
980 2166 1090 2213 igitur
1122 2165 1254 2213 aliquis
1282 2178 1350 2202 nu-

294 2231 433 2267 merus,
463 2218 543 2256 sive
571 2226 785 2268 separatus,

295 2279 415 2318 stens,
454 2271 500 2308 sit
526 2272 716 2320 infinitus,
756 2279 934 2321 sequetur
967 2271 1072 2320 quod
1099 2271 1277 2319 possibile
1307 2271 1352 2307 sit

293 2324 450 2361 transire
478 2324 689 2371 infinitum3
719 2325 824 2373 quod
852 2332 907 2361 est
934 2323 1177 2372 impossibile.

345 2388 383 2424 4.
413 2377 698 2414 Attendendum
728 2385 782 2414 est
805 2385 932 2414 autem
952 2377 1057 2425 quod
1076 2376 1166 2413 istae
1187 2375 1350 2412 rationes

296 2437 382 2467 sunt
398 2429 624 2478 probabiles,
659 2437 694 2467 et
721 2430 970 2478 procedentes
997 2442 1041 2465 ex
1059 2429 1103 2466 iis
1131 2441 1228 2477 quae
1249 2441 1352 2465 com-

296 2482 459 2519 muniter
479 2482 662 2519 dicuntur.
692 2483 784 2519 Non
808 2482 909 2519 enim
924 2487 938 2509 ⁷
959 2494 1004 2518 ex
1022 2481 1241 2518 necessitate
1263 2494 1351 2517 con-

297 2535 470 2571 cludunt:
500 2535 590 2584 quia
617 2535 681 2584 qui
708 2543 868 2584 poneret
883 2536 902 2556 ’l‘
922 2534 1075 2582 aliquod
1104 2546 1241 2582 corpus
1271 2546 1351 2570 esse

295 2587 496 2634 infinitum,
516 2591 595 2624 non
614 2588 871 2625 concederet*
890 2587 994 2636 quod
1023 2587 1069 2624 de
1098 2586 1240 2623 ratione
1271 2599 1351 2622 cor-

295 2639 397 2688 poris
426 2647 523 2676 esset
549 2640 741 2676 terminari
760 2639 1075 2688 superficie,vnisi
1094 2639 1187 2676 forte
1221 2651 1352 2675 secun-

297 2692 390 2729 dum
417 2692 645 2740 potentiam;
684 2693 858 2740 quamvis
892 2693 967 2729 hoc
1003 2692 1049 2728 sit
1083 2691 1278 2740 probabile
1317 2699 1354 2728 et

297 2745 498 2781 famosum.
538 2744 714 2781 Similiter
751 2745 815 2794 qui
853 2744 991 2781 diceret
1028 2744 1192 2792 aliquam
1229 2743 1352 2780 multi-

296 2796 466 2834 tudinem
500 2808 580 2833 esse
618 2796 823 2843 infinitam,
862 2809 941 2833 non
978 2796 1116 2833 diceret
1153 2808 1237 2832 eam
1271 2808 1351 2832 esse

297 2861 511 2896 numerum,
531 2849 593 2885 vel
612 2861 816 2885 numerum
843 2849 994 2885 habere.
1019 2848 1136 2885 Addit
1163 2848 1266 2884 enim
1285 2860 1353 2884 nu-

296 2915 425 2939 merus
445 2901 587 2950 super*
603 2901 880 2938 multitudinem
902 2901 1085 2938 rationem
1106 2900 1353 2937 mensuratio-

297 2955 370 2992 nis:
401 2962 455 2991 est
483 2954 584 2991 enim
612 2966 793 2990 numerus
822 2953 1021 2990 multitudo
1053 2961 1267 2990 mensurata
1285 2965 1354 3002 per

296 3019 428 3054 unum,
448 3013 490 3043 ut
509 3006 641 3043 dicitur
659 3006 696 3043 in
716 3008 750 3043 X
769 3007 983 3054 Metaphys.
1006 3008 1024 3026 ὓ
1045 3007 1093 3042 Et
1107 3013 1262 3055 propter
1279 3006 1354 3042 hoc

297 3071 478 3096 numerus
497 3059 649 3107 ponitur
668 3058 811 3108 species
830 3058 1042 3108 quantitatis
1063 3058 1254 3105 discretae,
1275 3071 1354 3095 non

299 3119 427 3148 autem
454 3111 671 3157 multitudo;
694 3111 761 3148 sed
790 3119 844 3148 est
863 3112 910 3149 de
938 3111 1297 3148 transcendentibus.

356 3164 387 3200 5.
409 3163 558 3201 Deinde
578 3176 666 3200 cum
686 3163 789 3200 dicit:
809 3164 967 3212 Physice
985 3169 1108 3200 autem
1128 3164 1251 3212 magis
1270 3170 1352 3210 etc.,

299 3216 441 3252 inducit
467 3215 630 3252 rationes
657 3216 843 3253 naturales
872 3216 920 3252 ad
944 3215 1220 3252 ostendendum
1250 3215 1354 3263 quod

300 3281 378 3305 non
397 3267 442 3304 sit
461 3268 628 3316 corpus*
644 3268 832 3304 infinitum
851 3268 890 3304 in
910 3275 1005 3304 actu.
1028 3267 1137 3304 Circa
1152 3280 1244 3315 quas
1265 3280 1352 3304 con-

825 2219 904 2256 sive
942 2219 980 2255 in
1013 2217 1249 2255 sensibilibus
1279 2217 1350 2254 exi'-

2389 290 2456 325 125

1406 369 1457 395 per
1484 361 1688 389 resolutionem
1710 371 1864 398 corporum
1886 369 1913 390 et
1940 363 2163 399 elementorum;
2186 365 2265 400 quod
2290 371 2368 400 patet
2396 374 2458 394 esse

1405 399 1516 427 falsum.
1532 417 1550 420 —
1565 409 1591 436 9.
1614 401 1724 429 Deinde
1745 402 1940 430 universaliter
1961 402 2120 430 ostenditur
2135 386 2214 439 qiiod
2228 404 2339 432 nullum
2354 413 2458 440 corpus

1406 437 1524 474 simplex
1545 446 1639 483 potest
1652 449 1713 468 esse
1728 440 1883 468 infinitum.
1906 451 1973 469 nam
1988 451 2048 469 non
2063 442 2157 469 solum
2172 449 2297 478 quatuor
2318 443 2460 472 elementa

1405 483 1471 504 sunt
1485 478 1627 506 contraria
1648 480 1684 507 ad
1706 479 1836 514 invicem,
1859 481 1908 508 sed
1924 480 2008 508 etiarn
2027 481 2095 508 illud
2111 490 2215 518 corpus
2229 482 2356 510 medium
2371 483 2459 511 habe-

1405 522 1447 543 ret
1474 517 1703 546 contrarietatem
1725 519 1762 546 ad
1786 519 1840 547 alia
1861 520 2016 553 elementa,
2045 530 2110 548 cum
2139 529 2172 548 ex
2193 530 2228 549 eo
2250 521 2305 549 alia
2331 523 2459 558 generari

1405 555 1543 583 dicantur.
1561 557 1658 584 Posito
1673 563 1769 585 autem
1783 568 1843 586 uno
1858 559 2001 587 contrario
2022 559 2143 595 infinito,
2159 566 2251 588 cetera
2266 562 2459 597 destruuntur,

1405 603 1455 622 seu
1477 602 1680 623 convertuntur
1701 596 1730 624 in
1751 597 1854 632 ipsum.

1405 693 1647 731 siderandum
1686 698 1886 744 estquod,
1917 698 2005 746 quia
2032 699 2249 736 Aristoteles
2286 701 2458 738 nondum

1404 747 1631 793 probaverat
1665 760 1800 797 corpus
1840 751 1996 786 caeleste
2032 763 2113 787 esse
2149 752 2297 789 alterius
2335 765 2458 790 essen-

1404 798 1475 834 tiae
1505 811 1526 835 a
1555 807 1716 848 quatuor
1745 802 1952 849 elementis,
1979 803 2106 851 opinio
2132 812 2260 840 autem
2287 818 2459 842 commu-

1405 850 1461 886 nis
1491 863 1561 887 suo
1585 860 1756 900 tempore
1776 854 1895 890 fuerat
1914 855 2017 903 quod
2037 863 2133 892 esset
2153 857 2199 893 de
2219 865 2350 893 natura
2370 871 2459 906 qua-

1404 909 1490 939 tuor
1518 905 1808 953 elementorum,
1837 907 2008 954 procedit
2035 907 2072 943 in
2100 908 2157 944 his
2185 909 2388 946 rationibus
2417 923 2461 947 ac

1406 955 1436 991 si
1463 968 1542 992 non
1570 964 1666 993 esset
1694 958 1794 995 aliud
1818 971 1953 1007 corpus
1979 960 2151 996 sensibile
2176 969 2277 997 extra
2301 969 2461 1011 quatuor

1407 1008 1612 1056 elementa,
1642 1012 1851 1047 secundum
1880 1024 1988 1048 suam
2019 1013 2348 1051 consuetudinem:
2374 1015 2461 1062 quia

1406 1071 1557 1119 semper
1585 1069 1788 1110 antequam
1821 1064 1955 1110 probet
1982 1064 2020 1101 id
2048 1065 2151 1113 quod
2181 1073 2235 1102 est
2262 1079 2352 1102 suae
2381 1067 2460 1115 opi-

1406 1112 1544 1159 nionis,
1582 1114 1752 1161 procedit
1785 1127 1829 1151 ex
1863 1116 2118 1164 suppositione
2153 1118 2339 1178 opinionis
2372 1119 2461 1155 alio-

1406 1177 1491 1201 rum
1512 1166 1736 1203 communis.
1757 1167 1866 1203 Unde
1890 1176 2093 1216 postquam
2120 1170 2295 1217 probavit
2323 1171 2360 1207 in
2387 1172 2460 1219 pri-

1405 1230 1493 1254 mo
1480 1218 1601 1254 *libro
1617 1219 1662 1255 de
1673 1219 1785 1256 Caelo
1800 1225 1836 1255 et
1843 1221 1990 1257 Mundo
2001 1222 2050 1268 ²³³⁶,
2064 1223 2209 1258 caelum
2222 1235 2303 1259 6556
2314 1223 2460 1260 alterius

1405 1277 1560 1307 naturae
1597 1272 1645 1307 ab
1684 1272 1895 1319 elementis,
1934 1273 1983 1309 ad
2009 1274 2172 1310 veritatis
2202 1275 2497 1313 certitudinem

1405 1323 1511 1359 iterat
1531 1323 1870 1361 considerationem
1891 1325 1938 1362 de
1962 1325 2124 1373 infinito,
2151 1328 2352 1364 ostendens
2379 1328 2460 1364 uni-

1405 1376 1597 1412 versaliter
1620 1377 1725 1424 quod
1743 1378 1889 1414 nullum
1910 1390 2047 1426 corpus
2067 1378 2239 1416 sensibile
2260 1387 2315 1416 est
2339 1380 2460 1417 infini-

1405 1435 1498 1464 tum.
1519 1428 1591 1465 Hic
1611 1437 1736 1465 autem
1755 1429 1880 1478 primo
1901 1430 2062 1467 ostendit
2085 1431 2190 1479 quod
2209 1444 2288 1469 non
2308 1433 2352 1469 sit
2380 1445 2460 1469 cor-

1403 1493 1475 1528 pus
1499 1480 1672 1517 sensibile
1696 1482 1905 1529 infinitum,
1936 1484 2131 1531 supposito
2161 1485 2265 1532 quod
2289 1485 2361 1521 sint
2390 1486 2461 1521 ele-

1405 1540 1533 1569 menta
1557 1533 1662 1570 finita
1689 1534 1945 1580 multitudine,
1976 1536 2144 1573 secundo
2171 1537 2332 1574 ostendit
2359 1537 2460 1575 idem

1404 1585 1671 1633 universaliter,
1700 1586 1768 1622 ibi:
1803 1587 1954 1634 Oportet
1978 1593 2101 1624 autem
2130 1589 2176 1625 de
2198 1590 2302 1626 omni
2325 1591 2432 1627 *eto

1458 1638 1556 1674 Dicit
1585 1650 1672 1685 ergo
1709 1639 1833 1687 primo
1867 1640 1970 1687 quod
2006 1641 2250 1687 procedendo
2287 1643 2469 1686 naturali--

1404 1697 1479 1737 ter,
1507 1690 1602 1727 idest
1628 1703 1671 1727 ex
1698 1691 1888 1739 principiis
1917 1692 2091 1729 scientiae
2124 1694 2314 1741 naturalis,
2340 1695 2460 1742 magis

1406 1749 1441 1778 et
1470 1742 1603 1779 certius
1624 1743 1848 1780 considerari
1877 1745 2013 1803 poterit
2037 1746 2140 1793 quod
2161 1759 2238 1783 non
2258 1747 2303 1783 sit
2322 1760 2459 1795 corpus

1405 1794 1579 1831 sensibile
1607 1795 1811 1842 infinitum,
1847 1809 1891 1833 ex
1919 1797 1962 1833 iis
1990 1810 2087 1845 quae
2117 1798 2295 1835 dicentur.
2333 1800 2460 1836 Omne

1406 1846 1506 1883 enim
1536 1860 1672 1896 corpus
1701 1825 1876 1885 sensibile
1905 1857 1968 1885 aut
1997 1857 2051 1886 est
2079 1850 2237 1898 simplex
2265 1859 2328 1888 aut
2356 1864 2459 1888 com-

1404 1899 1583 1947 positum.

1459 1953 1494 1989 6.
1524 1952 1653 1989 Primo
1683 1965 1770 2000 ergo
1805 1954 1966 1990 ostendit
1993 1954 2096 2002 quod
2128 1967 2206 1991 non
2244 1955 2288 1991 sit
2325 1968 2460 2004 corpus

1405 2004 1614 2041 sensibile*
1635 2005 1888 2054 compositum
1908 2007 2109 2054 infinitum,
2132 2008 2326 2056 supposito
2355 2009 2459 2057 quod

1405 2057 1477 2094 sint
1496 2058 1681 2094 elementa
1699 2058 1805 2094 finita
1824 2059 2035 2096 secundum
2055 2059 2347 2097 multitudinem.
2369 2062 2460 2098 Non

1406 2110 1507 2146 enim
1534 2118 1659 2158 potest
1687 2123 1768 2147 esse
1797 2112 1900 2160 quod
1927 2124 2048 2148 unum
2069 2112 2238 2161 ipsorum
2267 2113 2312 2150 sit
2338 2113 2459 2151 infini-

1404 2170 1485 2199 tum
1520 2171 1555 2199 et
1587 2163 1658 2199 alia
1688 2163 1811 2200 finita:
1846 2164 1933 2212 quia
1966 2165 2014 2201 ad
2048 2165 2364 2213 compositionem
2398 2167 2459 2203 ali-

1406 2215 1511 2251 cuius
1541 2215 1707 2264 corporis
1740 2216 1843 2252 mixti
1880 2216 2078 2265 requiritur
2115 2219 2218 2266 quod
2250 2218 2322 2255 sint
2354 2219 2462 2267 plura

1407 2268 1603 2315 elementa,
1634 2275 1669 2304 et
1696 2269 1799 2316 quod
1824 2269 2008 2306 contraria
2041 2269 2166 2318 aliquo
2200 2270 2317 2308 modo
2350 2272 2461 2308 adae-

1406 2327 1583 2368 quentur;
1608 2321 1698 2357 alias
1728 2322 1953 2369 compositio
1971 2334 2195 2370 permanere
2215 2336 2294 2360 non
2316 2333 2459 2372 posset;

1406 2372 1495 2421 quia
1509 2373 1599 2410 illud
1615 2374 1719 2421 quod
1740 2381 1836 2410 esset
1855 2375 2013 2411 omnino
2033 2376 2233 2423 potentius,
2254 2377 2460 2414 destrueret

1406 2425 1487 2472 alia,
1513 2438 1601 2462 cum
1627 2426 1811 2462 elementa
1829 2426 1901 2463 sint
1921 2427 2115 2464 contraria.
2138 2428 2177 2465 Si
2196 2436 2323 2465 autem
2342 2442 2462 2467 unum

1407 2479 1679 2515 elementorum
1706 2486 1802 2515 esset
1824 2478 2024 2526 infinitum,
2054 2481 2155 2516 nulla
2180 2481 2382 2528 aequalitas
2407 2495 2462 2519 es-

1407 2539 1476 2577 set,
1499 2531 1577 2567 aliis
1596 2530 1709 2567 finitis
1729 2531 1985 2577 existentibus;
2007 2532 2095 2579 quia
2113 2533 2302 2570 infinit-um
2321 2534 2461 2582 impro-

1405 2583 1661 2631 portionaliter
1681 2584 1824 2620 excedit
1842 2584 2002 2620 finitum.
2029 2585 2119 2621 Non
2140 2597 2228 2632 ergo
2247 2586 2321 2622 hoc
2339 2594 2463 2634 potest

1407 2649 1506 2683 esse,
1537 2636 1641 2684 quod
1659 2649 1779 2672 unum
1798 2643 1943 2673 tantum
1967 2649 2100 2674 eorum
2124 2650 2221 2686 quae
2249 2638 2406 2676 veniunt
2423 2639 2462 2676 in

1407 2689 1646 2736 mixtionem,
1677 2689 1722 2725 sit
1748 2689 1947 2726 infinitum.

1460 2743 1594 2778 Posset
1621 2749 1748 2778 autem
1777 2741 1908 2789 aliquis
1938 2741 2061 2778 dicere
2090 2742 2194 2790 quod
2222 2743 2312 2780 illud
2340 2743 2462 2780 infini-

1406 2803 1488 2831 tum
1519 2801 1615 2831 esset
1643 2793 1773 2831 debilis
1800 2794 1945 2831 virtutis
1973 2795 2011 2831 in
2039 2795 2196 2842 agendo,
2219 2803 2254 2832 et
2272 2796 2358 2832 ideo
2383 2808 2462 2833 non

1405 2854 1530 2896 potest
1547 2846 1699 2883 vincere
1720 2846 1806 2893 alia,
1828 2847 1966 2883 scilicet
1991 2848 2098 2884 finita
2115 2849 2145 2893 ²³²,
2167 2860 2264 2896 quae
2284 2856 2369 2885 sunt
2388 2849 2460 2885 for-

1401 2899 1509 2936 tioris
1533 2898 1693 2946 virtutis,
1722 2906 1851 2947 utpote
1880 2900 1910 2936 si
1939 2899 2103 2937 infinitus
2123 2900 2168 2937 sit
2186 2913 2250 2937 aer
2277 2909 2313 2937 et
2335 2901 2462 2938 finitus

1407 2952 1512 3000 ignis.
1543 2953 1592 2988 Et
1618 2951 1704 2988 ideo
1734 2951 1780 2988 ad
1809 2952 1883 2988 hoc
1917 2954 2193 2990 removendum
2223 2953 2328 3000 dicit,
2359 2954 2462 3001 quod

1408 3012 1759 3053 quantumcumque
1774 3004 1941 3052 potentia
1960 3005 2071 3042 unius
2091 3006 2257 3053 corporis
2272 3006 2376 3054 quod
2394 3019 2461 3055 po-

1409 3057 1507 3094 nitur
1535 3056 1739 3103 infinitum,
1773 3057 1922 3093 deficiat
1950 3070 1971 3093 a
1998 3058 2164 3106 potentia
2199 3059 2347 3095 alterius
2381 3071 2461 3095 cor-

1407 3110 1510 3158 poris
1529 3109 1633 3158 quod
1657 3109 1809 3157 ponitur
1826 3109 1992 3156 finitum,
2021 3117 2150 3159 utpote
2177 3110 2206 3146 si
2234 3111 2326 3157 ignis
2355 3110 2400 3146 sit
2417 3111 2460 3146 fi-

1408 3162 1506 3199 nitus
1535 3169 1571 3198 et
1596 3174 1659 3198 aer
1681 3161 1871 3207 ,infinitus3
1910 3174 2063 3198 necesse
2093 3169 2148 3198 est
2179 3169 2306 3198 tamen
2339 3162 2459 3198 dicere

1408 3214 1513 3263 quod
1541 3226 1605 3250 aer
1632 3219 1971 3262 quantumcumque
2002 3214 2206 3262 duplicatus
2226 3211 2253 3259 δ,
2283 3214 2377 3251 idest
2404 3226 2460 3250 se-

1410 3267 1576 3303 cundum
1606 3266 1770 3314 aliquem
1798 3278 2000 3302 numerum
2029 3265 2301 3314 multiplicatus,
2327 3265 2372 3302 sit
2399 3277 2459 3302 ae-

975 3335 1766 3350 ——-.—.—3.-.—...—-

354 3389 380 3421 α)
400 3388 548 3420 opinionem
561 3388 767 3419 antiquorumae
778 3387 913 3418 opiniones
927 3387 1096 3419 antiquorum
1111 3387 1141 3417 R,
1156 3366 1291 3418 opiniones
1305 3395 1352 3412 an-

301 3425 433 3456 tiquorum
448 3422 665 3455 philosophorum
684 3422 769 3446 EG.-
783 3422 833 3446 Pro
851 3421 1031 3453 loquebantur,
1052 3422 1132 3446 locuti
1149 3424 1210 3446 sunt
1229 3422 1282 3450 EG,
1297 3422 1353 3453 opi-

1459 3389 1485 3421 γ)
1504 3392 1567 3413 sunt
1582 3388 1739 3419 probabiles,
1753 3390 1778 3411 et
1792 3386 2007 3418 procedentes...
2022 3386 2081 3411 Non
2102 3386 2179 3410 enim.
2193 3399 2212 3404 —
2226 3386 2306 3411 Codd.
2321 3392 2345 3411 et
2363 3387 2404 3412 ab
2424 3388 2460 3412 le-

1407 3428 1470 3455 gunt
1483 3423 1634 3454 probabiles
1644 3426 1713 3451 sunt,
1720 3421 1920 3453 procedentes..
1929 3427 1998 3445 .non
2012 3424 2108 3446 autem.
2123 3421 2192 3445 Idem
2206 3428 2300 3446 sensus
2314 3422 2362 3446 sub
2377 3421 2460 3447 forma

300 3460 434 3484 nabantur
446 3463 494 3482 cet.
509 3465 561 3482 exc.
576 3457 715 3481 ΗΜΝΟ.-
729 3457 790 3481 Post
809 3456 980 3488 loquebantur
999 3456 1073 3480 codd.
1087 3461 1111 3480 et
1129 3457 1170 3481 ab
1189 3464 1242 3480 om.
1257 3457 1324 3481 illud
1336 3464 1354 3481 a
1407 3458 1567 3490 aliquatenus
1586 3458 1694 3481 diversa.

299 3494 461 3519 sensibilibus
479 3495 642 3525 separantes.

355 3528 380 3561 β)
399 3528 499 3561 logicas
518 3527 673 3552 rationesff
654 3526 807 3559 -logicales
824 3525 941 3550 rationes
955 3525 1048 3550 Pab.-
1062 3525 1091 3549 In
1106 3530 1163 3550 ante
1175 3532 1287 3557 quarum
1300 3533 1354 3550 om.

301 3564 375 3588 codd.
395 3569 419 3588 et
437 3563 487 3588 ab.
506 3563 556 3589 Pro
574 3561 736 3591 ostenditur,
757 3561 909 3586 ostendetur
928 3560 1004 3592 EpG‚
1029 3561 1143 3585 ostendit
1161 3560 1354 3585 DHFLNSsGl.

301 3598 340 3623 Cf.
355 3606 380 3623 n.
390 3605 446 3630 seq.

1460 3491 1484 3526 δ)
1505 3492 1687 3523 duplicatuSae-
1697 3491 1847 3522 duplicatur
1860 3489 2118 3522 AFKLNQSTXYpl
2133 3495 2158 3514 et
2171 3497 2220 3515 a.—
2229 3490 2285 3516 Lin.
2300 3499 2356 3524 seq.
2371 3492 2460 3516 multi-

1403 3526 1520 3557 plicatus
1538 3527 1615 3551 iidem
1635 3534 1687 3550 exc.
1701 3525 1795 3550 a.-1bi
1815 3525 1846 3548 Si
1863 3524 1931 3548 enim
1952 3525 2074 3555 potentia
2098 3525 2167 3557 ignis
2190 3531 2227 3550 est
2252 3527 2385 3558 centuplo,
2411 3534 2460 3559 pro

1409 3561 1492 3620 ἓηῦἰηι,
1512 3561 1595 3593 igitur
1614 3561 1692 3591 PEG;
1711 3567 1758 3592 pro
1777 3563 1828 3588 est,
1848 3562 1915 3584 esset
1933 3559 2049 3590 PDHab;
2068 3567 2115 3592 pro
2133 3561 2268 3592 centuplo,
2293 3561 2318 3586 in
2338 3562 2459 3594 centuplo

2487 1227 2573 1274 'primo
2579 1228 2697 1250 om.codu.

2487 1260 2499 1274 e
2524 1259 2547 1275 a.

2499 1280 2549 1301 'Ca
2569 1296 2574 1301 .
2587 1286 2695 1306 11,n.1o.-

2487 1306 2513 1328 S
2527 1306 2547 1327 T
2565 1321 2570 1326 .
2586 1306 2677 1328 lect.1v.

2487 1596 2574 1617 *Lech
2590 1602 2638 1624 seq.

2487 2014 2496 2023 '
2518 2014 2626 2035 sensibile
2649 2019 2696 2034 om.

2487 2040 2555 2062 codd.
2562 2046 2610 2061 exc.
2617 2045 2696 2061 set-os.

2488 2850 2499 2861 Ψ
2522 2849 2611 2871 scilicet
2625 2849 2697 2876 finita

2489 2882 2537 2897 om.
2560 2875 2627 2897 codd.
2649 2881 2699 2897 exc.

2488 2908 2553 2923 Losz.
