2898 3996
176 414 187 425 ⁴·
201 413 309 434 similiter
323 420 344 434 P.

175 522 185 531 ⁴
192 523 278 548 partes
285 526 388 548 omps-u.

180 946 191 956 ⁴⁸
206 945 329 967 secundum
345 951 389 966 mu

418 275 493 310 230

419 353 598 400 colorem,
616 352 704 401 quia
724 358 890 388 mutatur
908 351 948 388 in
962 351 1190 398 albedinem,
1205 363 1304 399 quae
1327 358 1381 388 est
1394 363 1480 400 pars

419 405 566 443 coloris.
593 406 641 441 Et
669 404 791 441 simile
822 405 841 425 ³⁵
871 411 926 440 est
959 404 989 440 si
1023 403 1148 441 dicam
1186 404 1233 440 de
1261 403 1388 452 aliquo
1416 404 1481 453 qui

417 458 522 495 vadit
535 459 717 504 Athenas,
733 457 839 505 quod
856 456 961 494 vadit
975 456 1013 493 in
1029 457 1244 506 Europam;
1265 456 1352 505 quia
1366 456 1481 494 Athe-

416 523 489 547 nae
518 518 605 548 sunt
634 522 723 558 pars
743 512 762 531 ’³²
783 511 974 558 Europae.
996 509 1036 546 Si
1055 517 1182 547 autem
1208 509 1352 546 dicatur
1367 509 1413 546 de
1434 522 1480 546 eo

417 564 520 611 quod
539 564 583 600 fit
601 563 743 610 album,
761 563 865 611 quod
884 570 1051 600 mutatur
1077 562 1116 599 in
1144 563 1274 600 album
1298 562 1480 610 colorem,

416 617 491 653 hoc
511 616 579 652 erit
596 615 721 664 primo
742 623 778 653 et
796 628 865 664 per
879 628 931 653 se.
947 636 971 644 -
988 616 1080 652 Non
1099 622 1228 652 autem
1249 614 1381 652 dividit
1398 627 1482 652 mo-

416 676 498 706 tum
518 681 564 705 ex
581 675 687 717 parte
711 668 905 717 temporis,
926 668 1032 718 quod
1049 668 1251 706 videbatur
1269 667 1480 706 residuum:

417 722 505 770 quia
532 729 684 771 tempus
713 729 955 770 comparatur
982 721 1032 758 ad
1058 727 1208 758 motum
1235 729 1277 757 ut
1303 733 1483 758 mensura

418 775 635 811 extrinseca.

472 840 506 875 9.
528 827 677 864 Deinde
706 839 794 864 cum
823 826 929 864 dicit:
965 826 1159 868 Quomodo
1188 826 1337 874 quidem
1366 826 1483 876 igitur

411 892 484 928 per
510 892 550 916 se
579 889 660 926 etc.‚
691 880 856 929 epilogat
883 879 988 927 quod
1018 879 1175 917 dixerat:
1198 886 1233 916 et
1261 879 1349 916 dicit
1376 879 1482 928 quod

417 933 661 970 manifestum
691 940 756 980 est,
787 932 985 981 quomodo
1011 931 1150 980 aliquid
1169 943 1238 981 per
1254 933 1274 954 *
1292 945 1332 969 se
1347 944 1479 970 move-

417 993 486 1033 tur,
504 994 540 1022 et
559 986 758 1034 quomodo
779 985 990 1022 secundum
1019 984 1205 1032 accidens,
1227 994 1263 1023 et
1282 986 1480 1034 quomodo

416 1039 621 1076 secundum
641 1038 784 1087 aliquid
809 1038 923 1084 aliud,
953 1038 1049 1075 idest
1076 1038 1288 1076 secundum
1312 1045 1480 1087 partem3

365 1108 388 1123 οι
418 1099 454 1128 et
481 1092 619 1128 iterum
644 1093 685 1140 *,
716 1090 915 1140 quomodo
946 1091 1022 1129 hoc
1050 1091 1154 1140 quod
1183 1090 1268 1129 dico
1291 1091 1419 1140 primo
1448 1097 1484 1128 et

410 1156 484 1193 per
509 1157 560 1190 se,
581 1144 770 1182 invenitur
789 1151 867 1181 tarn
887 1143 925 1181 in
944 1151 1125 1182 movente
1142 1156 1259 1192 quam
1278 1144 1317 1181 in
1335 1144 1479 1182 mobili.

417 1197 571 1234 Dictum
592 1205 648 1235 est
661 1198 681 1219 ²²
699 1197 800 1234 enim
820 1196 913 1246 quid
941 1204 996 1234 est
1023 1209 1186 1234 movens
1213 1197 1338 1246 primo
1360 1205 1395 1234 et
1413 1209 1482 1246 per

417 1263 469 1298 se,
491 1258 527 1287 et
545 1250 638 1299 quid
666 1257 722 1287 est
745 1250 849 1299 quod
869 1257 1047 1288 movetur
1065 1249 1189 1299 primo
1211 1257 1247 1287 et
1272 1262 1342 1299 per
1359 1262 1412 1287 se.
1433 1251 1483 1287 Et

415 1303 553 1340 iterum
579 1303 722 1341 dictum
742 1304 831 1340 est*
849 1303 954 1352 quod
974 1310 1101 1340 motus
1120 1315 1199 1340 non
1218 1310 1274 1340 est
1291 1303 1331 1339 in
1349 1303 1480 1350 specie,

416 1356 512 1394 idest
531 1357 570 1394 in
588 1356 786 1405 qualitate,
817 1368 914 1405 quae
944 1363 1000 1393 est
1027 1355 1211 1393 terminus
1239 1363 1387 1401 motus3
1413 1355 1482 1392 sed

417 1417 473 1446 est
499 1409 538 1446 in
567 1422 613 1446 eo
634 1409 738 1459 quod
762 1416 952 1456 movetur,
974 1409 1053 1445 sive
1075 1409 1113 1446 in
1131 1408 1263 1445 mobili
1277 1407 1481 1445 secundum

415 1468 553 1509 actum,
584 1462 689 1511 quod
717 1462 820 1499 idem
849 1469 915 1499 est.

477 1528 533 1552 10.
554 1515 703 1552 Deinde
725 1527 813 1551 cum
834 1514 939 1551 dicit:
965 1514 1177 1550 Secundum
1198 1513 1346 1562 quidem
1365 1513 1483 1562 igitur

416 1569 587 1605 accidens
616 1576 697 1614 etc.‚
719 1567 882 1604 ostendit
902 1567 949 1604 de
978 1578 1054 1614 quo
1075 1573 1184 1603 motu
1212 1565 1258 1603 sit
1277 1566 1479 1614 agendum.

416 1622 465 1658 Et
478 1621 604 1669 primo
623 1619 788 1661 ostendit
802 1619 1058 1669 propositum3
1079 1619 1248 1656 secundo
1268 1618 1483 1656 manifestat

416 1674 612 1722 quoddam
632 1673 737 1722 quod
758 1672 910 1720 dixerat,
926 1672 994 1709 ibi:
1015 1673 1079 1709 Ex
1093 1672 1215 1709 medio
1234 1678 1358 1709 autem
1376 1673 1395 1693 ’¹‘
1411 1679 1479 1709 etc.

415 1727 515 1763 Dicit
544 1738 631 1774 ergo
659 1726 785 1775 primo
811 1725 916 1774 quod
935 1725 1093 1762 mutatio
1123 1737 1221 1774 quae
1251 1732 1306 1762 est
1332 1737 1402 1774 per
1420 1737 1481 1761 ac—

416 1780 556 1828 cidens,
578 1779 800 1816 dimittenda
820 1785 890 1815 est:
921 1778 1000 1815 sive
1028 1790 1097 1827 per
1120 1778 1294 1815 accidens
1323 1778 1481 1826 accipia-

414 1841 475 1870 tur
494 1846 539 1870 ex
559 1840 663 1882 parte
692 1832 896 1880 moventis,
917 1831 997 1870 sive
1018 1844 1063 1868 ex
1081 1838 1188 1880 parte
1217 1830 1379 1878 mobilis,
1401 1830 1480 1868 sive

1049 272 1396 310 PHYSICORUM
1422 272 1771 310 ARISTOTELIS
1801 273 1895 310 LIB.
1924 273 1960 310 V

1536 363 1581 388 ex
1607 358 1713 400 parte
1741 351 1905 388 termini.
1937 352 1986 388 Et
2013 352 2087 388 hoc
2123 351 2211 390 ideo
2243 352 2333 402 quia
2369 360 2496 390 motus
2527 365 2597 402 per

1535 403 1710 442 accidens
1739 411 1793 441 est
1830 404 2157 442 indeterminatus:
2187 412 2242 443 est
2277 405 2380 443 enim
2406 405 2446 443 in
2473 406 2596 444 omni-

1535 457 1606 494 bus
1644 457 1739 494 sicut
1779 457 1818 494 in
1845 457 2035 505 terminis,
2065 464 2102 494 et
2128 457 2167 495 in
2203 458 2309 495 omni
2337 466 2530 508 tempore,
2561 467 2597 497 et
2641 493 2644 495 .

1536 510 1711 547 omnium
1740 509 1997 547 subiectorum
2015 510 2078 547 vel
2099 510 2119 531 ²⁹⁵
2138 510 2394 557 moventium;
2415 511 2504 560 quia
2529 512 2596 550 uni

1535 562 1681 600 infinita
1706 570 1867 611 possunt
1893 562 2076 600 accidere.
2099 563 2176 600 Sed
2203 563 2363 601 mutatio
2391 575 2488 612 quae
2514 576 2596 602 non

1537 622 1592 652 est
1619 615 1831 654 secundum
1860 616 2047 662 accidens,
2067 628 2147 653 non
2170 623 2226 654 est
2243 616 2282 653 in
2310 616 2508 663 omnibus3
2528 617 2596 655 sed

1537 675 1592 705 est
1618 675 1764 706 tantum
1793 669 1830 706 in
1867 669 2066 706 contrariis
2093 675 2128 706 et
2154 669 2303 715 mediis,
2333 676 2519 718 quantum
2547 669 2597 709 ad

1536 728 1686 758 motum
1722 721 1787 770 qui
1825 729 1880 758 est
1915 722 1956 759 in
1983 721 2206 770 quantitate,
2233 721 2407 771 qualitate
2444 729 2482 760 et
2508 722 2596 769 ubi;

1536 778 1572 810 et
1588 774 1625 811 in
1645 774 1950 821 contradictione,
1971 782 2154 823 quantum
2183 775 2232 812 ad
2260 774 2541 823 generationem
2561 781 2598 812 et

1537 826 1832 875 corruptionem,
1853 839 2017 876 quorum
2044 827 2196 865 termini
2228 836 2315 865 sunt
2343 840 2424 865 esse
2453 835 2490 865 et
2517 839 2596 865 non

1536 891 1636 916 esse:
1657 887 1694 916 et
1720 880 1795 916 hoc
1812 887 1915 929 patet
1941 892 2010 929 per
2029 880 2299 923 inductionem.
2321 881 2400 918 Sub
2414 893 2416 895 ·
2430 887 2508 918 arte
2531 892 2597 917 au-

1534 939 1613 969 tem
1642 944 1721 970 non
1749 932 1888 970 cadunt
1915 933 1985 970 nisi
2013 945 2058 970 ea
2085 946 2184 982 quae
2212 941 2299 972 sunt
2326 933 2603 981 determinata,

1535 997 1626 1022 nam
1654 985 1889 1023 infinitorum
1917 998 1997 1023 non
2026 993 2080 1023 est
2107 998 2179 1023 ars.

1595 1050 1652 1075 11.
1682 1038 1831 1076 Deinde
1859 1051 1948 1076 cum
1977 1038 2086 1076 dicit:
2115 1040 2180 1076 Ex
2211 1039 2332 1076 medio
2361 1044 2486 1076 autem
2513 1051 2596 1076 mu-

1535 1096 1635 1128 tatur
1663 1098 1754 1139 etc.‚
1784 1091 1998 1128 manifestat
2030 1091 2228 1140 quoddam
2257 1091 2362 1140 quod
2391 1091 2533 1128 dixerat
2555 1092 2594 1138 ¹⁸,

1535 1143 1674 1180 scilicet
1701 1144 1806 1193 quod
1834 1151 1960 1181 motus
1989 1143 2034 1181 sit
2061 1143 2100 1180 in
2127 1143 2274 1181 mediis.
2304 1144 2354 1180 Et
2377 1143 2465 1180 dicit
2491 1144 2596 1192 quod

1537 1196 1715 1244 contingit
1734 1196 1871 1233 mutari
1900 1209 1945 1233 ex
1965 1195 2094 1233 medio
2114 1195 2163 1233 ad
2181 1203 2386 1245 utrumque
2411 1203 2596 1234 extremo-

1536 1261 1621 1286 rum
1643 1250 1662 1270 *
1692 1257 1728 1286 et
1755 1261 1776 1285 e
1805 1261 2014 1295 converso,
2043 1248 2268 1298 inquantum
2297 1248 2436 1286 scilicet
2461 1261 2598 1299 possu-

1536 1313 1623 1338 mus
1649 1301 1703 1338 uti
1731 1301 1860 1338 medio
1888 1308 1933 1338 ut
1967 1301 2154 1338 contrario
2192 1308 2366 1351 respectu
2402 1302 2596 1352 utriusque

1537 1354 1704 1391 extremi.
1735 1353 1914 1391 Medium
1939 1354 2041 1391 enim
2069 1354 2295 1403 inquantum
2323 1355 2438 1391 habet
2457 1367 2596 1392 conve-

1536 1406 1716 1443 nientiam
1750 1419 1838 1444 cum
1870 1414 2033 1456 utroque
2063 1415 2321 1445 extremorum
2349 1407 2390 1454 ³¹¹,
2420 1415 2476 1445 est
2503 1420 2597 1457 quo-

1538 1459 1749 1497 dammodo
1777 1467 1982 1509 utrumque
2012 1471 2164 1507 eorum;
2194 1467 2231 1497 et
2257 1460 2345 1497 ideo
2372 1467 2497 1509 potest
2525 1460 2598 1498 dici

1536 1513 1611 1550 hoc
1648 1512 1695 1550 ad
1727 1512 1840 1561 illud,
1876 1520 1912 1550 et
1943 1512 2033 1550 illud
2066 1513 2115 1550 ad
2149 1514 2244 1551 hoc:
2280 1513 2376 1550 sicut
2407 1513 2438 1550 si
2471 1513 2597 1552 dicam

1537 1565 1642 1614 quod
1669 1565 1797 1603 media
1815 1578 1893 1603 vox
1911 1565 2008 1603 inter
2034 1577 2190 1613 gravem
2211 1573 2247 1603 et
2266 1573 2417 1603 acutam
2436 1573 2491 1604 est
2505 1578 2604 1617 gra-.

1535 1619 1591 1656 vis
1609 1619 1661 1656 ad
1687 1619 1868 1665 ultimam,
1889 1618 1985 1656 idest
2007 1630 2076 1668 per
2095 1619 2422 1668 comparationem
2441 1619 2491 1657 ad
2503 1632 2598 1662 *acu-

1535 1679 1630 1719 tam,
1652 1679 1688 1708 et
1713 1671 1870 1718 subtilis,
1896 1672 1992 1709 idest
2014 1679 2146 1720 acuta,
2174 1684 2243 1722 per
2271 1672 2597 1721 comparationem

1535 1725 1587 1762 ad
1612 1730 1843 1771 extremam,
1877 1724 1973 1762 idest
2000 1724 2050 1762 ad
2083 1737 2261 1773 gravem;
2297 1733 2334 1762 et
2365 1725 2513 1763 fuscum
2542 1732 2599 1762 est

1536 1778 1666 1815 album
1693 1790 1763 1827 per
1795 1778 2122 1827 comparationem
2151 1778 2200 1816 ad
2223 1778 2390 1828 nigrum,
2412 1786 2448 1816 et
2468 1791 2488 1815 e
2508 1790 2598 1816 con-

1534 1843 1660 1868 verSO.

2624 517 2634 527 '¹
2656 517 2719 539 velut
2738 517 2807 540 codd.

2623 549 2673 566 exc.
2686 549 2750 566 nso.

2624 1097 2633 1106 ²
2647 1095 2718 1118 Num.
2733 1101 2810 1125 praee.
2848 1091 2851 1093 ’

2627 1253 2636 1264 ·
2648 1255 2775 1276 extremm
2783 1259 2837 1277 nm

2623 1285 2725 1303 mm.

2623 1418 2635 1430 ⁸
2649 1419 2753 1440 &tremo
2763 1417 2832 1442 codd.
2855 1400 2859 1413 ι

2624 1450 2674 1467 exc.
2688 1450 2702 1466 r
2717 1444 2758 1473 qul
2773 1450 2822 1468 om.
2859 1459 2862 1461 Δ
