2898 3996
461 314 535 351 288

1083 307 1429 346 PHYSICORUM
1455 305 1802 344 ARISTOTELIS
1832 306 1926 341 LIB.
1954 304 2006 342 VI

1243 539 1542 597 LECTIO
1581 537 1862 595 SEXTA

722 711 814 744 DUO
837 710 947 742 MODI
972 709 1127 748 QUIBUS
1150 708 1375 740 DIVIDITUR
1397 707 1562 739 MOTUS:
1587 706 1706 744 QUAE
1729 706 1858 738 SIMUL
1881 705 1976 738 CUM
1998 705 2090 738 IPSO
2113 706 2383 738 DIVIDANTUR

461 864 596 898 Κίνησις
626 855 654 891 δ’
684 860 756 892 ἐστὶ
786 854 942 903 διαιρετὴ
971 853 1071 903 διχῶς
1085 880 1113 909 '..
1130 855 1190 888 ἕνα
1225 855 1284 900 μὲν
1317 855 1444 899 τρόπον
1473 855 1522 896 τῷ
1577 859 1593 876 *
1609 861 1717 892 Motus
1733 867 1840 892 autem
1863 867 1910 892 est
1924 861 2084 893 divisibilis
2104 861 2284 902 dupliciter:
2308 871 2376 893 uno
2391 861 2522 903 quidem
2537 863 2638 894 modo

529 903 648 951 χρόνῳ,
673 904 774 936 ἄλλον
798 898 836 934 δέ
858 902 954 935 κατά,
976 903 1040 939 τοὶς
1065 912 1132 933 των
1157 901 1260 944 μερῶν
1287 902 1350 932 τοῦ
1373 898 1523 943 κινουμέ-

529 961 586 980 νου
610 943 774 987 κινήσεῦς,
802 947 890 987 οἷον,
917 946 944 978 εἰ
969 945 1011 978 τό
1035 946 1084 976 ΑΓ
1109 948 1253 977 κινεῖται
1279 943 1374 986 ὅλον,
1399 946 1457 976 καὶ
1482 941 1525 976 τό

530 994 581 1024 AB
605 991 824 1029 κινηθήσεται
847 992 905 1022 καὶ
931 989 972 1022 τὸ
995 991 1056 1022 ΒΓ.

456 1038 569 1070 Ἔστω
599 1032 643 1074 δή
675 1037 737 1068 τοῦ
761 1035 820 1080 μὲν
852 1035 903 1066 ΑΒ
936 1034 956 1071 ἡ
992 1035 1065 1075 ΔΕ,
1101 1033 1164 1065 τοῦ
1194 1027 1232 1064 δὲ
1264 1033 1312 1063 ΒΓ
1340 1033 1361 1070 ἡ
1395 1033 1444 1063 ΕΖ
1476 1033 1525 1062 κί-

529 1091 620 1118 νησις
651 1082 717 1113 τῶν
743 1078 860 1123 μερῶν.
887 1077 1037 1124 Ἀνάγκη
1068 1075 1111 1114 δή
1137 1076 1200 1114 τήν
1234 1075 1333 1118 ὅλην,
1361 1077 1409 1119 ἐφ’
1438 1074 1476 1113 ἧς
1503 1076 1523 1111 ’ἡ

530 1126 591 1166 ΔΖ,
612 1126 673 1156 τοῦ
698 1125 746 1156 ΑΓ
772 1121 857 1155 εἶναι
880 1125 1021 1160 κίνησιν·
1039 1120 1218 1158 κινήσεται
1241 1121 1306 1167 γὰρ
1328 1121 1426 1153 κατοί
1441 1119 1526 1152 ταύ-

530 1181 606 1210 την,
626 1169 761 1212 ἐπείπερ
788 1166 947 1212 ἑκάτερον
973 1167 1039 1198 τῶν
1065 1166 1170 1210 μερῶν
1190 1169 1335 1198 κινεῖται
1351 1163 1424 1197 καθ’
1448 1165 1525 1196 ἑκα-

530 1212 647 1257 τέραν.
678 1212 780 1245 Οὐθὲν
806 1207 845 1243 δέ
869 1214 1015 1244 κινεῖται
1045 1209 1141 1243 κατὰ
1165 1209 1229 1246 τήν
1254 1210 1316 1242 τοῦ
1350 1209 1454 1242 ἄλλου
1477 1210 1525 1240 κί-

530 1268 635 1294 νησιν·
661 1256 750 1289 ὥστε
775 1256 796 1293 ἧ
823 1254 883 1293 ὅλη
914 1257 1039 1293 κίνησις
1065 1254 1128 1287 τοῦ
1154 1252 1231 1286 ὅλου
1262 1254 1335 1287 ἐστὶ
1366 1251 1525 1299 μεγέθους

528 1303 667 1339 κίνησις.

456 1347 533 1380 Ἔτι
559 1341 589 1376 δ’
619 1346 647 1376 εἰ
673 1345 768 1377 πᾶσα
819 1342 851 1375 ἐν
875 1345 1000 1381 κίνησις
1026 1341 1136 1383 τινός,
1164 1343 1184 1379 ’ἡ
1211 1337 1240 1373 δ’
1269 1340 1328 1379 ὅλη
1353 1343 1479 1378 κίνησις
1504 1340 1525 1376 ’ἦ

530 1389 578 1434 ἐφ’
606 1389 644 1427 ἧς
670 1390 731 1430 ΔΖ,
749 1400 839 1432 μητε
865 1388 931 1419 τῶν
956 1387 1060 1431 μερῶν
1087 1387 1158 1418 ἐστὶ
1176 1381 1369 1430 μηδετέρωυ
1386 1384 1524 1429 (μέρους

528 1433 594 1479 γαῖρ
624 1433 793 1478 ἑκατέρα)
819 1430 901 1476 μήτ’
932 1431 1035 1464 ἄλλου
1067 1426 1209 1475 μηδενός
1241 1430 1301 1485 <06
1326 1429 1390 1476 γάρ
1416 1430 1437 1466 ’ἢ
1465 1427 1524 1465 ὅλη

532 1479 623 1519 ὅλου,
649 1479 707 1510 καὶ
732 1477 780 1510 τοὶ
802 1477 844 1522 με’
864 1490 883 1514 η
910 1477 976 1508 τῶν
1005 1476 1123 1518 μερῶν·
1150 1474 1198 1507 τοὶ
1220 1469 1258 1505 δε
1282 1473 1363 1518 μέρη
1390 1473 1452 1511 τῆς
1478 1473 1525 1502 ΔΖ

531 1522 597 1555 τῶν
622 1523 697 1553 ΑΒΓ
721 1523 778 1554 καὶ
805 1488 948 1555 οὐδένων
975 1518 1099 1551 ἄλλων·
1125 1517 1287 1550 πλειόνων
1311 1518 1376 1564 γάρ
1402 1518 1461 1550 οὑκ
1485 1515 1525 1555 ἦν

530 1568 591 1611 μία
619 1566 787 1609 κίνησις),
820 1567 883 1600 κάν
909 1565 929 1601 ἦ
957 1562 1016 1601 ὅλη
1050 1565 1174 1600 κίνησις
1205 1564 1255 1600 εἴη
1287 1561 1326 1595 ἂν
1359 1563 1422 1595 τοῦ
1451 1563 1526 1594 ΔΒΓ

530 1609 704 1656 μεγέθους.

456 1658 533 1690 Ἔτι
558 1652 585 1686 δ’
608 1655 635 1686 εἰ
660 1653 719 1698 μέν
745 1654 837 1686 ἐστιν
864 1653 948 1689 ἄλλη
974 1651 1038 1684 τοῦ
1065 1650 1142 1683 ὅλου
1166 1652 1306 1692 κίνησις,
1327 1650 1395 1682 οἷον
1416 1649 1465 1693 ἔφ’
1487 1650 1526 1688 ἧς

528 1700 590 1740 ΘΙ,
620 1697 886 1743 ἀφαιρεθήσεται
915 1696 971 1728 ἀπ’
1001 1696 1111 1734 αὗτῆς
1138 1696 1158 1732 ἡ
1185 1694 1353 1739 ε’κοίτερων
1378 1695 1446 1727 τῶν
1470 1707 1526 1740 με-

530 1745 591 1786 ρῶν
615 1745 755 1781 κίνησις·
783 1742 889 1776 αὗται
913 1737 943 1773 δ’
963 1741 1036 1771 ἴσαι
1053 1740 1191 1772 ἔσονται
1216 1743 1291 1777 ταῖς
1318 1740 1368 1770 ΔΕ
1384 1741 1447 1770 ΕΖ·
1465 1742 1526 1784 μία

555 1789 593 1834 οὶρ
619 1786 690 1824 ἑνὸς
718 1790 856 1824 κίνησις·
884 1785 965 1818 ὥστ’
993 1785 1021 1816 εἰ
1046 1784 1105 1837 μὲν
1132 1783 1191 1820 ὅλη
1224 1778 1478 1827 διαιρεθήσεται
1504 1784 1524 1820 ή

528 1800 572 1864 ξΙ
597 1831 642 1869 εἷς
667 1831 730 1869 τοὶς
755 1832 822 1863 τῶν
849 1830 952 1875 μερῶν
977 1839 1138 1869 κινήσεις,
1162 1830 1217 1864 ἴση
1244 1826 1343 1860 ἔσται
1368 1828 1389 1865 ἡ
1413 1828 1456 1858 ΘΙ
1481 1828 1525 1870 τῇ

531 1878 592 1907 ΔΖ·
619 1877 646 1906 εἰ
671 1870 700 1906 δ’
732 1875 911 1907 ἀπολείπει
936 1883 991 1913 τι,
1019 1872 1086 1904 οἷον
1113 1872 1154 1904 τὸ
1178 1873 1242 1912 ΚΙ,
1270 1870 1359 1908 αὕτη
1392 1867 1525 1910 οὐδενὸς

531 1921 630 1953 ἔσται
653 1921 792 1956 κίνησις·
816 1919 894 1951 οὔτε
919 1917 983 1963 γοὶρ
1009 1917 1070 1948 τοῦ
1098 1915 1188 1957 ὅλου,
1209 1916 1288 1947 οὔτε
1313 1917 1380 1948 τῶν
1405 1917 1523 1960 μερῶν,

531 1961 591 1996 διοὶ
614 1963 656 1995 τὸ
681 1965 759 2007 μίαν
785 1960 870 1995 εἶναι
896 1961 979 2002 ἑνός,
1006 1959 1085 1993 οὔτε
1113 1960 1215 1992 ἄλλου
1242 1958 1387 1998 οὐθενός·
1414 1961 1434 1997 ἡ
1460 1961 1524 2006 γάρ

530 2007 671 2052 συνεχὴς
695 2010 819 2044 κίνησίς
846 2005 919 2039 ἐστι
941 2006 1085 2049 συνεχῶν
1104 2006 1214 2036 τινῶν·
1234 2003 1396 2042 ὡσαύτως
1413 1999 1450 2036 δὲ
1467 2006 1525 2036 καὶ

532 2053 559 2084 εἰ
585 2050 788 2094 ὑπερβάλλει
820 2050 916 2083 κατοί
939 2049 1002 2086 τήν
1037 2046 1208 2093 διαίρεσιν.
1237 2046 1332 2080 “Ὦστ’
1361 2049 1389 2080 εἰ
1418 2050 1525 2081 τοῦτο

533 2092 717 2137 ἀδύνατον,
747 2095 876 2141 ἀνάγκη
903 2094 967 2130 τήν
993 2092 1103 2132 αὐτήν
1128 2090 1214 2124 εἶναι
1237 2094 1295 2124 καὶ
1318 2094 1405 2130 ἴσην.
1433 2092 1524 2131 Αὕτη

532 2141 591 2185 μὲν
618 2138 673 2171 οὖν
699 2141 719 2176 ἡ
745 2135 902 2183 διαίρεσις
935 2138 1031 2171 κατοί
1059 2138 1121 2173 τοὶς
1148 2138 1215 2169 τῶν
1248 2138 1351 2180 μερῶν
1380 2136 1524 2175 κινήσεις

533 2186 620 2224 ἐστί,
637 2185 695 2215 καὶ
723 2180 853 2229 ἀνάγκη
880 2182 1007 2220 παντὸς
1034 2180 1119 2215 εἶναι
1144 2182 1206 2213 τοῦ
1224 2182 1382 2225 μεριστοῦ
1401 2181 1543 2218 αὐτήν.’

458 2231 564 2266 Ἀλλη
589 2225 627 2260 δὲ
651 2227 747 2260 κατσὶ
770 2227 829 2259 τὸν
854 2227 986 2272 χρόνον·
1014 2227 1086 2259 ἐπεὶ
1111 2226 1174 2270 γάρ
1202 2224 1322 2257 ἅπασα
1346 2227 1472 2263 κίνησις
1493 2226 1526 2257 ἑν

531 2272 650 2318 χρόνῳ,
671 2270 788 2316 χρόνος
813 2267 850 2303 δ’ἒ.
875 2271 939 2308 πᾶς
965 2266 1149 2315 διαιρετός,
1170 2270 1201 2301 ἐν
1226 2264 1264 2301 δέ
1290 2269 1338 2310 τῷ
1364 2267 1526 2303 ἑλοίττονι

533 2316 689 2350 ἑλοίττων
715 2317 735 2352 ἡ
760 2317 904 2354 κίνησις,
934 2314 1065 2360 ἀνάγκη
1092 2314 1206 2347 πᾶσαν
1240 2315 1366 2350 κίνησιν
1391 2313 1527 2358 διαιρεῖ-

533 2361 609 2395 σθαι
633 2360 729 2392 κατα
753 2360 812 2391 τόν
837 2358 967 2404 χρόνον.

459 2409 557 2441 Ἐπεὶ
582 2401 620 2436 δὲ
645 2405 711 2436 πᾶν
737 2404 778 2436 τό
802 2402 994 2447 κινούμενον
1021 2402 1053 2434 ’ἑν
1078 2413 1144 2435 τινι
1167 2404 1312 2434 κινεῖται
1328 2403 1385 2432 καὶ
1408 2400 1526 2446 χρόνον

533 2449 625 2490 τινοί,
651 2450 707 2479 καὶ
734 2447 863 2484 παντός
889 2448 961 2479 ἐστι
987 2445 1214 2490 [κινουμένου]
1235 2447 1373 2486 κίνησις,
1395 2445 1525 2492 ἀνάγκη

532 2495 595 2531 τοὶς
622 2493 730 2528 αὐτας
757 2489 841 2523 εἶναι
872 2486 1048 2533 διαιρέσεις
1074 2491 1136 2523 τοῦ
1161 2502 1199 2522 τε
1231 2489 1350 2534 χρόνου
1381 2491 1439 2521 καὶ
1464 2491 1527 2527 τῆς

531 2536 689 2574 κινήσεως
714 2538 770 2567 καὶ
797 2536 858 2568 τοῦ
882 2533 1043 2567 κινεῖσθαι
1068 2536 1126 2566 καὶ
1151 2535 1213 2566 τοῦ
1237 2533 1445 2577 κινουμένου,
1468 2535 1526 2566 καὶ

533 2584 565 2615 ἐν
593 2581 615 2623 qi
641 2581 660 2616 ἡ
686 2583 824 2617 κίνησις·
851 2579 940 2616 πλήν
967 2580 1004 2610 οὖ
1035 2578 1172 2611 πάντων
1204 2579 1346 2621 ὁμοίως,
1373 2579 1405 2610 ἐν
1434 2579 1479 2616 οἷς
1506 2579 1526 2615 ἧ

530 2629 676 2665 κίνησις,
712 2624 802 2657 ἀλλά
832 2625 894 2655 τοῦ
927 2623 986 2666 μὲν
1018 2624 1124 2655 ποσοῦ
1156 2622 1230 2654 καθ’
1261 2622 1368 2664 αὑτό,
1402 2623 1464 2654 τοῦ
1489 2618 1527 2654 δὲ

533 2671 632 2703 ποιοῦ
655 2669 752 2701 κατά
775 2667 996 2712 συμβεβηκός.

465 2715 619 2758 Εἰλήφθω
644 2713 708 2758 γὰρ
735 2714 750 2744 ὁ
775 2711 890 2757 χρόνος
917 2710 948 2743 ἑν
976 2711 999 2753 ᾧ
1023 2714 1167 2743 κινεῖται
1193 2710 1239 2754 ἐφ’
1261 2709 1284 2751 ᾦ
1309 2713 1348 2751 Α,
1365 2712 1424 2743 καὶ
1442 2711 1462 2747 ἡ
1480 2713 1530 2742 κί-

532 2770 622 2797 νησις
648 2759 694 2802 ἐφ’
718 2758 740 2798 ᾦ
756 2758 792 2788 Β.
820 2757 857 2787 Εἰ
883 2754 938 2788 οὖν
965 2755 1028 2791 τήν
1055 2754 1134 2792 ὅλην
1160 2755 1192 2786 ἐν
1219 2755 1267 2795 τῷ
1294 2757 1398 2787 παντὶ
1420 2753 1526 2800 χρόνῳ

531 2805 720 2842 κεκίνηται,
747 2801 779 2833 ἐν
805 2801 853 2841 τῷ
878 2801 989 2844 ἡμίσει
1015 2799 1171 2840 ὲλοίττω,
1196 2800 1254 2830 καὶ
1280 2798 1382 2830 πάλιν
1401 2798 1527 2831 τούτου

532 2843 770 2891 διαιρεθέντος,
798 2844 933 2877 ἐλάττω
959 2843 1105 2884 ταύτης,
1131 2845 1188 2875 καὶ
1217 2840 1268 2875 ἀεὶ
1294 2843 1413 2880 οὕτως.

463 2894 601 2936 Ὁμοίως
627 2886 664 2923 δέ
688 2891 747 2921 καὶ
764 2889 792 2920 εἰ
817 2888 840 2925 η’
865 2891 988 2925 κίνησις
1010 2883 1180 2931 διαιρετή,
1197 2887 1256 2919 καὶ
1275 2887 1290 2918 ὅ
1307 2886 1424 2942 χρόνος
1442 2882 1530 2918 διαι-

533 2934 641 2977 ρετός·
668 2934 696 2965 εἰ
719 2934 784 2979 γαρ
810 2932 873 2969 τήν
901 2932 978 2970 ὅλην
1004 2930 1036 2964 ἐν
1063 2933 1110 2973 τῷ
1136 2933 1255 2972 παντί,
1282 2943 1344 2967 την
1371 2932 1527 2974 ἡμίσειαν

534 2981 566 3011 ἑν
592 2979 639 3020 τῷ
656 2979 781 3021 ἡμίσει,
800 2979 858 3008 καὶ
876 2977 978 3009 πάλιν
995 2976 1060 3012 τήν
1079 2974 1215 3008 ἐλάττω
1234 2976 1266 3007 ἐν
1285 2976 1332 3016 τῷ
1351 2974 1524 3008 ἐλάττονι.

467 3024 530 3056 Τὸν
557 3022 663 3055 αὐτὸν
689 3018 726 3054 δὲ
755 3021 881 3063 τρόπον
912 3023 969 3053 καὶ
1001 3020 1042 3052 τό
1065 3019 1227 3051 κινεῖσθαι
1259 3015 1524 3063 διαιρεθήσεται.

526 3067 639 3099 Ἔστω
663 3066 727 3112 γαρ
754 3063 801 3110 ἐφ’
823 3065 845 3106 qi
872 3067 892 3095 Γ
912 3065 952 3097 τὸ
977 3063 1151 3096 κινεῖσθαι.
1178 3063 1281 3096 Karai
1304 3058 1347 3099 δή
1371 3063 1435 3100 τήν
1453 3063 1528 3099 ’ἠμί-

533 3122 627 3142 σειαν
651 3113 776 3147 κίνησιν
813 3110 959 3141 ἔλαττον
994 3109 1092 3140 ἔσται
1123 3108 1186 3140 τοῦ
1219 3106 1315 3145 ὅλου,
1341 3109 1399 3139 καὶ
1425 3106 1527 3139 πάλιν

533 3154 628 3187 κατά
652 3154 714 3191 την
741 3154 802 3191 τῆς
829 3155 981 3197 ἡμισείας
1006 3154 1176 3196 ἡμίσειαν,
1201 3152 1259 3182 καὶ
1286 3151 1338 3182 ἀεὶ
1363 3150 1480 3188 οὕτως.

460 3200 558 3231 Ἐστι
582 3194 619 3230 δὲ
643 3200 700 3229 καὶ
727 3197 899 3240 ἐκθέμενον
926 3197 967 3229 τὸ
991 3196 1067 3229 καθ’
1093 3195 1262 3238 ἑκατέραν
1280 3195 1345 3227 τῶν
1366 3194 1528 3231 κινήσεων

533 3242 708 3282 κινεῖσθαι,
730 3242 796 3274 οἷον
821 3241 916 3274 κατα
940 3254 977 3274 τε
1003 3241 1067 3278 τήν
1094 3241 1140 3271 ΔΓ
1165 3241 1222 3271 καὶ
1248 3238 1311 3274 τήν
1337 3240 1398 3280 ΓΕ,
1416 3238 1527 3284 λέγειν

536 3286 590 3319 ὅτι
615 3287 656 3319 τὸ
689 3285 764 3318 ὅλον
798 3286 895 3319 ἔσται
925 3286 1021 3318 κατοί
1050 3285 1113 3322 τήν
1146 3282 1239 3320 ὅλην·
1271 3283 1300 3314 εἰ
1324 3283 1388 3328 γάρ
1422 3283 1526 3323 ἄλλο,

536 3333 638 3363 πλείω
664 3331 763 3362 ἔσται
787 3329 948 3362 κινεῖσθαι
972 3329 1068 3362 κατσὶ
1091 3328 1155 3364 τήν
1174 3326 1284 3364 αὐτὴν
1308 3330 1448 3369 κίνησιν,
1468 3327 1530 3360 ὥσ-

536 3387 595 3418 περ
621 3369 794 3427 ἐδείξαμεν
819 3375 876 3406 καὶ
894 3374 958 3411 τήν
979 3377 1106 3411 κίνησιν
1123 3368 1297 3415 διαιρετήν
1315 3372 1359 3409 εἱς
1378 3371 1439 3409 τοὶς
1461 3373 1527 3404 τῶν

536 3430 639 3462 μερων
664 3429 807 3455 κινησεις
841 3417 958 3450 οὖσαν·
982 3416 1165 3462 ληφθέντος
1190 3415 1255 3461 γὰρ
1281 3417 1343 3447 τοῦ
1368 3415 1529 3448 κινεῖσθαι

535 3461 609 3493 καθ’
638 3461 818 3506 ἑκατέραν,
844 3462 977 3507 συνεχὲς
1002 3461 1101 3494 ἔσται
1126 3460 1168 3493 τὸ
1194 3460 1282 3493 ὅλον.

467 3504 640 3542 Ὡσαύτως
665 3501 703 3536 δὲ
726 3502 945 3550 δειχθήσεται
978 3507 1035 3538 καὶ
1062 3506 1102 3539 τὸ
1127 3506 1232 3549 μῆκος
1257 3499 1444 3548 διαιρετόν,
1470 3506 1527 3535 καὶ

539 3547 620 3585 ὅλως
645 3549 711 3580 παν
738 3549 769 3580 ἑν
797 3549 820 3590 ᾧ
846 3550 936 3582 ἐστὶν
962 3551 982 3586 ἦ
1008 3549 1198 3594 μεταβολή·
1226 3547 1314 3585 πλὴν
1340 3547 1413 3580 ἔνια
1433 3548 1530 3580 κατα

538 3591 758 3634 συμβεβηκός,
777 3592 829 3625 ὅτι
855 3594 895 3625 τὸ
921 3594 1138 3637 μεταβάλλον
1164 3594 1238 3626 ἐστὶ
1255 3587 1437 3637 διαιρετόν·
1457 3592 1526 3630 ἑνὸς

538 3635 601 3681 γοὶρ
627 3631 869 3679 διαιρουμένου,
896 3636 1012 3670 πάντα
1037 3633 1303 3682 διαιρεθήσεται.

1645 912 1804 946 tempore3
1820 905 1883 936 alio
1897 915 1972 936 vero
1985 906 2159 936 secundum
2173 913 2280 937 motus
2295 906 2434 947 partium
2454 907 2537 938 illius
2549 907 2639 948 quod

1646 955 1809 1024 mcgvetun
1834 949 1913 1024 tgcsi
1926 949 2033 990 ipsum
2054 949 2113 982 AC
2132 957 2279 981 movetur
2301 957 2418 990 totum,
2441 957 2472 982 et
2492 951 2549 982 AB
2568 961 2637 982 mo-

1646 1003 1683 1024 ve
1706 1000 1769 1024 itur
1791 1000 1822 1024 et
1901 1015 1909 1024 .

1580 1037 1625 1069 Sit
1647 1037 1742 1078 igitur
1763 1037 1862 1078 ipsius
1887 1037 2017 1078 quidem
2041 1036 2097 1068 AB
2123 1037 2179 1078 qui
2202 1043 2248 1068 est
2271 1037 2349 1076 DE,
2373 1037 2428 1069 BC
2441 1017 2560 1070 *autem
2582 1039 2638 1080 qui
2681 1048 2687 1053 ·

1647 1087 1693 1112 est
1715 1081 1785 1119 ΕΖ,
1815 1087 1922 1112 motus
1955 1082 2102 1122 partium.
2131 1082 2264 1112 Necesse
2293 1087 2340 1112 est
2361 1081 2456 1121 igitur
2477 1089 2583 1114 totum
2604 1083 2638 1114 in

1647 1135 1713 1167 quo
1733 1131 1779 1156 est
1801 1125 1866 1164 DZ,
1882 1125 1980 1165 ipsius
2005 1125 2062 1156 AC
2088 1135 2154 1156 esse
2184 1131 2321 1156 motum.
2345 1125 2525 1157 Movebitur
2553 1126 2640 1157 enim

1647 1169 1824 1200 secundum
1837 1169 1934 1207 hunc,
1949 1168 2068 1209 qnippe
2087 1178 2162 1199 cum
2185 1174 2319 1209 utraque
2334 1169 2472 1209 partium
2494 1176 2640 1201 movetur

1647 1213 1823 1252 secundum
1846 1219 2036 1252 utrumque;
2059 1212 2146 1243 nulla
2166 1212 2251 1242 enim
2266 1213 2446 1244 movebitur
2464 1214 2641 1245 secundum

1647 1256 1773 1287 alterius
1796 1262 1932 1287 motum.
1958 1256 2064 1293 Quare
2079 1262 2166 1287 totus
2181 1262 2289 1287 motus
2305 1256 2403 1288 totius
2422 1264 2468 1288 est
2483 1257 2640 1299 magnitu-

1647 1300 1727 1330 dinis
1752 1306 1869 1330 motus.

1580 1349 1597 1369 *
1612 1347 1760 1388 Amplius
1784 1354 1901 1386 autem,
1926 1346 1951 1378 si
1975 1347 2080 1378 omnis
2102 1354 2210 1379 motus
2234 1348 2365 1380 alicuius
2388 1356 2453 1389 est;
2476 1356 2562 1381 totus
2586 1359 2640 1382 au-

1647 1399 1712 1423 tem
1727 1398 1834 1422 motus
1857 1391 1913 1432 qui
1937 1397 1984 1422 est
2005 1391 2039 1422 in
2055 1401 2121 1432 quo
2145 1398 2191 1423 est
2213 1392 2285 1431 DZ,
2314 1394 2579 1434 nequepartium
2594 1399 2643 1426 est

1647 1442 1776 1466 neutrae
1788 1433 1904 1478 (partis
1922 1435 2007 1466 enim
2023 1442 2155 1476 utraque
2169 1434 2236 1479 est)
2254 1445 2358 1478 neque
2381 1437 2507 1469 alterius
2522 1437 2641 1470 nullius

1648 1478 1757 1523 (cuius
1773 1479 1858 1510 enim
1872 1486 1958 1510 totus
1974 1479 2082 1519 totius,
2106 1486 2136 1510 et
2150 1486 2253 1520 partes
2275 1481 2413 1521 partium
2429 1488 2520 1513 sunt:
2538 1488 2642 1523 partes

1647 1531 1756 1555 autem
1770 1523 1869 1563 ipsius
1885 1523 1939 1554 DZ
1955 1530 2030 1554 sunt
2050 1523 2191 1564 ipsarum
2213 1534 2295 1565 quae
2317 1531 2392 1556 sunt
2406 1525 2502 1565 ΑΒΕ,
2517 1533 2548 1557 et
2571 1526 2642 1558 nul-

1645 1568 1749 1598 larum
1765 1567 1914 1601 aliarum:
1931 1567 2073 1608 plurium
2091 1567 2176 1599 enim
2192 1577 2259 1599 non
2279 1575 2343 1600 erat
2358 1579 2442 1600 unus
2459 1569 2595 1613 motus):
2611 1576 2642 1602 et

1646 1612 1757 1653 utique
1780 1617 1867 1643 totus
1890 1618 1998 1642 motus
2022 1611 2079 1643 erit
2100 1611 2201 1652 ipsius
2224 1611 2308 1644 ABC
2325 1613 2563 1654 magnitudinis.

1580 1656 1597 1677 *
1611 1655 1760 1697 Amplius
1783 1662 1900 1694 autem,
1925 1655 1951 1686 si
1974 1662 2021 1686 est
2035 1655 2167 1696 quidem
2188 1656 2287 1688 totius
2310 1657 2389 1688 alius
2412 1665 2537 1689 motus:
2557 1664 2594 1689 ut
2607 1658 2642 1689 in

1647 1710 1713 1741 quo
1728 1700 1783 1739 TI,
1798 1699 2012 1730 removebitur
2034 1700 2072 1730 ab
2089 1710 2128 1730 eo
2151 1700 2207 1741 qui
2227 1700 2267 1731 sit
2282 1707 2488 1743 utrarumque
2504 1702 2643 1743 partium

1647 1743 1832 1775 motus-Hi
1863 1749 1970 1774 autem
1993 1744 2138 1784 aequales
2162 1751 2254 1776 erunt
2275 1744 2313 1775 iis
2343 1755 2424 1786 quae
2446 1753 2521 1777 sunt
2542 1746 2640 1777 DEZ:

1647 1788 1742 1818 unius
1766 1787 1852 1818 enim
1870 1797 1954 1817 unus
1969 1794 2086 1819 motus.
2104 1788 2210 1826 Quare
2226 1788 2251 1819 si
2273 1795 2359 1820 totus
2378 1789 2509 1831 quidem
2525 1789 2643 1822 divide-

1647 1838 1698 1863 tur
1716 1831 1771 1872 qui
1786 1837 1832 1861 est
1846 1831 1890 1861 TI
1917 1830 1949 1861 in
1972 1831 2110 1871 partium
2132 1839 2251 1871 motus,
2275 1833 2414 1874 aequalis
2439 1833 2496 1865 erit
2518 1833 2576 1875 qui
2597 1840 2644 1865 est

1647 1875 1690 1906 TI
1715 1875 1743 1905 ei
1766 1874 1822 1915 qui
1840 1881 1886 1905 est
1904 1874 1968 1905 DZ.
1993 1874 2026 1906 Si
2048 1885 2123 1906 vero
2147 1875 2251 1907 deficit
2273 1876 2403 1917 aliquid,
2427 1884 2464 1908 ut
2485 1878 2575 1918 quod
2597 1883 2645 1909 est

1647 1919 1707 1957 Kl,
1731 1919 1782 1949 hic
1805 1918 1922 1949 nullius
1946 1918 2002 1949 erit
2025 1926 2149 1950 motus:
2181 1929 2283 1960 neque
2307 1921 2392 1951 enim
2415 1921 2512 1952 totius
2539 1931 2643 1963 neque

1647 1963 1796 2003 partium,
1819 1968 1948 2003 propter
1963 1963 1996 1992 id
2011 1963 2099 2004 quod
2115 1973 2198 1994 unus
2215 1964 2309 1994 unius
2324 1971 2380 2003 est,
2397 1974 2500 2006 neque
2515 1965 2642 1996 alterius

1647 2007 1782 2045 nullius;
1807 2006 1976 2037 continuus
2000 2007 2085 2037 enim
2107 2014 2215 2038 motus
2243 2014 2289 2039 est
2316 2008 2544 2040 continuorum
2561 2018 2643 2050 quo-

1647 2051 1793 2082 rundam.
1828 2050 1976 2082 Similiter
1999 2057 2105 2082 autem
2128 2058 2174 2082 est
2201 2058 2232 2082 et
2257 2052 2283 2082 si
2310 2052 2438 2084 excellat
2467 2053 2644 2084 secundum

1648 2095 1846 2125 divisionem.
1865 2095 1971 2132 Quare
1985 2094 2010 2124 si
2019 2094 2081 2125 hoc
2095 2094 2290 2135 impossibile
2300 2102 2356 2135 est,
2371 2106 2496 2128 necesse
2505 2097 2644 2128 eundem

1648 2149 1715 2170 esse
1731 2145 1761 2169 et
1779 2139 1954 2179 aequalem.
1972 2138 2058 2169 Haec
2073 2138 2168 2178 igitur
2184 2139 2295 2169 divisio
2311 2140 2487 2171 secundum
2505 2140 2645 2180 partium

1648 2189 1756 2213 motus
1780 2188 1840 2220 est,
1865 2188 1895 2212 et
1918 2191 2042 2212 necesse
2066 2182 2170 2212 omnis
2194 2193 2260 2213 esse
2283 2183 2434 2223 partibilis
2457 2184 2570 2225 ipsam.

1580 2227 1598 2247 *
1613 2226 1703 2258 Alius
1719 2232 1826 2256 autem
1838 2226 2014 2256 secundum
2027 2233 2163 2266 tempus.
2182 2226 2345 2264 Quoniam
2359 2227 2445 2258 enim
2457 2228 2562 2259 omnis
2576 2238 2645 2260 mo-

1642 2267 1698 2301 'tus
1721 2270 1754 2300 in
1777 2276 1931 2310 tempore,
1955 2276 2082 2310 tempus
2105 2277 2212 2301 autem
2235 2281 2332 2301 omne
2355 2271 2507 2303 divisibile
2530 2279 2587 2311 est,
2609 2273 2643 2304 in

1647 2314 1763 2344 minori
1788 2320 1895 2344 autem
1917 2313 2023 2344 minor
2039 2320 2162 2352 motus;
2186 2324 2310 2345 necesse
2330 2322 2376 2346 est
2397 2326 2528 2347 omnem
2547 2317 2644 2348 dividi

1648 2365 1775 2389 motum
1799 2358 1975 2388 secundum
1998 2364 2134 2398 tempus.

1581 2403 1599 2423 *
1614 2402 1778 2441 Quoniam
1793 2408 1900 2432 autem
1924 2411 2020 2432 omne
2043 2402 2132 2442 quod
2154 2409 2311 2441 movetur,
2327 2402 2359 2433 in
2376 2403 2483 2445 aliquo
2498 2411 2645 2437 movetur

1649 2453 1680 2477 et
1702 2446 1844 2487 quodam
1862 2452 2021 2486 tempore,
2045 2452 2076 2476 et
2089 2446 2193 2476 omnis
2212 2446 2292 2477 moti
2307 2454 2354 2478 est
2376 2454 2502 2487 motus;
2519 2459 2644 2481 necesse

1649 2497 1696 2521 est
1718 2490 1845 2521 easdem
1861 2489 2029 2520 divisiones
2045 2499 2110 2520 esse
2133 2490 2296 2530 temporis,
2316 2497 2347 2521 et
2359 2498 2478 2530 motus,
2498 2499 2529 2523 et
2543 2493 2644 2534 ipsius

1649 2534 1780 2572 moveri,
1799 2541 1828 2564 et
1847 2533 1914 2564 eius
1930 2534 2019 2574 quod
2034 2540 2190 2572 movetur,
2207 2541 2237 2565 et
2251 2534 2317 2565 eius
2331 2534 2364 2565 in
2380 2545 2446 2575 quo
2463 2543 2570 2567 motus
2586 2543 2642 2568 est.

1649 2579 1711 2610 Sed
1734 2588 1800 2608 non
1815 2577 1961 2608 omnium
1977 2577 2118 2608 similiter
2141 2585 2187 2609 est
2201 2577 2234 2608 in
2250 2578 2366 2619 quibus
2383 2587 2490 2610 motus
2509 2587 2572 2612 est:
2589 2581 2644 2612 sed

1650 2622 1759 2664 quanti
1782 2621 1912 2663 quidem
1931 2621 2106 2658 secundum
2122 2621 2271 2662 seipsum,
2288 2623 2389 2664 qualis
2412 2630 2518 2655 autem
2532 2634 2644 2656 secun-

1650 2667 1729 2697 dum
1751 2666 1904 2696 accidens.

1582 2715 1763 2756 Accipiatur
1779 2714 1863 2744 enim
1877 2721 2003 2754 tempus
2019 2713 2052 2744 in
2071 2724 2136 2755 quo
2156 2720 2302 2745 movetur
2320 2714 2353 2745 in
2377 2725 2442 2757 quo
2458 2718 2499 2755 A,
2523 2723 2554 2748 et
2576 2726 2644 2748 mo—

1649 2766 1700 2790 tus
1723 2758 1756 2789 in
1779 2768 1844 2799 quo
1859 2758 1894 2788 B.
1919 2758 1951 2789 Si
1965 2758 2060 2798 igitur
2074 2758 2249 2788 secundum
2265 2765 2369 2790 toturn
2385 2767 2512 2791 motum
2525 2761 2559 2791 in
2573 2766 2643 2792 toto

1649 2810 1793 2843 tempore
1816 2808 1862 2833 est
1876 2809 2013 2840 motum,
2037 2802 2070 2832 in
2093 2802 2199 2832 medio
2218 2813 2274 2843 per
2292 2803 2464 2843 minorem;
2481 2811 2512 2835 et
2529 2804 2644 2836 iterum

1649 2847 1711 2878 hoc
1734 2846 1846 2885 diviso,
1869 2856 1925 2887 per
1947 2846 2105 2876 minorem
2127 2846 2199 2884 hoc,
2223 2853 2254 2878 et
2277 2847 2321 2878 sic
2343 2858 2476 2888 semper.

1582 2891 1730 2923 Similiter
1746 2898 1852 2921 autem
1868 2896 1899 2921 et
1914 2890 1939 2920 si
1953 2897 2060 2921 motus
2080 2890 2240 2921 divisibilis
2263 2891 2313 2930 sit,
2338 2898 2368 2923 et
2390 2898 2516 2932 tempus
2539 2891 2643 2923 divisi-

1649 2934 1720 2966 bile.
1741 2934 1773 2965 Si
1790 2934 1874 2964 enim
1889 2944 1944 2974 per
1957 2940 2062 2965 totum
2076 2934 2109 2964 in
2124 2940 2205 2972 toto,
2228 2945 2284 2974 per
2299 2934 2442 2966 medium
2463 2936 2497 2966 in
2520 2935 2643 2975 medio;

1649 2985 1679 3009 et
1701 2979 1815 3009 iterum
1839 2988 1894 3018 per
1917 2978 2073 3008 minorem
2096 2977 2128 3008 in
2152 2977 2277 3009 minori.

1582 3023 1599 3043 *
1614 3023 1739 3053 Eodem
1762 3028 1868 3052 autem
1891 3022 1990 3052 modo
2007 3028 2037 3052 et
2051 3021 2158 3062 ipsum
2176 3022 2296 3052 moveri
2312 3022 2476 3054 dividetur.
2496 3022 2543 3054 Sit
2558 3022 2643 3054 enim

1648 3066 1681 3096 in
1697 3075 1763 3106 quo
1783 3072 1828 3096 est
1845 3064 1872 3097 C
1896 3065 2003 3106 ipsum
2026 3065 2156 3096 moveri.
2181 3066 2362 3097 Secundum
2384 3066 2478 3107 igitur
2499 3067 2643 3098 medium

1649 3116 1787 3148 motum,
1803 3109 1908 3140 minor
1922 3109 1979 3140 erit
1995 3115 2080 3148 tot0;
2100 3115 2130 3140 et
2145 3109 2260 3140 iterum
2275 3111 2451 3141 secundum
2466 3111 2641 3143 medietatis

1651 3154 1808 3192 medium,
1833 3160 1863 3184 et
1886 3153 1929 3184 sic
1952 3163 2084 3194 semper.
2404 3166 2412 3173 ·

1583 3199 1639 3229 Est
1663 3204 1769 3228 autem
1785 3203 1816 3228 et
1827 3203 1999 3237 ponentem
2015 3197 2191 3227 secundum
2205 3204 2377 3239 utrumque
2393 3206 2520 3230 motum
2535 3199 2642 3240 ipsum

1650 3241 1789 3280 moveri,
1813 3247 1849 3272 ut
1871 3241 2047 3271 secundum
2070 3240 2127 3272 DC
2152 3247 2183 3272 et
2205 3241 2278 3280 (ΞΕ,
2303 3242 2403 3273 dicere
2426 3243 2515 3284 quod
2538 3250 2642 3274 totum

1649 3286 1706 3316 erit
1725 3285 1900 3316 secundum
1916 3291 2031 3316 totum.
2052 3284 2084 3316 Si
2103 3295 2240 3326 namque
2257 3285 2343 3316 aliud
2361 3286 2444 3326 plus,
2461 3287 2518 3318 erit
2535 3287 2642 3327 ipsum

1650 3329 1770 3360 moveri
1794 3329 1968 3360 secundum
1992 3329 2129 3360 eundem
2152 3337 2288 3369 motum,
2321 3330 2401 3361 sicut
2424 3331 2640 3362 determinavi-

1650 3384 1722 3405 mus
1746 3380 1775 3404 et
1799 3380 1925 3404 motum
1944 3373 2129 3404 divisibilem
2145 3373 2177 3404 in
2193 3373 2330 3414 partium
2353 3381 2460 3406 motus
2485 3385 2560 3406 esse.
2583 3377 2642 3406 Ac-

1651 3425 1741 3458 cepto
1755 3417 1839 3448 enirn
1850 3417 1919 3458 ipso
1935 3417 2055 3448 moveri
2073 3418 2248 3449 secundum
2262 3425 2444 3459 utrumque,
2454 3419 2641 3450 continuum

1650 3462 1707 3492 erit
1729 3469 1844 3492 totum.

1582 3506 1599 3526 *
1615 3506 1763 3537 Similiter
1778 3513 1883 3536 autem
1899 3505 2163 3536 demonstrabitur
2182 3513 2212 3537 et
2227 3505 2393 3547 longitudo
2417 3505 2587 3545 divisibilis,
2611 3512 2642 3536 et

1649 3549 1782 3580 omnino
1805 3549 1885 3580 illud
1908 3559 2004 3580 omne
2026 3549 2059 3580 in
2082 3559 2148 3590 quo
2168 3557 2214 3581 est
2237 3549 2387 3588 mutatio,
2407 3556 2527 3590 praeter
2544 3558 2638 3590 quae·

1650 3594 1723 3624 dam
1739 3603 1819 3634 quae
1836 3593 2010 3624 secundum
2030 3593 2181 3624 accidens.
2205 3593 2303 3631 Quod
2323 3593 2407 3624 enim
2429 3599 2578 3632 mutatur,
2595 3599 2641 3623 est

1650 3637 1819 3676 divisibi1e3
1844 3647 1910 3668 uno
1934 3637 2019 3667 enim
2043 3636 2153 3675 diviso,
2177 3636 2286 3667 omnia
2309 3636 2492 3667 dividentur.

2666 1354 2809 1384 'Tenen

2667 1619 2677 1628 ·
2690 1617 2759 1640 Text.
2772 1622 2805 1646 35.

2669 2229 2762 2254 ·ren.
2775 2230 2812 2260 ³⁶-

2669 2405 2762 2430 ”rue
2774 2411 2810 2436 37.

2669 3025 2678 3034 ·
2692 3024 2760 3047 Text.
2774 3024 2811 3053 38.

2668 3508 2677 3517 ‘
2691 3506 2759 3529 Text.
2773 3512 2810 3536 39.
