2898 3996
354 334 404 357 xxx,
423 333 462 358 14.
475 339 494 346 —
508 326 550 350 IV
558 325 676 357 Metaph.
686 325 704 356 1,
717 332 761 356 vxx,
773 324 797 350 3.
808 325 840 355 V,
850 324 913 355 ιι,’8.
924 339 944 344 -
959 325 1013 350 VII

355 361 474 393 Metaph.
493 361 511 390 Ι,
529 368 572 390 xxx,
595 368 634 385 xo.
653 361 682 391 II,
700 368 737 391 xxx,
757 360 780 385 5.
798 368 823 390 ν,
841 368 867 392 4.
886 361 931 390 ΙΙΙ,
949 368 967 389 ι,
983 359 1007 385 5.

354 397 419 427 VIII,
431 403 478 426 xxx,
500 395 524 421 5.
537 409 558 414 -
573 395 641 420 VIII
653 396 773 427 Metaph.
792 396 824 426 V,
842 403 883 425 ιιι,
902 403 934 427 4,
955 395 979 420 5.
990 408 1009 415 —-

355 431 400 456 IX
414 431 534 462 Metaph.
553 431 571 461 I,
584 438 634 461 xxv,
647 430 672 455 8.
691 437 731 461 xv,
746 430 770 455 3.
783 444 802 450 -
814 430 846 455 X
857 430 976 462 Metaph.
989 430 1007 460 I,

354 474 379 497 x,
397 474 423 499 7.
442 466 481 495 III,
495 474 513 495 x,
526 465 551 490 8.
563 473 617 497 vm,
630 473 657 497 4.
672 466 714 496 IV,
725 473 795 496 xvxxi,
811 464 835 490 6.
847 473 886 494 xx,
903 473 926 490 2.
940 472 1008 494 xxxxx,
1054 489 1059 492 ,

340 522 342 524 .
359 508 399 526 ιο.
417 501 450 532 V,
468 509 506 532 xxx,
523 508 550 532 4.
567 508 626 530 vxxx,
649 508 670 530 x,
689 499 716 526 6.
733 508 771 530 xx,
794 508 815 525 1.
834 500 904 531 VIII,
922 507 963 529 xv,
983 498 1008 524 6.

329 549 332 553 ·
356 543 396 566 xx,
417 543 440 560 2.
453 550 473 555 -
485 536 532 560 XI
540 535 660 567 Metaph.
678 535 711 566 ΙΙ,
730 543 765 566 ιν,
784 534 810 560 8.
829 535 892 565 VIII,
904 543 953 565 xxx,
971 542 1009 559 10.

356 578 424 601 xxm,
438 570 464 596 8.
475 585 494 590 —
506 571 567 596 XII
577 570 696 602 Metaph.
709 571 749 602 III,
762 578 789 599 ιι,
803 569 828 595 6.
838 570 903 599 VIII,
913 578 932 600 ι,
944 568 969 594 6.
982 576 1009 598 ιι,

360 605 428 631 16.-
437 606 454 631 1
464 605 552 631 Ethx’c.
563 605 592 635 II,
606 613 630 635 x,
643 613 670 637 4.
679 619 698 625 -—
712 606 743 630 II
752 605 901 634 Emit-,vm
911 612 946 634 vx,
959 603 982 628 3.
991 617 1011 622 ·-

358 641 404 665 111
418 641 505 666 Ειιιῑσ.
523 641 589 671 vm,
606 646 650 670 vn,
664 647 691 671 4.

322 676 380 700 Ans
394 689 428 694 —
438 676 485 700 Est
497 675 648 708 principium
661 674 842 700 extrinsecum.
851 675 881 704 11,
892 681 944 704 xxv,
954 672 980 698 8.
993 686 1012 692 -

358 712 387 736 In
405 710 497 742 agendi
515 711 606 735 ordine
623 715 649 735 et
668 710 694 734 in
712 709 762 735 hoc
779 709 851 742 quod
869 708 948 734 finem
966 715 1010 739 ap-

357 750 454 779 petant,
473 745 628 770 conveniunt
645 752 687 770 ars
704 749 730 769 et
747 749 846 769 natura.
860 744 889 774 II,
908 750 966 774 xxxx,
987 743 1011 773 3,

357 776 386 812 4:
396 794 416 800 —-
431 780 565 810 Quaedam
588 779 653 806 facie
664 786 732 811 quae
749 783 839 803 natura
857 778 940 803 facere
958 786 1011 803 nox-x

357 819 452 848 potest.
466 815 495 845 11,
507 822 561 844 xxxx,
574 822 601 846 4.
613 827 633 841 -τ
644 814 671 838 In
683 813 740 838 aliis
754 813 867 837 imitatur
884 818 1010 838 naturam.

357 850 387 881 II,
400 858 434 880 ιν,
449 849 474 875 5.
485 857 539 879 xxxx,
548 857 574 880 4.
587 856 637 878 xxv,
652 847 676 872 5.
688 847 741 877 VII,
755 855 780 878 v,
796 846 820 872 5.
833 860 852 867 -·
865 848 952 878 Quare
965 856 1010 873 na-

357 889 442 910 turam
454 884 574 908 imitetur.
588 883 618 913 11,
627 890 662 913 xv,
672 881 698 907 6.
706 890 757 912 xxv,
768 881 793 907 6.
805 896 824 901 —
835 882 893 907 Nox-x
907 890 1012 916 semper

347 919 411 952 -agit
427 919 520 943 eodem
538 918 626 942 modo.
646 918 675 948 II,
693 924 744 946 xxxx,
762 916 786 942 5.
799 930 818 937 -
832 917 972 948 Quomodo
986 918 1012 942 in

358 958 412 984 arte
436 954 565 985 contingat
586 951 641 977 fieri
665 957 808 985 peccatum.
827 953 861 983 11,
880 960 936 983 xxv,
957 953 981 978 3.
993 967 1013 972 -

357 988 416 1014 Non
429 988 560 1013 deliberat.
571 987 600 1017 II,
609 995 660 1017 xxv,
670 987 696 1012 8.
708 1001 727 1006 -
739 987 843 1012 Materia
857 995 909 1020 qua
923 988 1011 1018 utitur,

357 1022 386 1048 fit
403 1031 419 1048 a
436 1027 535 1048 natura.
553 1022 618 1054 VIII,
637 1030 664 1054 ιι,
677 1030 704 1054 4.
715 1036 735 1042 -
747 1022 858 1047 Scientia
874 1022 1012 1048 artificialis
1054 1030 1056 1033 ·

358 1058 491 1091 cognoscit
509 1058 641 1082 materiam
660 1062 686 1082 et
704 1057 823 1082 formam.
843 1058 878 1088 11,
895 1065 935 1088 xv,
955 1057 980 1083 5.
993 1072 1013 1078 -

357 1093 466 1118 Diversa
483 1100 578 1124 genera
596 1093 688 1117 artium
707 1098 826 1124 respectu
847 1093 970 1118 materiae
988 1098 1013 1118 et

358 1128 467 1153 formae.
481 1128 511 1158 11,
524 1135 559 1158 xv,
574 1127 600 1152 8.
612 1141 632 1147 ·-
643 1127 697 1152 Sub
716 1132 770 1152 arte
785 1135 837 1152 non
855 1129 950 1153 cadunt
962 1128 1012 1153 nisi

359 1163 535 1188 determinata.
547 1163 579 1194 V,
593 1170 612 1193 ι,
628 1170 667 1187 ιο.
679 1177 698 1181 -
710 1163 811 1188 Omnes
825 1167 892 1188 artes
906 1167 1013 1188 utuntur

359 1203 442 1222 motu.
459 1198 523 1228 VIII,
541 1205 566 1228 v,
588 1197 612 1222 3.

322 1233 507 1258 Anmxcmxa
521 1247 555 1251 —
569 1233 628 1257 Non
650 1232 745 1258 habent
763 1232 789 1257 in
807 1233 901 1266 seipsis
919 1233 1014 1266 princi-

359 1268 432 1300 pium
452 1268 606 1298 mutationis,
619 1268 669 1292 nisi
682 1275 728 1300 per
740 1268 866 1296 accidens.
881 1268 910 1299 ΙΙ,
922 1276 940 1299 ι,
953 1275 977 1299 2,
989 1267 1013 1292 5.

357 1316 378 1323 ·-
391 1303 501 1328 Formae
519 1310 610 1327 eorum
629 1308 690 1327 sunt
708 1303 885 1328 accidentales.
904 1303 921 1332 1,
940 1311 968 1334 ιι,
989 1303 1013 1328 3.

357 1345 401 1368 xxx,
424 1345 464 1363 ιι.
482 1338 536 1367 VII,
554 1346 580 1367 v,
599 1337 622 1363 3.
643 1338 684 1371 Cf.
697 1338 724 1367 ΙΙ,
737 1345 765 1367 ιι.
783 1346 806 1363 ι.
818 1351 837 1357 -
850 1339 960 1363 Formae
974 1346 1014 1363 ar-

359 1371 474 1398 tificiales
487 1378 547 1397 sunt
559 1371 657 1405 figurae
663 1373 708 1398 vel
721 1373 816 1405 aliquid
829 1373 1012 1406 propinquum.

358 1408 419 1438 VII,
436 1415 466 1439 ν,
486 1406 540 1432 5.-
553 1408 702 1432 Secundum
725 1415 814 1433 earum
839 1409 1013 1441 acceptionem
1044 1422 1047 1424 -

361 1450 413 1467 non
422 1448 462 1468 est
475 1443 597 1468 alteratio.
607 1443 660 1474 VII,
670 1451 695 1472 v,
711 1442 770 1468 3»5.
779 1456 798 1462 -
807 1443 946 1473 Quomodo
959 1451 1014 1468 ma-

359 1477 425 1503 teria
438 1477 604 1502 artificialium
619 1478 652 1502 de
663 1478 726 1510 ipsis
745 1479 913 1510 praedicetur.
928 1478 1015 1503 ibid.-

359 1513 429 1537 Usus
447 1517 488 1537 est
505 1511 564 1538 finis
582 1513 668 1545 operis
687 1512 823 1538 artificiosi.
842 1514 878 1544 II,
897 1513 982 1541 xv.>8.
994 1528 1015 1532 -

361 1547 416 1572 Nos
434 1555 526 1572 sumus
549 1548 743 1580 quodammodo
761 1547 820 1573 finis
838 1549 956 1574 omnium
975 1556 1015 1574 ar-

359 1581 510 1608 tificialium.
528 1582 591 1607 ibid.
603 1595 624 1600 -
641 1583 767 1608 Dicuntur
785 1583 839 1608 fieri
857 1584 1015 1616 simpIIciter.

359 1617 379 1648 1,
391 1624 436 1649 xxx,
454 1625 494 1643 ιι.
506 1630 525 1637 —-
538 1618 638 1642 Eorum
654 1617 778 1645 sactiones
797 1626 848 1643 non
863 1624 923 1643 sunt
941 1625 1015 1643 natu-

359 1652 436 1678 rales.
447 1653 478 1682 11,
489 1660 508 1684 x,
524 1652 548 1678 5.
559 1667 579 1672 -
592 1653 738 1678 Necessitas
750 1653 777 1678 in
790 1653 971 1679 artificialibus.
984 1654 1013 1684 II,

359 1695 401 1717 xv,
419 1694 444 1719 4,
464 1686 490 1713 6.
502 1701 522 1706 -
538 1687 602 1713 Vide
619 1688 690 1719 Ans,
708 1689 829 1714 Nax-uxu-

324 1723 495 1748 As'momoxa
508 1735 542 1741 —
557 1723 604 1748 Est
617 1723 720 1748 scientia
734 1724 820 1749 media
839 1725 904 1749 inter
915 1723 1015 1748 mathe-

361 1758 480 1782 maticam
494 1762 520 1782 et
533 1758 684 1789 naturalem,
694 1759 776 1791 magis
792 1764 879 1784 tamen
892 1758 1014 1783 naturalis

360 1800 440 1825 quaxn
461 1792 655 1852 mathemaoffp:
674 1794 700 1818 in
718 1801 771 1826 quo
790 1794 890 1819 differat
907 1802 923 1818 a
941 1798 1014 1818 natu-

360 1827 406 1852 rali
424 1827 538 1852 scientia.
550 1828 596 1858 ffl,
635 1845 642 1857 ,
661 1827 686 1852 8.
705 1836 732 1861 9.

322 1863 457 1887 Arom—
473 1862 538 1887 Vide
555 1862 735 1888 szxocnrrxxs.

323 1898 487 1923 Annam
498 1911 535 1916 —
554 1897 616 1922 Vide
634 1897 774 1923 Tuaen.

319 1933 493 1958 Aue-tomas
504 1945 542 1951 -
557 1932 621 1958 Vide
638 1933 720 1958 Deus.

323 1967 493 1992 Auamma
505 1980 542 1986 -—
554 1967 603 1992 Est
620 1973 706 1993 motus
725 1968 870 1993 secundum
888 1969 1014 2000 quantita-

359 2006 424 2027 tem.
441 2002 482 2031 ΙΙΙ,
499 2009 526 2031 ιι,
543 2009 601 2033 4.-
613 2002 653 2027 Ab
673 2002 820 2035 imperfecta
838 2003 1015 2035 magnitudine

361 2037 388 2061 in
405 2037 556 2069 perfectam.
573 2038 604 2066 V,
618 2044 651 2066 xv,
667 2037 690 2062 3.
708 2038 751 2068 VI,
769 2045 821 2067 xxxx,
841 2045 866 2063 2.
883 2038 923 2071 Cf.
935 2037 967 2067 V,
977 2046 1013 2068 111,

362 2070 523 2097 6.-Motus’
540 2072 670 2104 augmenti
695 2077 720 2098 et
743 2073 900 2098 decrementi
925 2078 966 2098 est
989 2074 1014 2098 in

361 2107 527 2132 contrarIum.
547 2106 595 2136 VI,
613 2114 669 2136 xxxx,
690 2114 714 2132 2.
732 2107 802 2137 VIII,
821 2115 868 2137 xv,
888 2115 912 2132 2.
925 2108 1014 2133 —Non

361 2146 402 2167 est
424 2141 510 2174 specie
534 2141 656 2167 infinitus.
673 2142 722 2172 VI,
746 2149 804 2172 xxxx,
829 2143 954 2167 2.-Νοιι
975 2147 1016 2168 est

361 2181 450 2202 motus
469 2176 607 2202 continuus
623 2177 723 2210 absque
741 2177 932 2209 interpositione
950 2182 1015 2202 tem-

361 2211 441 2244 poris.
459 2212 524 2241 VIII,
535 2220 560 2241 v,
577 2211 602 2237 5.
612 2225 632 2231 -
644 2212 717 2243 Quae
729 2218 861 2245 augentur,
876 2220 927 2237 non
946 2220 1015 2237 sem-

361 2254 408 2279 per
419 2246 588 2279 augebantur.
599 2247 661 2276 VIII,
670 2255 705 2277 vx,
717 2255 741 2272 2.
753 2261 772 2266 -
783 2247 870 2272 Motus
884 2249 1015 2280 augmenti

361 2287 388 2307 et
405 2282 561 2307 decrementi
579 2290 632 2307 non
651 2287 739 2315 potest
756 2290 815 2307 esse
834 2282 970 2308 continuus
990 2288 1015 2308 et

361 2321 511 2349 perpetuus.
520 2317 584 2346 VIII,
594 2325 635 2346 xv,
646 2325 671 2342 2.
682 2325 730 2347 xxx,
740 2325 766 2349 4.
775 2318 966 2350 -Impossibile
976 2323 1015 2343 est

361 2352 449 2377 omnia
469 2359 575 2384 semper
591 2353 679 2384 augeri
696 2353 738 2377 vel
757 2353 873 2378 diminui.
891 2353 955 2382 VIII,
966 2361 1015 2383 xxx,

363 2385 388 2412 5.
398 2399 418 2406 —
429 2387 606 2419 Augmentum
623 2388 665 2412 vel
685 2388 879 2412 decrementum
898 2396 950 2412 non
969 2396 1015 2421 po—

361 2426 414 2447 test
424 2429 484 2446 esse
497 2421 595 2454 primus
613 2427 741 2447 motuum.
755 2422 819 2452 VIII,
833 2430 884 2452 xxV,
900 2430 913 2447 2
928 2431 988 2456 sqq.
997 2437 1016 2442 -

361 2456 411 2482 Est
432 2461 519 2482 motus
538 2457 626 2481 localis
645 2464 676 2482 ex
693 2457 872 2490 consequenti.
890 2458 932 2487 IV,
945 2466 969 2487 v,
991 2458 1014 2483 5.

360 2491 425 2521 vm,
438 2499 489 2521 xxv,
497 2499 552 2523 4.-
563 2492 622 2517 Non
640 2492 714 2517 datm·
726 2492 838 2524 primum
853 2493 879 2517 ixx
891 2493 957 2525 ipso.
972 2494 1014 2522 VI,

359 2533 404 2556 vxx,
421 2526 448 2551 8.
458 2540 479 2545 -
491 2526 568 2556 Quod
586 2531 693 2560 augetur
710 2528 752 2552 vel
774 2527 906 2558 decrescit,
925 2528 1015 2553 dicitur

361 2561 461 2586 moveri
478 2561 682 2594 quodammodo.
694 2562 758 2592 VIII,
771 2570 816 2592 xx,
834 2570 861 2594 4.
873 2576 893 2582 -
905 2563 934 2590 In
951 2571 1013 2596 aug-

361 2600 449 2620 mento
461 2601 598 2627 generatur
611 2596 669 2622 hoc.
682 2597 747 2628 VIII,
760 2604 794 2629 vx,
806 2604 830 2622 2.
841 2611 861 2616 —
874 2597 1014 2628 Quomodo

360 2629 405 2655 fiat
422 2635 600 2662 augmentum.
618 2631 660 2660 IV,
675 2638 714 2660 xx,
737 2639 776 2656 ιο.
793 2640 818 2661 x,
840 2632 879 2663 13,
901 2640 942 2664 14.
953 2647 972 2652 -
986 2634 1014 2658 In

359 2670 499 2697 augmento
517 2670 544 2690 et
561 2666 725 2691 decremento
741 2674 850 2692 movens
869 2672 895 2692 et
912 2673 1014 2693 motum

360 2704 465 2732 oportet
478 2708 538 2725 esse
549 2701 636 2726 simul.
655 2701 708 2730 VII,
720 2708 754 2731 xv,
768 2708 794 2732 4.
805 2715 825 2720 -
837 2702 1013 2734 Augmentum

358 2735 402 2760 vel
421 2735 615 2760 decrementum
633 2736 749 2761 naturale
767 2741 793 2761 et
806 2735 957 2762 violentum.
977 2738 1014 2766 V,

360 2777 391 2799 x,
410 2777 440 2799 2,
459 2777 486 2802 4.
498 2784 518 2789 -
531 2770 570 2795 De
588 2771 804 2802 comparabilitate
820 2771 846 2796 in
860 2776 932 2796 motu
951 2779 1014 2804 aug-

361 2805 441 2831 menti
459 2810 484 2830 et
502 2805 667 2831 decrementi.
679 2805 732 2835 VII,
744 2813 797 2836 vxxx,
806 2805 836 2831 ·3.
847 2819 867 2826 -
880 2807 1013 2838 Augmen-

360 2845 417 2865 tum
436 2844 462 2864 et
475 2840 669 2865 decrementum
682 2841 808 2866 invenitur
822 2841 848 2866 in
861 2841 1013 2866 animalibus

360 2879 385 2900 et
402 2875 504 2907 plantis.
523 2875 552 2904 II,
565 2883 583 2906 ι,
597 2883 622 2901 2.
633 2875 697 2906 VIII,
710 2883 763 2906 xxxx,
775 2883 802 2908 4.
811 2877 1013 2908 -Augmenturn

358 2914 442 2935 terrae
455 2911 623 2940 nascentium,
636 2918 669 2935 an
687 2918 703 2935 a
721 2916 810 2936 natura
828 2910 973 2936 intendatur
985 2917 1014 2936 ut

318 2968 321 2970 ,
359 2943 426 2970 finis.
439 2945 468 2974 II,
480 2953 533 2974 xxxx,
548 2945 571 2974 3,
588 2945 612 2971 5.
721 2966 725 2970 .

324 2981 470 3005 szxxx’acs:
493 2993 529 2999 —
552 2980 621 3010 Quid
649 2980 737 3005 deerit
761 2981 794 3006 de
821 2981 879 3006 loco
906 2981 1012 3006 ultimae

359 3014 494 3047 sphaerae.
511 3015 553 3044 IV,
571 3023 619 3044 vxx,
640 3014 664 3040 5.
681 3029 701 3034 -
713 3015 826 3041 Conatur
844 3016 946 3041 solvere
965 3017 1012 3041 du-

342 3047 432 3080 ,bium
450 3049 484 3075 de
501 3055 588 3075 mente
606 3050 756 3083 Philosophi
775 3051 840 3076 circa
855 3051 1012 3076 divisibilita-

358 3088 412 3109 tem
430 3084 544 3110 mobilis.
561 3085 604 3114 VI,
621 3093 647 3116 v,
670 3093 708 3115 12,
731 3085 771 3111 18.

322 3119 464 3144 Avmons
473 3133 510 3138 —
521 3120 720 3146 Commentator
729 3119 879 3153 appellatus.
885 3134 903 3140 -
912 3121 1011 3154 Impro-

359 3154 434 3179 batur
452 3154 507 3179 eius
525 3155 650 3186 expositio
668 3155 765 3180 litterae
780 3156 846 3180 circa
858 3163 1010 3188 processum

358 3188 479 3214 scientiae
496 3187 630 3222 Physieae.
647 3190 665 3219 Ι,
683 3197 700 3219 ι,
714 3190 739 3215 8.
752 3191 855 3220 -Item,
870 3191 936 3216 cIrca
953 3191 1011 3215 uni-

356 3227 436 3248 tatem
454 3224 529 3253 entis,
548 3229 636 3250 contra
654 3225 843 3250 parmenidem.
862 3226 880 3254 I,
892 3232 926 3254 vx,
943 3233 1010 3250 xx.-

359 3258 428 3288 Quid
450 3259 539 3283 deerit
563 3259 595 3284 de
619 3260 676 3284 loco
699 3259 824 3292 sphaerae
846 3260 964 3289 ultimae,
984 3265 1010 3284 et

357 3293 436 3318 totius
454 3293 583 3318 universi:
602 3294 727 3326 expositio
746 3295 853 3319 litterae.
871 3295 913 3323 IV,
927 3302 971 3324 vxx,
984 3294 1008 3324 6,

362 3327 403 3352 15.
414 3341 434 3347 ·—
446 3328 586 3358 Quomodo
597 3329 718 3354 defendat
731 3329 873 3355 doctrinam
891 3329 1009 3354 Philoso-

357 3362 411 3396 phi,
429 3363 528 3388 nullam
547 3363 600 3388 dari
618 3365 813 3396 proportionem
831 3365 897 3389 inter
908 3369 1008 3389 motum

357 3405 405 3431 per
421 3405 532 3423 vacuum
550 3403 577 3423 et
593 3403 694 3423 motum
713 3406 759 3431 per
776 3399 891 3432 plenum.
910 3399 951 3429 Ν,
966 3406 1007 3429 xxx,

358 3440 383 3466 9,
405 3440 444 3462 ιο,
464 3440 503 3458 ιι.
515 3447 535 3452 -
547 3433 727 3466 Interpretatur
745 3434 853 3459 litteram
872 3435 938 3459 circa
957 3439 1008 3459 sta-

357 3468 455 3492 tionem
473 3469 566 3500 quietis
583 3469 719 3494 violentae.
737 3468 768 3498 V,
784 3477 807 3498 x,
830 3477 869 3494 ιι.
880 3483 900 3488 -
913 3469 951 3498 De
970 3469 1006 3494 di-

357 3503 502 3528 visibilitate
517 3503 633 3529 mobilis:
653 3511 685 3528 an
699 3503 873 3537 Philosophus
887 3504 1007 3536 loquatur

358 3538 391 3562 de
408 3538 479 3562 omni
502 3538 605 3563 mobili:
623 3538 697 3564 affert
714 3539 855 3567 solutiones
879 3539 1006 3572 plurium:

1114 247 1278 284 INDEX
1305 247 1702 284 ALPHABETICUS

1096 325 1207 349 reiicitur
1230 332 1278 349 sua
1295 324 1478 357 interpretatio.
1496 324 1544 353 VI,
1563 331 1593 353 v,
1617 332 1660 353 11,
1682 331 1751 355 14.-

1097 359 1270 392 Philosophus
1294 359 1366 388 dicit,
1390 359 1486 383 factum
1511 367 1571 383 esse
1598 359 1750 390 praecedere

1096 393 1151 419 fieri
1169 399 1195 419 et
1212 394 1268 419 vice
1286 401 1368 423 versa,
1388 394 1414 418 in
1435 394 1608 418 divisibilibus
1626 397 1652 418 et
1667 393 1750 418 conti-

1097 429 1172 458 nuis,·
1191 436 1271 461 quare
1289 428 1340 453 hoc
1358 429 1442 453 addat.
1461 429 1502 458 VI,
1521 436 1573 458 vxxx,
1597 436 1636 453 12.
1648 442 1666 447 -—
1679 428 1750 458 Quo-

1098 465 1177 488 modo
1201 469 1303 488 tueatur
1328 469 1507 495 argumentum
1529 464 1673 488 Aristotelis
1699 471 1751 496 quo

1097 499 1196 531 probat,
1215 506 1294 523 omne
1312 499 1382 531 quod
1398 503 1524 529 movetur,
1537 499 1568 523 ab
1582 499 1631 523 alio
1644 499 1751 523 moveri.

1097 534 1150 563 VII,
1170 541 1187 564 ι,
1206 532 1232 558 6.
1243 547 1263 552 -
1275 533 1314 558 De
1331 534 1437 558 veritate
1452 534 1640 558 conditionalis.
1659 534 1717 563 VII,
1731 541 1748 563 x,

1098 567 1125 593 6.
1142 568 1206 596 VIII,
1219 575 1268 597 xxx,
1285 568 1308 592 3.
1320 582 1339 587 —
1352 569 1481 600 Expositio
1500 570 1597 593 litterae
1616 569 1682 593 circa
1700 569 1751 592 vir·-

1098 607 1167 627 tutes
1185 604 1341 634 corporalem
1360 604 1417 633 V11,
1435 612 1464 632 v,
1484 603 1509 628 6.
1521 618 1540 622 -
1554 604 1630 634 Quod
1649 611 1700 628 non
1719 604 1752 628 sit

1098 637 1213 662 alteratio
1237 638 1263 662 in
1287 638 1421 663 virtutibus
1441 639 1548 663 animae.
1569 639 1624 668 VII,
1642 646 1677 667 vx,
1698 645 1752 663 2.—

1097 672 1139 696 An
1162 672 1295 697 diversitas
1320 674 1414 705 speciei
1432 673 1475 698 fiat
1493 674 1518 698 in
1538 674 1587 698 loci
1611 673 1751 698 mutatione

1099 708 1243 732 secundum
1261 708 1439 733 instrumenta.
1454 709 1513 738 VII,
1530 716 1589 737 vxxx,
1609 707 1634 733 6.
1653 722 1673 727 -
1687 709 1752 733 Dicit

1099 741 1287 774 Philosophum
1306 743 1332 767 in
1350 744 1422 768 initio
1441 744 1497 768 libri
1515 744 1596 768 octavi
1622 743 1750 776 inquirere

1099 777 1132 802 de
1149 778 1233 809 primo
1251 782 1323 802 motu
1341 784 1450 803 tantum.
1468 779 1532 809 VIII,
1546 786 1568 810 1,
1589 786 1613 804 2.
1626 786 1676 808 xxxx,
1696 786 1721 811 7.
1733 792 1752 797 —

1098 813 1190 844 Arguit
1208 818 1296 838 contra
1315 815 1479 838 creationem.
1498 814 1560 842 VIII,
1579 821 1604 843 ιι,
1621 813 1644 838 3.
1655 827 1675 832 -
1686 814 1754 838 Dicit

1099 847 1170 879 quod
1189 855 1257 872 nunc
1280 856 1383 880 semper
1408 849 1441 873 sit
1465 849 1616 881 principium
1636 853 1662 872 et
1683 847 1751 873 finis.

1098 882 1162 911 VIII,
1173 890 1199 911 ιι,
1213 882 1253 907 ι3.
1262 897 1281 902 -
1292 884 1412 908 Defendit
1426 884 1576 916 Philosophi
1591 884 1751 912 sententiam,

1098 916 1199 942 finitum
1218 919 1361 942 secundum
1379 919 1520 951 potentiam
1538 927 1589 943 non
1604 926 1683 951 posse
1696 926 1752 943 mo-

1098 959 1160 976 vere
1179 958 1295 984 tempore
1313 953 1420 978 infinito.
1438 955 1508 984 VIII,
1527 961 1580 984 xxx,
1601 954 1624 978 3.
1644 967 1663 972 -
1680 954 1752 982 Item,

1099 987 1301 1019 magnitudinem
1319 987 1417 1012 finitam
1429 997 1481 1013 non
1500 989 1595 1013 habere
1612 989 1752 1021 potentiam

1099 1021 1236 1047 infinitam:
1257 1023 1434 1054 improbantur
1447 1025 1501 1048 eius
1517 1024 1658 1048 solutiones
1678 1023 1751 1048 dubi-

1099 1056 1201 1081 tationis
1216 1058 1314 1082 allatae.
1333 1058 1396 1088 VIII,
1410 1066 1458 1088 xxx,
1478 1066 1503 1091 9.
1515 1072 1534 1077 --
1553 1059 1621 1088 Quid
1634 1058 1753 1091 opinetur

1101 1092 1132 1116 de
1151 1092 1298 1118 aeternitate
1317 1094 1432 1125 corporis
1451 1093 1574 1122 caelestis,
1591 1094 1675 1125 quoad
1695 1101 1753 1118 esse

1101 1132 1127 1152 et
1145 1128 1231 1160 quoad
1255 1133 1368 1152 motum:
1388 1134 1465 1160 negat
1485 1129 1570 1161 ipsum
1589 1128 1709 1152 constitui
1728 1128 1753 1152 in

1100 1170 1160 1188 esse
1171 1170 1218 1196 per
1227 1162 1347 1188 formam.
1357 1163 1420 1188 ibid.
1432 1171 1471 1188 12.
1479 1177 1498 1182 —
1508 1163 1687 1195 Improbantur
1698 1164 1752 1187 eius

1100 1198 1252 1230 positiones.
1271 1197 1326 1223 ibid
1348 1198 1440 1223 13-15.
1451 1213 1471 1218 —
1483 1198 1562 1223 Liber
1577 1198 1610 1223 de
1625 1198 1752 1222 Substan-

1101 1233 1139 1258 tia
1162 1233 1247 1258 Orbis.
1265 1233 1329 1262 VIII,
1347 1241 1395 1262 xxx,
1418 1241 1458 1265 14.

1065 1269 1204 1294 Avxcxxmm
1213 1282 1249 1287 -
1258 1269 1340 1301 Negat
1352 1269 1484 1293 materiam
1495 1273 1615 1301 appetere
1627 1268 1754 1293 formam:

1101 1304 1237 1328 solvuntur
1260 1304 1316 1328 eius
1340 1304 1506 1328 obiectiones.
1525 1305 1549 1333 I,
1567 1312 1613 1333 xv,
1632 1311 1662 1336 9,
1685 1311 1724 1328 xo.
1736 1317 1755 1322 -

1101 1339 1223 1364 Naturam
1242 1346 1309 1369 esse,
1329 1337 1499 1364 demonstrari
1518 1347 1596 1372 posse
1606 1339 1675 1364 dixit.
1693 1339 1722 1368 II,
1735 1346 1752 1368 1,

1101 1373 1127 1399 8.
1135 1387 1155 1393 -
1164 1374 1303 1404 Quomodo
1316 1374 1488 1406 contingentia
1500 1375 1532 1398 ad
1545 1374 1695 1398 utrumlibet
1704 1373 1754 1398 sint

1101 1417 1115 1434 a
1133 1409 1243 1434 fortuna.
1262 1410 1290 1440 II,
1309 1417 1362 1438 vxxx,
1380 1409 1404 1434 3.
1416 1423 1436 1428 —
1450 1409 1527 1439 Quod
1545 1415 1631 1434 motus
1649 1409 1754 1434 ultimae

1101 1445 1226 1477 sphaerae
1243 1444 1278 1469 sit
1295 1449 1382 1468 motus
1401 1445 1427 1468 in
1446 1445 1504 1473 situ,
1523 1452 1574 1469 non
1593 1445 1618 1468 in
1631 1445 1697 1469 loco.
1708 1444 1752 1473 1V,

1100 1487 1144 1510 vn,
1156 1487 1183 1511 4.
1194 1493 1214 1498 -
1227 1479 1322 1504 Obiicit
1335 1484 1424 1504 contra
1435 1479 1623 1512 Philosophum
1642 1479 1754 1511 proban-

1101 1520 1154 1540 tem
1177 1522 1263 1543 omne.
1274 1515 1345 1547 quod
1368 1520 1499 1543 movetur,
1523 1515 1554 1539 ab
1579 1515 1627 1539 alio
1646 1514 1754 1539 moveri.

1101 1550 1155 1580 VII,
1173 1557 1190 1579 1,
1211 1549 1235 1574 5.
1246 1550 1349 1579 -Item,
1368 1555 1455 1574 contra
1472 1550 1557 1582 ipsum
1577 1550 1753 1574 demonstran-

1101 1589 1154 1610 tem
1172 1584 1275 1609 finitum
1293 1585 1435 1609 secundum
1449 1585 1588 1617 potentiam
1606 1592 1658 1609 non
1676 1592 1755 1618 posse
1786 1594 1806 1598 ’-

1101 1628 1208 1645 movere
1225 1625 1342 1652 tempore
1361 1619 1467 1644 infinito.
1485 1620 1549 1651 VIII,
1567 1627 1615 1649 xxx,
1637 1619 1660 1644 3.

1393 1703 1423 1739 Β
1449 1698 1452 1701 ,

1066 1790 1163 1815 anrxa
1174 1803 1210 1808 -
1229 1789 1292 1814 Vide
1309 1791 1424 1815 ΑΝιιιΑι.
1548 1815 1550 1818 ,

1067 1826 1161 1850 Bonum
1175 1838 1211 1843 —
1224 1826 1326 1849 Bonum
1343 1826 1384 1850 vel
1403 1824 1470 1850 finis.
1495 1825 1558 1850 Vide
1577 1825 1658 1849 Fxtm.
1673 1837 1691 1844 —-
1704 1824 1755 1848 Bo-

1103 1868 1167 1885 num
1186 1867 1311 1892 apparens
1330 1862 1464 1893 quomodo
1481 1865 1591 1885 moveat.
1606 1860 1635 1888 Il,
1647 1867 1671 1888 v,
1687 1867 1695 1883 1
1706 1863 1757 1884 x.⁴-

1103 1895 1265 1928 Pythagorici
1283 1896 1413 1927 ponebant
1430 1896 1528 1920 bonum
1548 1895 1613 1919 inter
1625 1894 1755 1927 principia.

1102 1931 1143 1961 III,
1156 1938 1192 1960 ιιι,
1208 1930 1232 1955 5.
1243 1943 1263 1949 --
1275 1931 1388 1955 Medium
1404 1931 1470 1956 inter
1488 1931 1586 1955 bonum
1605 1935 1630 1955 et
1649 1930 1756 1954 malum.

1102 1966 1166 1995 VIII,
1184 1973 1232 1995 xxx,
1251 1973 1308 1997 4.·-
1319 1966 1425 1990 Bonitas
1445 1967 1535 1990 divina.
1559 1965 1622 1990 Vide
1641 1965 1721 1990 Dans.

1066 2002 1221 2026 Bovxexmxx:
1234 2014 1270 2020 —
1283 2002 1443 2034 Bovigenae,
1467 2009 1514 2026 seu
1537 2001 1679 2032 bovigenae
1697 1999 1757 2024 viri-

1102 2044 1179 2069 prora
1198 2034 1247 2070 (cf.
1266 2036 1296 2067 ΙΙ,
1314 2043 1363 2066 ιςιν,
1385 2036 1428 2069 5),
1449 2037 1511 2069 quid
1530 2036 1589 2061 sint.
1608 2036 1642 2066 II,
1661 2043 1711 2065 ιιιν,
1733 2034 1755 2059 3.

1105 2071 1146 2104 Cf.
1164 2071 1193 2100 ΙΙ,
1207 2078 1249 2100 xxx,
1268 2078 1322 2103 4.-
1338 2071 1423 2101 Quare
1437 2080 1488 2096 non
1504 2071 1635 2104 potuerint
1653 2078 1757 2095 conser-

1102 2106 1156 2131 vari
1174 2106 1200 2130 in
1218 2113 1287 2131 esse.
1305 2106 1334 2135 ΙΙ,
1352 2114 1401 2135 ιιιν,
1422 2106 1446 2131 3.

1355 2210 1357 2215 ⁷
1396 2185 1427 2221 C

1067 2280 1178 2305 Caacuxx
1191 2294 1227 2299 —
1242 2280 1310 2311 Quid
1325 2281 1365 2305 sit.
1378 2281 1419 2309 Ν,
1433 2288 1456 2309 x,
1472 2279 1494 2305 5.
1507 2294 1527 2300 -·
1539 2280 1613 2305 Caeci
1628 2280 1678 2304 nati
1692 2279 1755 2304 nihil

1103 2316 1135 2340 de
1148 2315 1278 2340 coloribus
1291 2316 1449 2348 intelligunt:
1464 2316 1597 2348 quomodo
1610 2316 1642 2340 de
1652 2315 1689 2340 eis
1702 2315 1755 2347 syl-

1103 2350 1222 2383 logIzent.
1242 2351 1270 2380 II,
1289 2358 1306 2381 ι,
1325 2350 1351 2376 8.
1446 2358 1450 2361 ·

1068 2385 1177 2410 Carum
1185 2399 1204 2406 —-
1213 2386 1318 2411 Connus
1331 2385 1468 2411 'cannas‘ra
1478 2400 1512 2404 -—
1523 2385 1624 2418 Corpus
1644 2385 1754 2410 caeleste

1103 2421 1266 2453 componitur
1284 2429 1314 2446 ex
1333 2422 1438 2446 materia
1453 2425 1479 2445 et
1492 2421 1583 2450 forma,
1602 2419 1715 2453 potentia
1730 2424 1755 2444 et

1103 2460 1170 2480 actu.
1182 2456 1246 2487 VIII,
1259 2463 1309 2485 xxx,
1328 2456 1366 2480 13.
1375 2470 1394 2476 -
1405 2456 1468 2480 Eius
1482 2456 1588 2480 materia
1601 2463 1653 2480 non
1671 2459 1711 2480 est
1728 2456 1754 2480 in

1102 2491 1215 2523 potentia
1233 2491 1266 2515 ad
1284 2492 1359 2516 aliam
1377 2491 1497 2516 formam.
1516 2491 1578 2515 ibid.
1590 2505 1609 2509 —
1623 2491 1754 2523 Tempore

1101 2526 1264 2556 Aristotelis,
1289 2526 1376 2559 opinio
1399 2526 1544 2550 communis
1564 2530 1634 2556 erat,
1659 2533 1753 2557 corpus

1102 2562 1212 2586 caeleste
1230 2569 1289 2586 esse
1315 2562 1346 2586 de
1364 2566 1454 2586 natura
1478 2566 1588 2593 quatuor
1613 2562 1753 2585 elemento-

1101 2604 1168 2621 rum.
1187 2597 1227 2626 111,
1245 2604 1300 2627 v111,
1318 2596 1342 2621 5.
1360 2596 1401 2626 IV,
1414 2604 1438 2627 x,
1457 2597 1579 2628 4.-Ipse
1598 2595 1752 2620 contrarium

1101 2631 1193 2664 probat
1211 2632 1237 2656 in
1257 2631 1274 2656 Ι
1288 2632 1320 2656 de
1341 2632 1419 2657 Caelo
1438 2635 1464 2656 et
1477 2631 1588 2656 Mundo.
1608 2631 1647 2660 ΙΙΙ,
1659 2638 1714 2661 v111,
1729 2630 1752 2655 5.

1104 2667 1144 2700 Cf.
1163 2666 1203 2698 111,
1221 2674 1255 2698 xv,
1273 2666 1370 2692 5.—Ibi
1389 2667 1465 2691 etiam
1482 2666 1593 2690 ostendit
1612 2666 1682 2698 quod
1700 2674 1753 2690 non

1102 2702 1135 2726 sit
1152 2709 1238 2734 neque
1255 2709 1334 2734 grave
1351 2709 1437 2734 neque
1455 2701 1577 2732 1eve.1V,
1590 2709 1615 2732 ν,
1630 2701 1753 2726 2.-Cor-

1101 2743 1164 2768 pora
1182 2737 1300 2761 caelestia
1319 2745 1371 2762 non
1390 2737 1536 2761 alterantur.
1555 2737 1619 2767 VIII,
1637 2743 1707 2767 xxxxx,
1725 2743 1753 2768 4.

1099 2784 1119 2790 ·-
1131 2771 1180 2795 Est
1197 2771 1357 2804 impossibile
1381 2772 1452 2804 quod
1477 2771 1503 2796 in
1526 2771 1588 2804 ipsis
1607 2771 1640 2796 sit
1659 2771 1752 2796 solutio

1101 2806 1281 2831 continuitatis.
1299 2806 1363 2835 VIII,
1377 2814 1426 2837 xxx,
1438 2806 1462 2831 3.
1474 2820 1494 2825 -
1506 2807 1609 2831 Habent
1621 2806 1647 2831 in
1660 2807 1752 2839 seipsis

1100 2841 1251 2872 principium
1274 2846 1361 2866 motus
1385 2842 1482 2866 localis.
1501 2841 1536 2872 11,
1555 2849 1623 2872 x„2.
1635 2842 1751 2866 -Motus

1101 2876 1163 2900 caeli
1181 2880 1222 2901 est
1239 2876 1370 2901 naturalis.
1384 2876 1413 2907 11,
1428 2884 1446 2905 1,
1456 2883 1481 2908 4.
1490 2891 1509 2895 —
1521 2877 1579 2901 Non
1591 2881 1677 2902 tamen
1696 2877 1751 2902 eius

1100 2910 1183 2942 quies.
1198 2910 1226 2940 ΙΙ,
1241 2918 1258 2940 ι,
1274 2909 1326 2936 5.·-
1338 2911 1444 2936 Caelum
1463 2917 1581 2936 movetur
1600 2913 1685 2936 solum
1704 2913 1750 2936 cir-

1100 2945 1226 2971 culariter.
1249 2946 1296 2976 IV,
1315 2953 1365 2976 vn,
1389 2953 1429 2977 14.
1446 2958 1465 2965 —
1482 2947 1610 2971 Velocitas
1636 2948 1750 2980 corporis

1100 2980 1217 3005 caelestis
1236 2985 1277 3005 est
1294 2981 1472 3006 determinata:
1489 2982 1551 3014 quid
1569 2982 1653 3014 ipsam
1668 2983 1751 3007 deter-

1099 3016 1186 3040 minet.
1205 3014 1247 3046 IV,
1266 3023 1308 3044 xxx,
1327 3014 1352 3044 8.
1371 3023 1396 3048 9,
1419 3024 1459 3041 10.
1476 3016 1540 3047 VIII,
1558 3024 1607 3046 xxx,
1626 3025 1642 3050 9
1662 3025 1720 3050 sqq.
1732 3031 1751 3036 -

1099 3050 1199 3082 Duplex
1223 3055 1309 3075 motus
1335 3058 1473 3083 corporum
1498 3052 1655 3077 caelestium.
1680 3053 1749 3082 VIII,

1099 3093 1152 3116 xxxx,
1170 3084 1196 3110 6.
1209 3093 1277 3116 xxm,
1298 3084 1322 3110 5.
1335 3099 1355 3104 -
1368 3086 1454 3111 Motus
1473 3087 1578 3111 diurnus
1596 3086 1749 3112 firmamenti

1099 3125 1139 3145 est
1148 3121 1246 3153 primus
1257 3125 1383 3150 motuum,
1393 3121 1504 3146 maxime
1516 3122 1647 3154 regularis,
1657 3130 1748 3147 omnes

1099 3156 1162 3180 alios
1180 3163 1341 3180 mensurans».
1360 3156 1406 3185 Ν,
1425 3163 1498 3185 xxxxx,
1516 3164 1543 3181 ιι.
1561 3169 1580 3174 -
1598 3157 1646 3182 I-Iic
1665 3158 1749 3190 primo

1098 3195 1261 3216 mensuratur
1290 3195 1408 3222 tempore
1438 3195 1464 3215 et
1489 3192 1633 3220 secundum
1663 3192 1749 3224 ipsum

1097 3230 1260 3250 mensuratur
1277 3229 1390 3257 tempus.
1409 3225 1450 3254 IV,
1467 3233 1534 3255 xxm,
1547 3234 1572 3257 rx,
1592 3226 1631 3251 13.
1643 3241 1662 3245 -
1676 3227 1748 3251 Prin-

1097 3260 1192 3292 cipium
1210 3259 1286 3284 huius
1309 3265 1396 3285 motus
1419 3265 1460 3285 est
1483 3261 1509 3285 in
1532 3261 1747 3291 circumferentia,

1097 3299 1123 3320 et
1139 3294 1166 3319 in
1183 3294 1290 3319 oriente.
1308 3295 1372 3324 VIII,
1390 3303 1457 3324 xxxxx,
1479 3295 1588 3321 5.·-Est
1605 3297 1636 3321 ab
1650 3296 1748 3321 oriente

1096 3329 1122 3354 in
1140 3329 1309 3355 occidentem.
1325 3330 1390 3360 VIII,
1404 3338 1472 3359 xxxxx,
1486 3329 1509 3355 5.
1525 3331 1565 3364 (J.
1579 3331 1643 3360 VIII,
1655 3339 1708 3359 xxxx,
1722 3330 1746 3355 6.

1095 3377 1114 3385 -
1127 3364 1255 3389 Causatur
1276 3372 1291 3390 a
1309 3365 1393 3397 primo
1411 3370 1512 3395 motore
1530 3364 1663 3391 immobili.
1682 3366 1745 3394 VIII,
1763 3376 1767 3380 ·

1095 3406 1164 3428 xxxix,
1184 3398 1238 3424 5.-
1250 3400 1288 3424 Ex
1306 3405 1379 3424 motu
1401 3401 1476 3432 primi
1500 3401 1571 3427 orbis
1596 3401 1746 3426 deferuntur

1095 3434 1236 3459 inferiores.
1246 3435 1308 3464 VIII,
1318 3442 1371 3465 xxxx,
1385 3433 1409 3459 6.
1418 3449 1437 3455 -
1446 3436 1592 3465 Secundum
1606 3436 1674 3460 hunc
1688 3443 1746 3460 mo-

1094 3474 1151 3494 tum
1174 3477 1283 3501 corpora
1305 3470 1444 3495 remotiora
1468 3478 1488 3502 a,
1506 3476 1574 3496 terra
1596 3475 1656 3495 sunt
1674 3471 1745 3495 velo-

1095 3505 1171 3529 ciora.
1195 3504 1259 3534 VIII,
1277 3512 1344 3535 xxm,
1365 3504 1388 3530 5.
1403 3518 1422 3524 -
1437 3505 1569 3530 Secundus
1595 3510 1680 3530 motus
1706 3509 1746 3530 est

1095 3540 1227 3564 stellarum
1246 3545 1271 3564 et
1286 3540 1388 3564 orbium
1406 3540 1555 3565 inferiorum
1569 3541 1600 3565 ab
1615 3540 1745 3565 occidente

1794 2257 1799 2263 ·
1843 2253 1902 2277 vxxx,
1921 2245 1951 2276 8,
1971 2254 1996 2279 9.
2014 2254 2053 2278 xx,
2074 2256 2099 2281 9.
2117 2256 2166 2279 xxv,

2413 249 2489 296 467

1841 323 1866 347 in
1884 323 2018 347 orientem.
2042 323 2107 353 VIII,
2125 330 2177 352 xxxx,
2197 322 2222 347 6.
2240 330 2307 352 xxxix,
2327 322 2351 348 5.
2366 337 2385 341 -
2400 324 2496 348 Secun—

1842 358 1903 382 dum
1923 358 2079 390 positionem
2097 358 2243 383 Aristotelis
2262 363 2301 383 est
2315 359 2495 390 sempiternus.

1841 393 1903 422 VIII,
1918 400 1968 422 xxxx,
1984 391 2008 417 6.
2017 406 2037 411 -
2046 393 2121 417 Hunc
2136 399 2236 417 rnotum
2249 393 2343 418 habent
2357 401 2372 418 a
2385 395 2495 426 propriis

1841 428 2002 457 motoribus;
2022 428 2154 460 quomodo
2173 428 2221 460 ipsi
2240 433 2355 453 motores
2373 436 2495 454 movean—

1840 468 1891 487 tur.
1907 463 1969 491 VIII,
1982 470 2035 493 xxxx,
2049 461 2074 487 6.
2088 476 2107 481 -
2122 462 2242 487 Velocius
2255 467 2392 488 moventur
2404 471 2496 488 secun-

1841 498 1903 522 dum
1922 497 1990 522 hunc
2010 502 2110 522 motum
2126 505 2235 530 corpora
2253 499 2285 522 ad
2304 504 2420 523 centrum
2435 506 2495 531 pro-

1840 533 1984 564 pinquiora.
2003 532 2068 562 VIII,
2082 540 2147 563 xxxxi,
2164 532 2187 557 5.
2199 546 2218 551 —
2232 534 2378 558 Secundum
2393 538 2495 558 motum

1842 568 1904 592 caeli
1930 567 2131 591 determinantur
2154 569 2281 599 quaedam
2304 569 2353 593 loci
2377 568 2495 593 differen-

1840 602 1898 627 tiae.
1913 602 1952 631 III,
1963 610 1995 630 xx,
2014 610 2022 626 ι
2031 610 2052 626 ι.
2065 602 2107 631 Ν,
2117 609 2133 630 ι,
2149 610 2173 635 7.
2182 616 2201 621 -
2210 604 2250 627 An
2269 608 2355 628 motus
2370 603 2495 636 sphaerae

1841 637 1957 662 caelestis
1977 638 2009 661 sit
2021 642 2133 669 tempus.
2147 638 2190 667 IV,
2204 645 2253 668 xvx,
2270 646 2291 667 ι,
2308 646 2331 663 2.
2344 645 2411 668 xxxxx,
2428 646 2494 663 12.—-

1840 673 1881 696 An
1895 671 1951 704 ipsa
1969 671 2079 704 sphaera
2097 672 2130 696 sit
2148 677 2258 705 tempus.
2278 674 2320 703 IV,
2334 680 2384 701 xvx,
2403 681 2422 703 1,
2444 673 2495 698 3.-

1842 707 1943 739 Corpus
1958 707 2120 739 sphaericum
2134 706 2287 735 cael'xl‘xabet
2302 710 2432 741 quandam
2447 709 2496 732 Im-

1841 742 2022 767 mobilitatem:
2038 742 2174 767 undenam.
2189 743 2230 772 IV,
2243 750 2277 772 vx,
2295 743 2494 775 14.—Turbatio

1841 776 1911 805 caeli,
1927 777 1989 808 quid
2003 776 2134 809 significet.
2154 777 2195 808 1v,
2210 785 2259 806 xxv,
2273 777 2298 803 8.
2307 792 2327 797 —
2336 779 2376 803 An
2395 779 2495 803 caelum

1842 812 1874 836 sit
1887 816 1969 836 totum
1985 813 2116 836 contiuens
2129 813 2224 837 omnia.
2239 813 2280 843 IV,
2290 821 2332 843 vxx,
2349 822 2387 846 14,
2404 821 2454 844 xvx,
2471 813 2495 838 3.

1844 847 1884 879 Cf.
1898 847 1992 875 Pano,
2013 846 2199 872 Px'rxxaeomxs.
2213 860 2232 867 .-
2245 848 2384 877 Quomodo
2403 848 2495 881 aliquis

1842 881 1939 906 dicatur
1951 889 2011 905 esse
2026 881 2051 906 in
2066 882 2144 911 caelo,
2158 882 2224 907 sicut
2237 883 2263 907 in
2278 883 2343 908 loco.
2357 884 2398 913 IV,
2408 891 2431 913 v,
2443 891 2468 916 7.
2477 897 2496 902 -

1841 917 1882 941 An
1900 916 1955 948 ipsa
1974 916 2083 948 sphaera
2102 918 2218 941 caelestis
2237 918 2271 942 sit
2289 919 2371 943 locus.
2390 919 2436 948 IV,
2455 926 2495 948 vx,

1845 959 1884 983 17.
1897 959 1941 976 vxx.
1959 958 1998 982 14.
2007 965 2026 970 —
2037 952 2123 982 Quare
2142 953 2247 984 quidam
2260 954 2383 986 putabant
2396 954 2496 978 caelum

1842 993 1901 1011 esse
1924 985 1950 1010 in
1974 987 2039 1011 loco.
2058 987 2099 1016 IV,
2118 995 2142 1016 v,
2163 987 2186 1012 5.
2204 1001 2223 1006 -
2240 989 2295 1018 Αι-ι,
2319 994 2344 1013 et
2362 989 2495 1021 quomodo

1798 1024 1800 1026 ’
1841 1021 1931 1046 ultima
1949 1021 2058 1053 sphaera
2076 1023 2108 1046 sit
2127 1022 2152 1046 in
2171 1023 2242 1053 Ioco;
2263 1024 2378 1048 diversae
2396 1024 2495 1056 opinio-

1842 1063 1888 1080 nes
1903 1064 1910 1080 ;
1935 1056 2043 1080 solvitur
2067 1057 2193 1089 quaestio.
2219 1058 2260 1087 IV,
2279 1066 2314 1083 v11
2337 1065 2390 1090 per
2415 1062 2462 1084 tot.
2475 1073 2495 1078 -

1843 1091 1943 1123 Corpus
1963 1092 2073 1116 caeleste
2093 1097 2133 1116 est
2151 1100 2302 1124 supremum
2321 1094 2385 1118 inter
2401 1094 2494 1123 omnia,

1843 1131 1868 1150 et
1886 1126 2085 1151 nobilissimum.
2104 1126 2146 1155 IV,
2164 1135 2216 1156 vxxx,
2236 1126 2261 1153 6.
2273 1142 2292 1147 -
2305 1129 2419 1161 Corpora
2439 1137 2495 1153 cae-

1843 1160 1916 1185 lestia
1930 1161 1966 1185 sic
1981 1166 2060 1193 agunt
2078 1162 2104 1186 in
2122 1162 2248 1192 inferiora,
2263 1164 2332 1196 quod
2347 1164 2378 1188 ab
2393 1164 2429 1188 eis
2444 1172 2496 1188 non

1843 1196 1981 1227 patiuntur.
2000 1196 2039 1225 III,
2057 1203 2090 1226 xv,
2111 1196 2163 1222 5.-
2173 1197 2284 1222 Causant
2297 1204 2384 1223 motus
2399 1199 2424 1223 in
2439 1207 2495 1223 cor-

1843 1230 1948 1262 poribus
1974 1231 2130 1256 anImalium.
2156 1232 2226 1262 VIII,
2251 1241 2289 1263 xv,
2314 1241 2339 1266 7.
2357 1241 2414 1263 xxxx,
2428 1235 2464 1265 ⁴4.
2477 1247 2497 1252 -

1844 1264 1982 1297 Quomodo
2002 1265 2027 1290 In
2046 1274 2094 1290 nos
2113 1273 2197 1299 agant.
2217 1268 2279 1297 VIII,
2294 1276 2327 1298 xv,
2343 1270 2426 1301 7.-A
2439 1269 2495 1301 qui-

1843 1300 1954 1324 busdam
1973 1300 2011 1324 dii
2030 1302 2195 1332 appellantur.
2214 1303 2277 1333 VIII,
2294 1311 2342 1333 xvx,
2364 1303 2496 1334 3.-Quo-

1843 1335 1922 1359 modo
1932 1335 1963 1360 ab
1974 1335 2010 1359 eis
2022 1336 2117 1368 aliquid
2127 1337 2219 1361 auferri
2230 1338 2335 1363 dicatur.
2345 1338 2408 1368 VIII,
2415 1347 2462 1368 xxx,
2471 1339 2494 1364 3.

1880 1370 1995 1402 Corpora
2013 1371 2138 1401 caelestia,
2158 1374 2290 1404 quomodo
2309 1379 2360 1398 sint
2378 1381 2496 1407 semper,

1843 1409 1869 1429 et
1881 1406 2014 1437 quomodo
2031 1411 2147 1438 tempore
2167 1413 2356 1433 mensurentur.
2370 1409 2411 1437 IV,
2421 1417 2459 1437 xx,
2470 1407 2496 1433 6.

1842 1453 1861 1458 -
1874 1440 2008 1465 Undenam
2031 1440 2141 1465 habeant
2166 1443 2361 1474 perpetuitatem
2375 1444 2496 1469 essendi.

1842 1474 1906 1504 VIlI,
1925 1482 1974 1504 xxx,
1997 1483 2036 1507 14.
2057 1476 2097 1509 Cs.
2121 1477 2294 1507 Armuzia,
2319 1479 2498 1503 Avi-:anona—

1843 1509 1987 1535 Differentia
2006 1511 2072 1536 inter
2089 1512 2230 1543 potentiam
2248 1514 2363 1545 corporis
2379 1514 2496 1538 caelestis

1844 1545 1875 1569 ad
1890 1553 1949 1570 esse
1962 1553 2065 1578 semper
2079 1552 2104 1570 et
2116 1547 2148 1571 ad
2163 1549 2261 1573 moveri
2275 1556 2387 1580 semper.
2406 1549 2468 1574 ibid.
2477 1562 2496 1568 -

1843 1580 1957 1612 Corpora
1971 1581 2090 1605 caelestia
2099 1582 2248 1607 Aristoteles
2263 1584 2349 1616 posuit
2359 1591 2418 1608 esse
2428 1581 2497 1608 sem-

1844 1623 1898 1648 per,
1918 1620 2020 1640 causata
2038 1621 2133 1641 tamen.
2147 1617 2210 1647 VIII,
2224 1625 2259 1647 xxx,
2279 1617 2304 1643 6.
2322 1632 2340 1639 -«
2360 1619 2432 1643 Plato
2450 1627 2496 1651 po-

1844 1651 1895 1675 suit
1914 1651 2013 1675 caelum
2037 1659 2096 1676 esse
2119 1652 2229 1677 factum:
2254 1654 2387 1686 quomodo
2404 1654 2496 1678 intelli-

1843 1686 1967 1718 gendum.
1985 1686 2049 1716 VIII,
2062 1694 2088 1715 11,
2108 1695 2116 1711 x
2125 1695 2146 1711 ι.
2155 1689 2223 1712 -An
2237 1690 2336 1714 caelum
2351 1689 2384 1713 sit
2398 1697 2412 1713 a
2426 1697 2496 1714 casu.

1844 1720 1872 1749 ΙΙ,
1882 1728 1925 1750 νιι,
1936 1719 1960 1750 6,
1972 1728 1996 1752 7,
2006 1720 2031 1745 8.
2041 1729 2064 1750 x,
2079 1729 2118 1747 12.
2126 1736 2145 1741 —-
2154 1723 2231 1747 Liber
2243 1724 2276 1748 de
2288 1724 2375 1749 Caelo.
2385 1724 2402 1753 Ι,
2413 1732 2429 1753 ι,
2440 1731 2465 1755 4.

1809 1755 2077 1781 ΕΑιιυυιι-Ριιιῦιουιι
2086 1771 2122 1775 -
2132 1757 2272 1787 Qualitates
2286 1759 2430 1784 sensibiles.
2441 1759 2495 1790 VII,

1820 1796 1827 1800 ·
1843 1797 1877 1820 xv,
1893 1798 1917 1815 2.
1931 1798 1956 1821 v,
1968 1798 2019 1816 2.-
2031 1791 2112 1816 Tactu
2126 1793 2309 1826 percipiuntur.
2327 1794 2380 1823 VII,
2392 1801 2426 1824 xv,
2447 1801 2497 1819 2.-

1845 1826 1993 1858 Sequuntur
2008 1834 2095 1851 rarum
2116 1833 2141 1852 et
2160 1829 2277 1856 densum.
2290 1829 2353 1858 VIII,
2367 1837 2420 1860 ιιιν,
2439 1837 2465 1861 4.
2478 1843 2497 1848 —

1844 1861 1885 1885 An
1905 1861 2015 1886 calidum
2033 1861 2077 1886 fiat
2095 1870 2125 1887 ex
2140 1863 2244 1896 frIgido,
2263 1869 2288 1888 et
2305 1864 2361 1889 vice
2376 1872 2458 1889 versa.
2477 1865 2495 1893 Ι,

1844 1903 1876 1926 ιιι,
1892 1904 1916 1928 7,
1929 1904 1954 1929 9.
1966 1910 1985 1915 -
1998 1897 2033 1921 Ex
2048 1897 2130 1922 calido
2144 1899 2266 1923 transitur
2278 1900 2307 1924 in·
2316 1899 2436 1932 frigidum
2450 1907 2497 1932 per

1843 1931 1968 1964 tepidum.
1987 1932 2050 1961 VIII,
2069 1939 2116 1963 xxx,
2135 1941 2161 1965 4.

1810 1965 1894 1991 Casus
1907 1979 1943 1984 —
1957 1966 2038 1991 Casus
2058 1967 2083 1991 in
2102 1976 2194 2000 graeco
2213 1960 2303 1994 dicitur
2321 1973 2495 2000 automatum,

1845 2001 1910 2031 idest
1923 2008 1975 2033 per
1992 2009 2019 2026 se
2032 2002 2149 2035 frustra.
2163 2004 2191 2034 ll,
2205 2011 2228 2034 x,
2244 2012 2269 2037 9.
2282 2018 2300 2023 —
2314 2005 2396 2029 Casus
2411 2009 2436 2029 et
2445 2004 2496 2029 for-

1844 2041 1905 2061 tuna
1923 2042 2103 2068 computantur
2124 2039 2188 2063 inter
2207 2046 2305 2064 causas.
2324 2040 2352 2070 II,
2371 2047 2419 2070 vxx,
2443 2048 2465 2064 1.
2477 2053 2497 2058 -

1846 2071 1941 2096 Casum
1960 2077 1986 2096 et
2004 2072 2132 2098 fortunam
2156 2081 2214 2098 esse
2239 2075 2417 2100 dubitaverunt
2438 2075 2496 2107 qui·-

1846 2106 1917 2131 dam:
1938 2106 2081 2139 disputatur
2099 2114 2187 2133 contra
2205 2109 2271 2134 illos.
2290 2110 2318 2140 ΙΙ,
2332 2117 2380 2140 vxx,
2396 2117 2419 2140 2,
2435 2109 2457 2140 3,
2470 2117 2496 2141 4,

1846 2141 1870 2167 5.
1883 2155 1902 2160 —
1914 2142 1961 2166 Est
1979 2149 2057 2167 causa
2075 2151 2122 2176 per
2141 2145 2266 2170 accidens.
2285 2145 2314 2174 II,
2328 2152 2352 2174 v,
2367 2143 2392 2169 6.
2405 2152 2457 2174 vxxx,
2472 2145 2497 2169 8.

1844 2184 1878 2206 xx,
1897 2184 1923 2209 9.
1941 2177 1972 2205 X,
1991 2184 2029 2207 ιι,
2053 2186 2092 2203 12.
2111 2186 2162 2209 xxv,
2176 2187 2201 2212 7.
2213 2194 2231 2198 —
2249 2180 2277 2204 In
2295 2180 2335 2204 his
2354 2188 2421 2212 quae
2435 2188 2496 2204 con-

1843 2211 1944 2244 tingunt
1957 2219 2010 2236 non
2022 2212 2184 2245 simpliciter,
2197 2222 2282 2247 neque
2295 2215 2451 2247 frequenter.
2465 2215 2494 2245 II,

2186 2257 2211 2282 7.
2229 2263 2249 2268 —
2264 2251 2311 2274 Est
2328 2251 2354 2275 in
2372 2250 2412 2274 his
2431 2257 2497 2283 quae

1843 2279 1908 2305 fiunt
1926 2286 2032 2313 propter
2049 2281 2136 2308 finem.
2156 2284 2190 2314 11,
2209 2292 2268 2314 vxxx,
2288 2284 2318 2315 8,
2337 2293 2362 2318 9.
2381 2293 2413 2316 xx,
2433 2288 2458 2318 9.
2473 2293 2495 2314 x,

1843 2315 1871 2345 8,”
1881 2323 1906 2349 9.
1919 2328 1938 2334 -
1952 2316 2061 2346 Quando
2080 2318 2176 2343 scincet
2197 2327 2249 2343 non
2263 2319 2327 2344 fiunt
2341 2328 2418 2350 causa
2440 2321 2495 2344 eius

1843 2351 1913 2383 quod
1932 2351 2028 2377 accidit.
2047 2352 2076 2383 ΙΙ,
2090 2360 2114 2383 x,
2127 2353 2153 2378 8.
2167 2367 2185 2373 -
2203 2354 2343 2379 Reducitur
2362 2355 2393 2379 ad
2411 2362 2494 2387 genus

1843 2393 1935 2411 causae
1953 2388 2088 2412 moventis.
2107 2388 2136 2418 II,
2152 2396 2180 2419 ιι,
2203 2397 2242 2413 xx.
2255 2403 2274 2409 ·-
2285 2390 2333 2414 Est
2351 2398 2426 2414 causa
2445 2398 2494 2422 po-

1843 2421 1935 2445 sterior
1949 2429 2027 2454 quam
2040 2422 2183 2448 intellectus
2197 2429 2222 2448 et
2234 2430 2330 2449 natura.
2344 2425 2372 2455 11,
2386 2433 2409 2455 x,
2428 2432 2468 2449 12.
2477 2439 2495 2443 -

1842 2456 1941 2481 Eorum
1959 2457 2096 2482 multitudo
2115 2464 2155 2483 est
2173 2458 2277 2484 infinita.
2296 2460 2322 2488 ll,
2341 2467 2374 2488 xx,
2393 2467 2412 2488 x,
2431 2467 2457 2491 4.
2470 2468 2494 2490 x,

1846 2499 1854 2515 ι
1864 2499 1884 2515 ι.
1893 2505 1914 2510 --
1923 2491 2042 2516 Casualia
2054 2497 2080 2517 et
2092 2493 2194 2523 fortuita
2207 2502 2258 2519 non
2273 2500 2382 2526 possunt
2395 2495 2431 2519 sic
2446 2495 2495 2519 dici

1842 2531 1961 2558 respectu
1979 2534 2071 2552 causae
2089 2528 2229 2561 superioris
2248 2530 2397 2554 ordinantis.
2416 2530 2450 2560 ΙΙ,
2469 2537 2492 2560 x,

1845 2560 1884 2586 ι3.
1903 2575 1922 2580 -
1940 2561 2022 2587 Casus
2041 2567 2082 2587 est
2099 2571 2151 2587 non
2176 2564 2261 2588 solum
2281 2564 2306 2589 in
2325 2565 2457 2597 agentibus
2479 2572 2494 2589 a

1841 2597 1987 2629 proposito,
2011 2597 2056 2622 sed
2081 2598 2107 2622 in
2131 2598 2170 2623 his
2189 2607 2255 2631 quae
2280 2607 2332 2624 non
2350 2601 2491 2624 voluntarie

1841 2636 1919 2663 agunt
1930 2636 1956 2656 et
1969 2632 1995 2656 in
2007 2632 2159 2658 inanimatis.
2169 2634 2196 2663 ΙΙ,
2209 2642 2232 2664 ιι,
2244 2642 2267 2667 7.
2281 2648 2301 2653 —·
2312 2635 2340 2659 In
2354 2643 2406 2667 quo
2420 2635 2490 2659 diffe-

1840 2671 1879 2691 rat
1897 2674 1912 2691 a
1929 2666 2038 2692 fortuna.
2058 2668 2086 2697 II,
2105 2675 2128 2698 x,
2150 2676 2173 2699 2,
2192 2668 2217 2699 8,
2236 2677 2274 2694 ιο.
2288 2683 2307 2689 -
2320 2670 2490 2701 Comparatur

1841 2701 1872 2726 ad
1891 2709 1997 2727 vanum.
2016 2702 2044 2732 ΙΙ,
2057 2711 2080 2733 ιι,
2095 2710 2120 2736 9.
2134 2717 2153 2722 -
2167 2704 2292 2734 Quidam,
2311 2710 2339 2729 ut
2358 2705 2490 2729 Democri-

1840 2741 1895 2767 tus,
1915 2742 2056 2769 posuerunt
2074 2745 2163 2763 casum
2183 2747 2242 2764 esse
2261 2747 2365 2764 causam
2384 2740 2446 2765 caeli
2465 2745 2491 2764 et

1839 2772 1956 2796 omnium
1968 2773 2077 2804 partium
2092 2774 2189 2799 mundi.
2203 2774 2232 2806 II,
2242 2782 2286 2805 vxx,
2297 2773 2321 2799 6.
2335 2782 2359 2805 x,
2373 2782 2412 2799 12.
2425 2775 2489 2806 VIII,

1839 2814 1856 2836 x,
1872 2814 1898 2838 4.
1912 2821 1930 2826 —
1944 2807 2103 2839 Improbatur
2122 2808 2184 2833 haec
2201 2810 2296 2841 opinio.
2315 2810 2347 2840 ΙΙ,
2361 2817 2405 2840 νιι,
2421 2818 2444 2843 7,
2464 2809 2490 2834 8.

1839 2849 1861 2871 ιι,
1885 2849 1924 2866 12.
1938 2856 1956 2860 -
1974 2842 2237 2875 Vide-Empanocms.
2266 2866 2269 2870 .

1805 2876 1895 2902 Causa
1908 2891 1944 2896 —
1959 2877 2028 2907 Quid
2045 2878 2085 2902 sit.
2105 2878 2122 2909 I,
2141 2886 2158 2908 1,
2176 2878 2199 2904 5.
2217 2879 2246 2910 II,
2264 2887 2288 2910 x,
2311 2879 2350 2904 15.
2362 2880 2419 2904 -In
2435 2887 2488 2912 quo

1839 2911 1937 2937 differat
1956 2920 1970 2937 a
1988 2913 2112 2945 principio
2130 2918 2155 2938 et
2173 2914 2204 2938 ab
2224 2915 2360 2939 elemento.
2374 2915 2392 2945 I,
2406 2922 2423 2945 ι,
2439 2914 2490 2940 5.-

1839 2947 1866 2971 In
1885 2955 1932 2972 sua
1949 2949 2046 2973 ratione
2069 2956 2120 2973 non
2141 2949 2268 2981 dependet
2286 2958 2300 2974 a
2319 2947 2432 2974 materia.
2452 2950 2487 2980 II,

1837 2989 1868 3012 v,
1891 2990 1943 3007 x.—·
1956 2983 1996 3007 Ad
2015 2991 2095 3016 quem
2120 2984 2244 3015 pertineat
2269 2984 2438 3010 determinare
2457 2985 2489 3009 de

1839 3017 1932 3042 causis.
1951 3018 2014 3043 ibid.

1859 3052 1978 3084 >Species
1997 3061 2137 3079 causarum
2159 3054 2322 3087 manifestae.
2341 3055 2487 3079 Materialis.

1837 3087 1866 3118 11,
1885 3095 1909 3117 ν,
1930 3087 1952 3118 3,
1972 3087 1997 3113 8.
2006 3103 2027 3108 -
2039 3089 2174 3119 Formalis,
2189 3097 2235 3113 seu
2247 3089 2345 3120 species
2359 3093 2385 3114 et
2396 3096 2486 3114 exem-

1832 3123 1917 3154 plum.
1937 3123 1966 3152 ΙΙ,
1984 3131 2009 3154 v,
2027 3131 2053 3154 4,
2072 3123 2097 3148 8.
2108 3137 2128 3142 -
2140 3124 2247 3148 Movens
2262 3124 2303 3147 vel
2316 3122 2436 3149 efficiens.
2455 3124 2486 3154 II,

1837 3164 1866 3186 v,
1887 3156 1915 3187 5,
1939 3158 2125 3187 10.—Finalis,
2145 3158 2172 3187 II,
2191 3165 2215 3188 v,
2235 3157 2258 3188 6,
2282 3166 2320 3183 xx.

1871 3192 1949 3217 Medi
1966 3199 2066 3217 earum.
2086 3192 2170 3217 Causa
2187 3193 2351 3217 communior
2363 3198 2389 3217 et
2397 3193 2485 3225 prior,
2514 3197 2518 3201 ·

1831 3226 1946 3258 propria
1965 3231 1990 3251 et
2003 3227 2146 3258 posterior.
2165 3227 2193 3258 11,
2212 3235 2252 3258 vx,
2274 3235 2296 3258 2,
2318 3227 2340 3252 3.
2352 3241 2372 3246 -
2386 3228 2486 3252 Causae

1831 3268 1884 3293 per
1901 3268 1929 3286 se
1948 3266 1973 3286 et
1986 3268 2038 3293 per
2055 3262 2184 3286 accidens.
2203 3262 2237 3291 II,
2256 3269 2294 3290 vx,
2313 3269 2338 3293 4.
2357 3270 2410 3293 vxxx,
2429 3262 2454 3287 8.
2467 3276 2486 3281 —-

1836 3295 2029 3320 Subdivisiones
2048 3304 2140 3321 causae
2158 3304 2203 3328 per
2222 3297 2348 3321 accidens.
2366 3298 2394 3327 II,
2410 3305 2444 3328 vx,
2458 3305 2484 3328 4.

1835 3338 1888 3360 vxxx,
1907 3330 1933 3355 8.
1952 3338 1985 3361 xx,
2001 3330 2024 3355 5.
2037 3345 2058 3350 —
2072 3331 2155 3356 Causa
2173 3339 2219 3363 per
2237 3332 2352 3356 accidens
2371 3337 2411 3357 est
2429 3331 2484 3356 infi-

1834 3365 1886 3390 nita
1910 3370 1935 3390 et
1958 3366 2150 3390 indeterminata
2157 3373 2164 3396 ;
2186 3374 2262 3391 causa
2285 3371 2371 3391 autem
2390 3375 2436 3399 per
2454 3374 2484 3392 se

1834 3406 1874 3425 est
1891 3399 1959 3425 finita
1978 3405 2004 3425 et
2022 3401 2196 3425 determinata.
2215 3401 2243 3430 Il,
2261 3409 2314 3432 νιιι,
2334 3401 2387 3426 8.-
2401 3401 2482 3427 Unius

1833 3440 1859 3460 et
1877 3435 1992 3460 eiusdem
2010 3436 2132 3467 contingit
2149 3443 2208 3460 esse
2224 3436 2318 3461 multas
2333 3444 2424 3461 causas
2437 3444 2484 3469 per

1833 3477 1870 3495 se.
1883 3470 1911 3501 11,
1925 3478 1950 3501 v,
1965 3478 1989 3502 7.
1999 3483 2017 3489 —
2032 3470 2115 3495 Causa
2128 3478 2174 3503 per
2188 3478 2218 3495 se
2231 3471 2348 3503 producit
2362 3472 2483 3496 effectum

1833 3513 1911 3530 suum
1935 3510 1964 3529 ut
1981 3513 2084 3537 semper
2107 3506 2148 3530 vel
2173 3510 2202 3530 ut
2226 3505 2387 3538 frequenter;
2406 3514 2482 3531 causa

1833 3547 1879 3572 per
1897 3540 2014 3565 accidens
2033 3545 2061 3565 ut
2086 3540 2111 3565 in
2136 3540 2306 3573 paucioribus.
2325 3541 2360 3572 II,
2378 3549 2437 3572 vxxx,
2456 3541 2482 3567 8.

2563 2223 2574 2236 ί
