2950 4004
9 430 23 443 Q

39 465 64 489 s.
77 463 123 487 n.
140 462 181 485 lib.
195 462 206 484 1
217 477 224 489 ,

3 494 17 511 jz
81 496 127 513 xxv.
142 500 154 505 -
170 488 224 510 Did.

7 514 43 547 'etj-
49 533 57 542 .
62 517 82 546 1,
87 522 160 545 cupa,
167 514 225 536 ηαδ.

1099 321 1209 357 CAP.
1238 321 1324 367 vn,
1354 321 1504 370 LECT.
1534 323 1570 358 x

252 400 298 437 sit
323 411 477 436 necesse
504 409 647 447 ponere
674 409 852 435 vacuum.
891 398 991 435 Vera
1019 405 1147 434 autern
1176 397 1311 434 solutio

251 452 404 502 ponitur
431 451 469 488 in
496 451 591 488 libro
617 451 662 487 de
685 450 931 487 Generatione
951 452 983 496 ²¹²,
1011 450 1076 487 ubi
1105 450 1313 493 ostenditur

252 504 357 554 quod
385 503 607 541 alimentum
635 515 713 540 non
741 502 794 539 sic
827 502 956 539 transit
982 502 1021 538 in
1048 502 1087 539 id
1115 502 1219 550 quod
1247 514 1311 538 au-

253 564 378 605 getur,
407 556 515 606 quasi
542 556 588 592 sit
616 555 716 592 aliud
753 567 890 603 corpus
919 555 966 591 ab
994 554 1099 603 ipso;
1129 555 1196 592 sed
1224 554 1312 602 quia

255 609 485 647 convertitur
520 608 559 646 in
586 607 832 645 substantiam
870 606 970 654 eius,
999 607 1095 644 sicut
1121 606 1220 654 ligna
1247 619 1312 655 ap-

253 662 376 712 posita
403 661 490 710 igni,
519 667 791 698 convertuntur
817 659 855 696 in
882 659 1020 706 ignem.

315 726 371 762 14.
401 714 533 751 Tertio
561 713 633 750 ibi:
667 713 826 750 Omnino
853 717 979 748 autem
1006 716 1043 748 et
1067 722 1164 759 quae
1191 716 1244 747 est
1269 711 1314 747 de

256 772 458 818 augmento
494 773 585 814 etc.‚
629 764 790 802 excludit
822 764 934 802 simul
971 771 1007 800 et
1043 763 1227 800 rationem
1266 763 1313 799 de

257 827 461 868 augmento
499 826 536 856 et
562 817 746 855 rationem
783 817 832 854 de
869 829 969 865 aqua
1001 816 1122 853 effusa
1148 816 1187 853 in
1215 815 1315 852 cine-

258 885 355 909 rem:
376 879 413 909 et
427 871 514 909 dicit
527 870 632 920 quod
649 877 808 918 utraque
823 868 916 906 ratio
930 868 1124 917 *impedit
1137 868 1312 916 seipsam.

258 924 375 972 Quod
401 924 454 960 sic
481 930 593 972 patet.
623 923 692 959 Est
710 922 811 959 enim
841 921 938 958 circa
957 928 1202 969 augmentum
1222 921 1316 956 haec

259 977 451 1014 dubitatio.
470 975 629 1013 Videtur
648 975 749 1012 enirn
767 975 830 1012 vel
848 975 868 996 '¹‘
886 974 992 1022 quod
1010 986 1089 1011 non
1107 980 1231 1011 toturn
1250 985 1315 1009 au-

258 1037 404 1078 geatur;
421 1029 484 1066 vel
503 1028 608 1078 quod
627 1034 873 1076 augmentum
893 1039 971 1064 non
989 1027 1056 1064 fiat
1073 1038 1142 1075 per
1160 1025 1317 1062 additio-

258 1094 349 1120 nem
378 1081 558 1131 corporis,
577 1081 645 1118 sed
671 1092 740 1129 per
766 1079 1001 1118 additionem
1020 1078 1176 1116 alicuius
1195 1078 1317 1115 incor-

258 1134 386 1184 porei;
416 1141 481 1171 aut
517 1134 621 1182 q'uod
658 1133 848 1181 contingat
874 1133 951 1170 duo
981 1143 1142 1180 corpora
1170 1142 1252 1168 esse
1280 1130 1318 1167 in

261 1187 399 1225 eodem
418 1187 516 1224 loco.
538 1187 648 1223 Hanc
666 1186 776 1234 igitur
795 1185 1080 1230 dubitationem,
1097 1196 1195 1233 quae
1215 1195 1319 1220 com-

261 1239 424 1277 muniter
436 1239 588 1277 videtur
602 1250 683 1276 esse
702 1245 782 1276 tam
797 1245 926 1276 contra
938 1244 1124 1287 ponentes
1138 1248 1319 1283 vacuum,

317 1370 343 1413 ξ)
362 1381 405 1406 vel
422 1383 526 1413 oportet
544 1386 589 1406 eos
607 1379 703 1405 dicere.
715 1378 792 1403 -Pro
810 1377 863 1408 vel,
887 1378 950 1410 quia
968 1378 1014 1407 εΗ,
1035 1377 1083 1402 sed
1101 1377 1141 1402 vel
1158 1377 1200 1407 T,
1221 1376 1269 1401 sed
1286 1377 1315 1401 Ρ.

266 1416 340 1441 Patet
358 1416 497 1449 legendum
515 1423 575 1441 esse
588 1415 629 1440 vel
642 1422 702 1440 cum
721 1418 769 1439 cet.
783 1413 858 1439 codd.
877 1418 903 1438 et
919 1413 974 1444 ab;
985 1420 1046 1438 mm
1058 1412 1121 1437 haec
1134 1411 1199 1437 ratio
1218 1419 1315 1444 ponen-

2348 334 2418 370 179

1365 411 1482 448 quam
1512 407 1640 437 contra
1668 413 1746 437 non
1772 408 1970 449 ponentes,
1998 401 2132 438 volunt
2159 401 2317 438 solvere.
2343 400 2421 436 Sed

1366 458 1493 488 tamen
1531 464 1608 489 non
1637 453 1895 490 demonstrant
1931 453 2035 502 quod
2066 465 2232 490 vacuum
2261 452 2330 498 sit;
2358 452 2421 489 vel

1367 511 1516 551 oportet
1552 516 1617 541 eos
1654 505 1778 541 dicere
1806 505 1836 550 ζ,
1865 505 1895 542 si
1924 512 2169 553 augmentum
2189 505 2242 541 sit
2268 511 2423 554 propter

1366 567 1554 602 vacuum,
1583 557 1687 604 quod
1723 565 1844 594 totum
1880 570 2016 606 corpus
2045 558 2090 594 sit
2116 570 2303 604 vacuum,
2335 566 2422 593 curn

1367 615 1487 644 totum
1517 620 1654 656 corpus
1681 617 1871 656 augeatur.
2307 620 2313 627 ‘

1421 660 1469 696 Et
1495 659 1662 696 similiter
1698 661 1901 698 dicendum
1930 669 1985 698 est
2013 662 2059 698 de
2090 661 2238 698 cinere:
2269 661 2357 710 quia
2393 660 2423 697 si

1366 723 1435 749 vas
1454 712 1611 760 plenum
1625 713 1645 733 '⁸‘
1665 712 1786 750 cinere
1807 714 1936 762 recipit
1953 721 2098 751 tantum
2118 714 2165 750 de
2185 726 2283 761 aqua
2306 725 2423 763 quan-

1368 772 1449 801 tum
1476 777 1653 811 vacuum,
1680 774 1828 814 oportet
1856 767 1978 803 dicere
2007 766 2111 814 quod
2138 774 2258 802 totum
2287 766 2332 802 sit
2357 778 2424 802 va-

1370 829 1495 854 cuum.
1517 818 1608 854 Non
1627 825 1682 854 est
1699 818 1808 865 igitur
1825 819 1900 855 hoc
1918 826 2072 867 propter
2089 819 2337 855 vacuitatem:
2358 818 2435 855 sed'

1369 876 1523 917 propter
1542 869 1850 907 commixtionem
1870 871 1907 907 in
1936 883 2045 920 aqua.
2066 872 2177 918 Aqua
2202 870 2302 907 enirn
2323 883 2426 906 com-

1370 922 1486 958 mixta
1515 921 1628 958 cineri
1653 923 1913 969 condensatur,
1941 931 1976 960 et
2005 923 2127 971 aliqua
2150 935 2236 971 pars
2257 923 2336 959 eius
2365 935 2426 959 ex-

1370 974 1486 1019 halat3
1516 981 1551 1010 et
1570 974 1704 1011 iterum
1733 983 1856 1023 partes
1877 975 2009 1013 cineris
2036 975 2154 1022 magis
2183 975 2428 1023 inspissantur

1371 1026 1670 1063 humefactione:
1701 1027 1805 1064 cuius
1829 1028 1976 1075 signum
2006 1035 2072 1075 est,
2092 1027 2196 1075 quod
2217 1028 2236 1048 ²⁵²
2256 1039 2335 1063 non
2361 1039 2428 1076 po-

1373 1086 1443 1115 test
1470 1079 1611 1115 extrahi
1638 1086 1783 1116 tantum
1807 1080 1853 1116 de
1882 1091 1991 1128 aqua,
2013 1088 2195 1128 quantum
2223 1079 2326 1128 prius
2350 1079 2427 1117 fuit.

1426 1130 1566 1167 Ultimo
1587 1138 1714 1167 autem
1735 1132 1922 1169 concludit
1950 1133 2054 1181 quod
2082 1132 2323 1169 manifestum
2357 1140 2432 1179 est,

1374 1183 1479 1232 quod
1498 1182 1603 1219 facile
1625 1191 1679 1219 est
1693 1184 1839 1221 solvere
1865 1197 1909 1221 ea
1938 1197 1983 1221 ex
2011 1184 2148 1233 quibus
2173 1184 2431 1221 demonstrant

1373 1248 1541 1274 vacuum
1571 1248 1663 1272 esse.

1369 1376 1434 1401 tium
1453 1383 1564 1401 vacuum
1582 1379 1631 1400 aut
1649 1383 1700 1400 non
1718 1376 1810 1408 probat
1828 1383 1887 1401 esse
1906 1384 2030 1407 vacuum,
2056 1379 2102 1401 aut
2121 1376 2211 1408 probat
2233 1380 2317 1401 totum
2339 1383 2433 1408 corpus

1369 1419 1427 1436 esse
1446 1418 1574 1442 vacuum,
1593 1411 1704 1444 ideoque
1722 1419 1751 1436 se
1769 1411 1825 1443 ipsa
1843 1412 1956 1443 impedit.

2451 721 2462 732 ⁸
2476 721 2505 742 de
2518 720 2572 742 add.
2589 726 2662 743 orans.

2454 1035 2465 1047 ⁴
2480 1035 2536 1062 quia
2550 1034 2600 1056 Pth-
