<?xml version="1.0" encoding="UTF-8"?>
<!DOCTYPE html PUBLIC "-//W3C//DTD XHTML 1.0 Transitional//EN"
    "http://www.w3.org/TR/xhtml1/DTD/xhtml1-transitional.dtd">
<html xmlns="http://www.w3.org/1999/xhtml" xml:lang="en" lang="en">
 <head>
  <title>
</title>
<meta http-equiv="Content-Type" content="text/html;charset=utf-8" />
  <meta name='ocr-system' content='tesseract 3.04.00' />
  <meta name='ocr-capabilities' content='ocr_page ocr_carea ocr_par ocr_line ocrx_word'/>
</head>
<body>
  <div class='ocr_page' id='page_1' title='image "./operaomniaiussui02thom/operaomniaiussui02thom_0080.png"; bbox 0 0 2982 4022; ppageno 0'>
   <div class='ocr_carea' id='block_1_1' title="bbox 245 417 458 465">
    <p class='ocr_par' dir='ltr' id='par_1_1' title="bbox 245 417 458 465">
     <span class='ocr_line' id='line_1_1' title="bbox 245 417 458 445; baseline 0 -7"><span class='ocrx_word' id='word_1_1' title='bbox 245 419 256 429; x_wconf 79' lang='lat'>⁸</span> <span class='ocrx_word' id='word_1_2' title='bbox 276 417 406 445; x_wconf 78' lang='lat' dir='ltr'>potentiam</span> <span class='ocrx_word' id='word_1_3' title='bbox 428 422 458 438; x_wconf 80' lang='grc' dir='ltr'>υιι</span> 
     </span>
     <span class='ocr_line' id='line_1_2' title="bbox 245 450 284 465; baseline 0 0"><span class='ocrx_word' id='word_1_4' title='bbox 245 450 284 465; x_wconf 78' lang='lat' dir='ltr'>cn.</span> 
     </span>
    </p>
   </div>
   <div class='ocr_carea' id='block_1_2' title="bbox 244 522 406 570">
    <p class='ocr_par' dir='ltr' id='par_1_2' title="bbox 244 522 406 570">
     <span class='ocr_line' id='line_1_3' title="bbox 244 522 376 543; baseline -0.015 1"><span class='ocrx_word' id='word_1_5' title='bbox 244 523 255 533; x_wconf 98' lang='lat'>⁸</span> <span class='ocrx_word' id='word_1_6' title='bbox 271 522 324 543; x_wconf 83' lang='lat' dir='ltr'>ideo</span> <span class='ocrx_word' id='word_1_7' title='bbox 338 523 376 542; x_wconf 76' lang='lat' dir='ltr'>est</span> 
     </span>
     <span class='ocr_line' id='line_1_4' title="bbox 244 548 406 570; baseline -0.006 -1"><span class='ocrx_word' id='word_1_8' title='bbox 244 550 282 570; x_wconf 78' lang='lat' dir='ltr'>est</span> <span class='ocrx_word' id='word_1_9' title='bbox 294 548 346 570; x_wconf 82' lang='lat' dir='ltr'>edd.</span> <span class='ocrx_word' id='word_1_10' title='bbox 361 554 376 568; x_wconf 87' lang='lat' dir='ltr'>a</span> <span class='ocrx_word' id='word_1_11' title='bbox 385 548 406 569; x_wconf 73' lang='lat'>1⁷.</span> 
     </span>
    </p>
   </div>
   <div class='ocr_carea' id='block_1_3' title="bbox 242 626 389 648">
    <p class='ocr_par' dir='ltr' id='par_1_3' title="bbox 242 626 389 648">
     <span class='ocr_line' id='line_1_5' title="bbox 242 626 389 648; baseline 0 0"><span class='ocrx_word' id='word_1_12' title='bbox 242 627 254 638; x_wconf 84' lang='lat'>⁸</span> <span class='ocrx_word' id='word_1_13' title='bbox 269 626 355 648; x_wconf 74' lang='lat' dir='ltr'>habere</span> <span class='ocrx_word' id='word_1_14' title='bbox 368 633 389 648; x_wconf 85' lang='grc' dir='ltr'>ι..</span> 
     </span>
    </p>
   </div>
   <div class='ocr_carea' id='block_1_4' title="bbox 244 784 455 811">
    <p class='ocr_par' dir='ltr' id='par_1_4' title="bbox 244 784 455 811">
     <span class='ocr_line' id='line_1_6' title="bbox 244 784 455 811; baseline -0.005 -6"><span class='ocrx_word' id='word_1_15' title='bbox 244 786 253 794; x_wconf 90' lang='grc'><em>·</em></span> <span class='ocrx_word' id='word_1_16' title='bbox 267 784 329 805; x_wconf 86' lang='lat' dir='ltr'>Lect.</span> <span class='ocrx_word' id='word_1_17' title='bbox 338 790 388 810; x_wconf 79' lang='lat' dir='ltr'>xiii,</span> <span class='ocrx_word' id='word_1_18' title='bbox 399 790 422 804; x_wconf 91' lang='grc' dir='ltr'>ιι.</span> <span class='ocrx_word' id='word_1_19' title='bbox 433 790 455 811; x_wconf 88' lang='lat'>9.</span> 
     </span>
    </p>
   </div>
   <div class='ocr_carea' id='block_1_5' title="bbox 241 1099 453 1150">
    <p class='ocr_par' dir='ltr' id='par_1_5' title="bbox 241 1099 453 1150">
     <span class='ocr_line' id='line_1_7' title="bbox 241 1099 453 1121; baseline 0.005 -1"><span class='ocrx_word' id='word_1_20' title='bbox 241 1100 252 1111; x_wconf 82' lang='lat'>⁸</span> <span class='ocrx_word' id='word_1_21' title='bbox 266 1102 290 1121; x_wconf 83' lang='lat' dir='ltr'>et</span> <span class='ocrx_word' id='word_1_22' title='bbox 303 1099 355 1121; x_wconf 86' lang='lat' dir='ltr'>add.</span> <span class='ocrx_word' id='word_1_23' title='bbox 370 1106 453 1121; x_wconf 76' lang='grc' dir='ltr'><em>Ααικω</em></span> 
     </span>
     <span class='ocr_line' id='line_1_8' title="bbox 242 1132 368 1150; baseline 0.008 -4"><span class='ocrx_word' id='word_1_24' title='bbox 242 1132 288 1150; x_wconf 70' lang='lat' dir='ltr'>er</span> <span class='ocrx_word' id='word_1_25' title='bbox 290 1132 368 1147; x_wconf 71' lang='lat' dir='ltr'>vvvvvv</span> 
     </span>
    </p>
   </div>
   <div class='ocr_carea' id='block_1_6' title="bbox 242 1157 453 1204">
    <p class='ocr_par' dir='ltr' id='par_1_6' title="bbox 242 1157 453 1204">
     <span class='ocr_line' id='line_1_9' title="bbox 242 1157 453 1184; baseline 0.005 -7"><span class='ocrx_word' id='word_1_26' title='bbox 242 1157 453 1184; x_wconf 75' lang='lat' dir='ltr'>⁸man1&#39;feslandam</span> 
     </span>
     <span class='ocr_line' id='line_1_10' title="bbox 242 1183 356 1204; baseline 0 0"><span class='ocrx_word' id='word_1_27' title='bbox 242 1190 291 1204; x_wconf 88' lang='lat' dir='ltr'>om.</span> <span class='ocrx_word' id='word_1_28' title='bbox 306 1183 356 1204; x_wconf 74' lang='grc' dir='ltr'>Ραρ.</span> 
     </span>
    </p>
   </div>
   <div class='ocr_carea' id='block_1_7' title="bbox 238 1578 454 1626">
    <p class='ocr_par' dir='ltr' id='par_1_7' title="bbox 238 1578 454 1626">
     <span class='ocr_line' id='line_1_11' title="bbox 238 1578 454 1606; baseline 0.009 -7"><span class='ocrx_word' id='word_1_29' title='bbox 238 1579 249 1589; x_wconf 95' lang='lat'>⁸</span> <span class='ocrx_word' id='word_1_30' title='bbox 264 1580 287 1599; x_wconf 78' lang='lat' dir='ltr'>et</span> <span class='ocrx_word' id='word_1_31' title='bbox 287 1578 398 1606; x_wconf 72' lang='lat' dir='ltr'>feminae</span> <span class='ocrx_word' id='word_1_32' title='bbox 405 1585 454 1601; x_wconf 90' lang='lat' dir='ltr'>om.</span> 
     </span>
     <span class='ocr_line' id='line_1_12' title="bbox 239 1611 276 1626; baseline -0.027 0"><span class='ocrx_word' id='word_1_33' title='bbox 239 1611 276 1626; x_wconf 72' lang='grc' dir='ltr'>ες..</span> 
     </span>
    </p>
   </div>
   <div class='ocr_carea' id='block_1_8' title="bbox 236 1685 454 1765">
    <p class='ocr_par' dir='ltr' id='par_1_8' title="bbox 236 1685 454 1765">
     <span class='ocr_line' id='line_1_13' title="bbox 243 1685 454 1712; baseline 0 -6"><span class='ocrx_word' id='word_1_34' title='bbox 243 1687 250 1694; x_wconf 93' lang='grc'><strong>”</strong></span> <span class='ocrx_word' id='word_1_35' title='bbox 265 1685 432 1712; x_wconf 72' lang='lat' dir='ltr'><em>metaphoricis</em></span> <span class='ocrx_word' id='word_1_36' title='bbox 441 1691 454 1706; x_wconf 76' lang='grc' dir='ltr'><strong><em>Ε</em></strong></span> 
     </span>
     <span class='ocr_line' id='line_1_14' title="bbox 240 1718 454 1736; baseline 0 -4"><span class='ocrx_word' id='word_1_37' title='bbox 240 1718 372 1736; x_wconf 76' lang='lat' dir='ltr'>onoqsrvx.</span> <span class='ocrx_word' id='word_1_38' title='bbox 380 1723 388 1727; x_wconf 91' lang='lat'><em>-</em></span> <span class='ocrx_word' id='word_1_39' title='bbox 395 1718 454 1733; x_wconf 79' lang='lat' dir='ltr'>sum-</span> 
     </span>
     <span class='ocr_line' id='line_1_15' title="bbox 236 1738 451 1765; baseline 0.005 -7"><span class='ocrx_word' id='word_1_40' title='bbox 236 1738 286 1765; x_wconf 71' lang='lat' dir='ltr'>ptis</span> <span class='ocrx_word' id='word_1_41' title='bbox 293 1744 451 1759; x_wconf 68' lang='lat' dir='ltr'>ncnsonuonz.</span> 
     </span>
    </p>
   </div>
   <div class='ocr_carea' id='block_1_9' title="bbox 239 1791 451 1838">
    <p class='ocr_par' dir='ltr' id='par_1_9' title="bbox 239 1791 451 1838">
     <span class='ocr_line' id='line_1_16' title="bbox 279 1791 451 1818; baseline 0 -7"><span class='ocrx_word' id='word_1_42' title='bbox 279 1791 430 1818; x_wconf 19' lang='lat' dir='ltr'>orrumpiturb</span> <span class='ocrx_word' id='word_1_43' title='bbox 437 1797 451 1811; x_wconf 81' lang='lat' dir='ltr'>n</span> 
     </span>
     <span class='ocr_line' id='line_1_17' title="bbox 239 1823 333 1838; baseline 0 0"><span class='ocrx_word' id='word_1_44' title='bbox 239 1823 333 1838; x_wconf 75' lang='lat' dir='ltr'>EFGRTz.</span> 
     </span>
    </p>
   </div>
   <div class='ocr_carea' id='block_1_10' title="bbox 238 2189 450 2243">
    <p class='ocr_par' dir='ltr' id='par_1_10' title="bbox 238 2189 450 2243">
     <span class='ocr_line' id='line_1_18' title="bbox 238 2189 450 2217; baseline 0.005 -7"><span class='ocrx_word' id='word_1_45' title='bbox 238 2190 249 2199; x_wconf 74' lang='lat'>⁸</span> <span class='ocrx_word' id='word_1_46' title='bbox 258 2189 321 2211; x_wconf 83' lang='lat' dir='ltr'>Lect.</span> <span class='ocrx_word' id='word_1_47' title='bbox 330 2196 371 2217; x_wconf 71' lang='grc' dir='ltr'><em>χιι,</em></span> <span class='ocrx_word' id='word_1_48' title='bbox 381 2196 419 2211; x_wconf 91' lang='lat' dir='ltr'>nn.</span> <span class='ocrx_word' id='word_1_49' title='bbox 430 2196 450 2217; x_wconf 81' lang='lat'>7,</span> 
     </span>
     <span class='ocr_line' id='line_1_19' title="bbox 239 2222 329 2243; baseline 0.011 -7"><span class='ocrx_word' id='word_1_50' title='bbox 239 2222 263 2237; x_wconf 86' lang='lat'>10</span> <span class='ocrx_word' id='word_1_51' title='bbox 278 2222 329 2243; x_wconf 86' lang='lat' dir='ltr'><strong>sqq.</strong></span> 
     </span>
    </p>
   </div>
   <div class='ocr_carea' id='block_1_11' title="bbox 489 329 537 375">
    <p class='ocr_par' dir='ltr' id='par_1_11' title="bbox 489 329 537 375">
     <span class='ocr_line' id='line_1_20' title="bbox 489 329 537 375; baseline 0 0"><span class='ocrx_word' id='word_1_52' title='bbox 489 329 537 375; x_wconf 84' lang='lat'>54</span> 
     </span>
    </p>
   </div>
   <div class='ocr_carea' id='block_1_12' title="bbox 483 406 1548 508">
    <p class='ocr_par' dir='ltr' id='par_1_12' title="bbox 483 406 1548 508">
     <span class='ocr_line' id='line_1_21' title="bbox 483 406 1548 456; baseline -0.001 -12"><span class='ocrx_word' id='word_1_53' title='bbox 483 415 527 444; x_wconf 90' lang='lat' dir='ltr'>ut</span> <span class='ocrx_word' id='word_1_54' title='bbox 553 407 722 456; x_wconf 89' lang='lat' dir='ltr'>potentia</span> <span class='ocrx_word' id='word_1_55' title='bbox 739 407 760 428; x_wconf 77' lang='lat'>’¹‘</span> <span class='ocrx_word' id='word_1_56' title='bbox 779 407 828 444; x_wconf 88' lang='lat' dir='ltr'>ad</span> <span class='ocrx_word' id='word_1_57' title='bbox 848 414 986 444; x_wconf 89' lang='lat' dir='ltr'>actum.</span> <span class='ocrx_word' id='word_1_58' title='bbox 1003 428 1027 434; x_wconf 99' lang='lat'>-</span> <span class='ocrx_word' id='word_1_59' title='bbox 1043 408 1092 444; x_wconf 91' lang='lat' dir='ltr'>Et</span> <span class='ocrx_word' id='word_1_60' title='bbox 1111 406 1199 456; x_wconf 89' lang='lat' dir='ltr'>quia</span> <span class='ocrx_word' id='word_1_61' title='bbox 1219 406 1288 443; x_wconf 93' lang='lat' dir='ltr'>sub</span> <span class='ocrx_word' id='word_1_62' title='bbox 1305 418 1548 455; x_wconf 88' lang='lat' dir='ltr'>quacumque</span> 
     </span>
     <span class='ocr_line' id='line_1_22' title="bbox 485 459 1547 508; baseline -0.002 -11"><span class='ocrx_word' id='word_1_63' title='bbox 485 461 609 497; x_wconf 86' lang='lat' dir='ltr'>forma</span> <span class='ocrx_word' id='word_1_64' title='bbox 637 460 702 506; x_wconf 83' lang='lat' dir='ltr'>sit,</span> <span class='ocrx_word' id='word_1_65' title='bbox 736 459 861 496; x_wconf 92' lang='lat' dir='ltr'>adhuc</span> <span class='ocrx_word' id='word_1_66' title='bbox 889 467 1060 496; x_wconf 89' lang='lat' dir='ltr'>remanet</span> <span class='ocrx_word' id='word_1_67' title='bbox 1092 459 1131 496; x_wconf 89' lang='lat' dir='ltr'>in</span> <span class='ocrx_word' id='word_1_68' title='bbox 1162 459 1330 508; x_wconf 88' lang='lat' dir='ltr'>potentia</span> <span class='ocrx_word' id='word_1_69' title='bbox 1357 459 1407 496; x_wconf 83' lang='lat' dir='ltr'>ad</span> <span class='ocrx_word' id='word_1_70' title='bbox 1435 459 1547 496; x_wconf 89' lang='lat' dir='ltr'>aliam</span> 
     </span>
    </p>
   </div>
   <div class='ocr_carea' id='block_1_13' title="bbox 394 512 1547 561">
    <p class='ocr_par' dir='ltr' id='par_1_13' title="bbox 394 512 1547 561">
     <span class='ocr_line' id='line_1_23' title="bbox 394 512 1547 561; baseline -0.001 -12"><span class='ocrx_word' id='word_1_71' title='bbox 394 528 415 547; x_wconf 67' lang='grc' dir='ltr'>ι’,</span> <span class='ocrx_word' id='word_1_72' title='bbox 435 522 459 542; x_wconf 74' lang='lat' dir='ltr'>et</span> <span class='ocrx_word' id='word_1_73' title='bbox 485 514 662 559; x_wconf 88' lang='lat' dir='ltr'>formam,</span> <span class='ocrx_word' id='word_1_74' title='bbox 683 512 779 549; x_wconf 88' lang='lat' dir='ltr'>inest</span> <span class='ocrx_word' id='word_1_75' title='bbox 800 514 819 534; x_wconf 71' lang='lat'>&#39;¹‘</span> <span class='ocrx_word' id='word_1_76' title='bbox 849 512 882 549; x_wconf 91' lang='lat' dir='ltr'>ei</span> <span class='ocrx_word' id='word_1_77' title='bbox 901 524 1053 561; x_wconf 85' lang='lat' dir='ltr'>semper</span> <span class='ocrx_word' id='word_1_78' title='bbox 1072 513 1258 561; x_wconf 89' lang='lat' dir='ltr'>appetitus</span> <span class='ocrx_word' id='word_1_79' title='bbox 1282 512 1449 548; x_wconf 91' lang='lat' dir='ltr'>formae:</span> <span class='ocrx_word' id='word_1_80' title='bbox 1469 524 1547 549; x_wconf 92' lang='lat' dir='ltr'>non</span> 
     </span>
    </p>
   </div>
   <div class='ocr_carea' id='block_1_14' title="bbox 477 565 1548 2251">
    <p class='ocr_par' dir='ltr' id='par_1_14' title="bbox 479 565 1548 1669">
     <span class='ocr_line' id='line_1_24' title="bbox 483 565 1547 615; baseline -0.001 -13"><span class='ocrx_word' id='word_1_81' title='bbox 483 573 640 615; x_wconf 91' lang='lat' dir='ltr'>propter</span> <span class='ocrx_word' id='word_1_82' title='bbox 667 565 857 602; x_wconf 89' lang='lat' dir='ltr'>fastidium</span> <span class='ocrx_word' id='word_1_83' title='bbox 886 565 1032 602; x_wconf 83' lang='lat' dir='ltr'>formae</span> <span class='ocrx_word' id='word_1_84' title='bbox 1061 577 1178 613; x_wconf 89' lang='lat' dir='ltr'>quam</span> <span class='ocrx_word' id='word_1_85' title='bbox 1206 565 1332 612; x_wconf 86' lang='lat' dir='ltr'>habet,</span> <span class='ocrx_word' id='word_1_86' title='bbox 1361 576 1432 602; x_wconf 91' lang='lat' dir='ltr'>nec</span> <span class='ocrx_word' id='word_1_87' title='bbox 1459 577 1547 614; x_wconf 93' lang='lat' dir='ltr'>pro-</span> 
     </span>
     <span class='ocr_line' id='line_1_25' title="bbox 483 617 1548 667; baseline -0.001 -12"><span class='ocrx_word' id='word_1_88' title='bbox 483 626 568 667; x_wconf 91' lang='lat' dir='ltr'>pter</span> <span class='ocrx_word' id='word_1_89' title='bbox 585 619 659 654; x_wconf 92' lang='lat' dir='ltr'>hoc</span> <span class='ocrx_word' id='word_1_90' title='bbox 678 618 783 666; x_wconf 90' lang='lat' dir='ltr'>quod</span> <span class='ocrx_word' id='word_1_91' title='bbox 807 626 964 666; x_wconf 92' lang='lat' dir='ltr'>quaerat</span> <span class='ocrx_word' id='word_1_92' title='bbox 987 618 1172 655; x_wconf 89' lang='lat' dir='ltr'>contraria</span> <span class='ocrx_word' id='word_1_93' title='bbox 1192 629 1273 654; x_wconf 90' lang='lat' dir='ltr'>esse</span> <span class='ocrx_word' id='word_1_94' title='bbox 1291 619 1310 639; x_wconf 78' lang='grc'><em>*</em></span> <span class='ocrx_word' id='word_1_95' title='bbox 1329 617 1459 663; x_wconf 87' lang='lat' dir='ltr'>simul;</span> <span class='ocrx_word' id='word_1_96' title='bbox 1480 617 1548 658; x_wconf 89' lang='lat' dir='ltr'>sed</span> 
     </span>
     <span class='ocr_line' id='line_1_26' title="bbox 485 670 1546 719; baseline 0 -12"><span class='ocrx_word' id='word_1_97' title='bbox 485 671 573 719; x_wconf 91' lang='lat' dir='ltr'>quia</span> <span class='ocrx_word' id='word_1_98' title='bbox 602 677 657 707; x_wconf 90' lang='lat' dir='ltr'>est</span> <span class='ocrx_word' id='word_1_99' title='bbox 683 670 722 707; x_wconf 90' lang='lat' dir='ltr'>in</span> <span class='ocrx_word' id='word_1_100' title='bbox 740 670 908 719; x_wconf 88' lang='lat' dir='ltr'>potentia</span> <span class='ocrx_word' id='word_1_101' title='bbox 936 671 984 708; x_wconf 90' lang='lat' dir='ltr'>ad</span> <span class='ocrx_word' id='word_1_102' title='bbox 1013 671 1103 707; x_wconf 88' lang='lat' dir='ltr'>alias</span> <span class='ocrx_word' id='word_1_103' title='bbox 1131 671 1285 716; x_wconf 88' lang='lat' dir='ltr'>formas,</span> <span class='ocrx_word' id='word_1_104' title='bbox 1317 670 1409 707; x_wconf 89' lang='lat' dir='ltr'>dum</span> <span class='ocrx_word' id='word_1_105' title='bbox 1428 683 1546 707; x_wconf 87' lang='lat' dir='ltr'>unam</span> 
     </span>
     <span class='ocr_line' id='line_1_27' title="bbox 482 723 1547 774; baseline -0.001 -14"><span class='ocrx_word' id='word_1_106' title='bbox 482 724 598 760; x_wconf 88' lang='lat' dir='ltr'>habet</span> <span class='ocrx_word' id='word_1_107' title='bbox 625 723 663 759; x_wconf 92' lang='lat' dir='ltr'>in</span> <span class='ocrx_word' id='word_1_108' title='bbox 682 730 777 759; x_wconf 91' lang='lat' dir='ltr'>actu.</span> <span class='ocrx_word' id='word_1_109' title='bbox 794 744 818 750; x_wconf 97' lang='lat'><em>-</em></span> <span class='ocrx_word' id='word_1_110' title='bbox 835 724 917 760; x_wconf 93' lang='lat' dir='ltr'>Nec</span> <span class='ocrx_word' id='word_1_111' title='bbox 938 723 1050 774; x_wconf 86' lang='lat' dir='ltr'>etiarn</span> <span class='ocrx_word' id='word_1_112' title='bbox 1078 723 1192 760; x_wconf 91' lang='lat' dir='ltr'>utitur</span> <span class='ocrx_word' id='word_1_113' title='bbox 1218 723 1279 759; x_wconf 88' lang='lat' dir='ltr'>hic</span> <span class='ocrx_word' id='word_1_114' title='bbox 1307 723 1465 770; x_wconf 88' lang='lat' dir='ltr'>figurata</span> <span class='ocrx_word' id='word_1_115' title='bbox 1493 724 1547 759; x_wconf 95' lang='lat' dir='ltr'>lo-</span> 
     </span>
     <span class='ocr_line' id='line_1_28' title="bbox 485 775 1545 825; baseline 0 -13"><span class='ocrx_word' id='word_1_116' title='bbox 485 776 646 823; x_wconf 88' lang='lat' dir='ltr'>cutione,</span> <span class='ocrx_word' id='word_1_117' title='bbox 675 776 743 812; x_wconf 92' lang='lat' dir='ltr'>sed</span> <span class='ocrx_word' id='word_1_118' title='bbox 771 775 988 825; x_wconf 87' lang='lat' dir='ltr'>exemplari.</span> <span class='ocrx_word' id='word_1_119' title='bbox 1009 776 1163 813; x_wconf 85' lang='lat' dir='ltr'><strong>Dictum</strong></span> <span class='ocrx_word' id='word_1_120' title='bbox 1184 783 1239 812; x_wconf 86' lang='lat' dir='ltr'>est</span> <span class='ocrx_word' id='word_1_121' title='bbox 1267 775 1369 812; x_wconf 88' lang='lat' dir='ltr'>enim</span> <span class='ocrx_word' id='word_1_122' title='bbox 1390 788 1505 824; x_wconf 90' lang='lat' dir='ltr'>supra</span> <span class='ocrx_word' id='word_1_123' title='bbox 1525 777 1545 797; x_wconf 68' lang='lat'>³¹²</span> 
     </span>
     <span class='ocr_line' id='line_1_29' title="bbox 483 828 1545 877; baseline -0.002 -11"><span class='ocrx_word' id='word_1_124' title='bbox 483 829 588 877; x_wconf 90' lang='lat' dir='ltr'>quod</span> <span class='ocrx_word' id='word_1_125' title='bbox 616 829 774 865; x_wconf 90' lang='lat' dir='ltr'>materia</span> <span class='ocrx_word' id='word_1_126' title='bbox 806 829 930 877; x_wconf 90' lang='lat' dir='ltr'>prima</span> <span class='ocrx_word' id='word_1_127' title='bbox 962 829 1098 865; x_wconf 90' lang='lat' dir='ltr'>scibilis</span> <span class='ocrx_word' id='word_1_128' title='bbox 1132 835 1189 865; x_wconf 87' lang='lat' dir='ltr'>est</span> <span class='ocrx_word' id='word_1_129' title='bbox 1219 828 1430 865; x_wconf 90' lang='lat' dir='ltr'>secundum</span> <span class='ocrx_word' id='word_1_130' title='bbox 1457 840 1545 877; x_wconf 90' lang='lat' dir='ltr'>pro-</span> 
     </span>
     <span class='ocr_line' id='line_1_30' title="bbox 482 881 1544 930; baseline 0 -12"><span class='ocrx_word' id='word_1_131' title='bbox 482 881 719 930; x_wconf 87' lang='lat' dir='ltr'>portionem,</span> <span class='ocrx_word' id='word_1_132' title='bbox 759 882 983 929; x_wconf 88' lang='lat' dir='ltr'>inquantum</span> <span class='ocrx_word' id='word_1_133' title='bbox 1017 881 1069 917; x_wconf 91' lang='lat' dir='ltr'>sic</span> <span class='ocrx_word' id='word_1_134' title='bbox 1102 893 1142 918; x_wconf 92' lang='lat' dir='ltr'>se</span> <span class='ocrx_word' id='word_1_135' title='bbox 1170 881 1285 917; x_wconf 92' lang='lat' dir='ltr'>habet</span> <span class='ocrx_word' id='word_1_136' title='bbox 1318 881 1367 917; x_wconf 92' lang='lat' dir='ltr'>ad</span> <span class='ocrx_word' id='word_1_137' title='bbox 1402 881 1544 918; x_wconf 87' lang='lat' dir='ltr'>formas</span> 
     </span>
     <span class='ocr_line' id='line_1_31' title="bbox 482 933 1545 982; baseline 0 -11"><span class='ocrx_word' id='word_1_138' title='bbox 482 934 755 982; x_wconf 86' lang='lat' dir='ltr'>substantiales,</span> <span class='ocrx_word' id='word_1_139' title='bbox 780 934 875 970; x_wconf 92' lang='lat' dir='ltr'>sicut</span> <span class='ocrx_word' id='word_1_140' title='bbox 901 934 1082 971; x_wconf 87' lang='lat' dir='ltr'>materiae</span> <span class='ocrx_word' id='word_1_141' title='bbox 1109 933 1304 970; x_wconf 89' lang='lat' dir='ltr'>sensibiles</span> <span class='ocrx_word' id='word_1_142' title='bbox 1332 933 1379 971; x_wconf 87' lang='lat' dir='ltr'>ad</span> <span class='ocrx_word' id='word_1_143' title='bbox 1402 934 1545 971; x_wconf 89' lang='lat' dir='ltr'>formas</span> 
     </span>
     <span class='ocr_line' id='line_1_32' title="bbox 481 986 1543 1033; baseline 0.001 -10"><span class='ocrx_word' id='word_1_144' title='bbox 481 987 746 1033; x_wconf 88' lang='lat' dir='ltr'>accidentales;</span> <span class='ocrx_word' id='word_1_145' title='bbox 777 994 813 1023; x_wconf 89' lang='lat' dir='ltr'>et</span> <span class='ocrx_word' id='word_1_146' title='bbox 830 987 917 1024; x_wconf 92' lang='lat' dir='ltr'>ideo</span> <span class='ocrx_word' id='word_1_147' title='bbox 938 987 986 1024; x_wconf 89' lang='lat' dir='ltr'>ad</span> <span class='ocrx_word' id='word_1_148' title='bbox 1005 986 1325 1023; x_wconf 86' lang='lat' dir='ltr'>manifestandum</span> <span class='ocrx_word' id='word_1_149' title='bbox 1345 987 1543 1024; x_wconf 82' lang='lat' dir='ltr'>materiam</span> 
     </span>
     <span class='ocr_line' id='line_1_33' title="bbox 481 1039 1544 1088; baseline 0.001 -12"><span class='ocrx_word' id='word_1_150' title='bbox 481 1040 658 1088; x_wconf 84' lang='lat' dir='ltr'>primam,</span> <span class='ocrx_word' id='word_1_151' title='bbox 685 1047 833 1088; x_wconf 89' lang='lat' dir='ltr'>oportet</span> <span class='ocrx_word' id='word_1_152' title='bbox 850 1039 903 1076; x_wconf 91' lang='lat' dir='ltr'>uti</span> <span class='ocrx_word' id='word_1_153' title='bbox 924 1040 1099 1088; x_wconf 84' lang='lat' dir='ltr'>exemplo</span> <span class='ocrx_word' id='word_1_154' title='bbox 1119 1039 1352 1076; x_wconf 83' lang='lat' dir='ltr'>sensibilium</span> <span class='ocrx_word' id='word_1_155' title='bbox 1373 1041 1544 1077; x_wconf 90' lang='lat' dir='ltr'>substan-</span> 
     </span>
     <span class='ocr_line' id='line_1_34' title="bbox 482 1092 1544 1141; baseline 0.001 -12"><span class='ocrx_word' id='word_1_156' title='bbox 482 1092 630 1129; x_wconf 90' lang='lat' dir='ltr'>tiarum.</span> <span class='ocrx_word' id='word_1_157' title='bbox 663 1092 767 1129; x_wconf 91' lang='lat' dir='ltr'>Sicut</span> <span class='ocrx_word' id='word_1_158' title='bbox 793 1092 903 1140; x_wconf 87' lang='lat' dir='ltr'>igitur</span> <span class='ocrx_word' id='word_1_159' title='bbox 920 1105 1011 1129; x_wconf 92' lang='lat' dir='ltr'>usus</span> <span class='ocrx_word' id='word_1_160' title='bbox 1031 1099 1087 1129; x_wconf 88' lang='lat' dir='ltr'>est</span> <span class='ocrx_word' id='word_1_161' title='bbox 1107 1093 1281 1141; x_wconf 86' lang='lat' dir='ltr'>exemplo</span> <span class='ocrx_word' id='word_1_162' title='bbox 1301 1092 1397 1130; x_wconf 91' lang='lat' dir='ltr'>aeris</span> <span class='ocrx_word' id='word_1_163' title='bbox 1419 1094 1438 1114; x_wconf 84' lang='grc'><em>*</em></span> <span class='ocrx_word' id='word_1_164' title='bbox 1460 1093 1544 1130; x_wconf 89' lang='lat' dir='ltr'>infi-</span> 
     </span>
     <span class='ocr_line' id='line_1_35' title="bbox 481 1145 1543 1193; baseline 0.002 -12"><span class='ocrx_word' id='word_1_165' title='bbox 481 1146 601 1193; x_wconf 87' lang='lat' dir='ltr'>gurati</span> <span class='ocrx_word' id='word_1_166' title='bbox 631 1152 667 1181; x_wconf 91' lang='lat' dir='ltr'>et</span> <span class='ocrx_word' id='word_1_167' title='bbox 685 1145 851 1182; x_wconf 89' lang='lat' dir='ltr'>hominis</span> <span class='ocrx_word' id='word_1_168' title='bbox 871 1157 950 1182; x_wconf 90' lang='lat' dir='ltr'>non</span> <span class='ocrx_word' id='word_1_169' title='bbox 969 1145 1104 1182; x_wconf 88' lang='lat' dir='ltr'>musici</span> <span class='ocrx_word' id='word_1_170' title='bbox 1123 1145 1171 1182; x_wconf 92' lang='lat' dir='ltr'>ad</span> <span class='ocrx_word' id='word_1_171' title='bbox 1190 1145 1507 1183; x_wconf 85' lang='lat' dir='ltr'>manifestandam</span> <span class='ocrx_word' id='word_1_172' title='bbox 1523 1147 1543 1168; x_wconf 77' lang='lat'>⁵¹¹</span> 
     </span>
     <span class='ocr_line' id='line_1_36' title="bbox 481 1197 1545 1243; baseline 0.002 -9"><span class='ocrx_word' id='word_1_173' title='bbox 481 1197 693 1243; x_wconf 89' lang='lat' dir='ltr'>materiam,</span> <span class='ocrx_word' id='word_1_174' title='bbox 710 1198 760 1234; x_wconf 90' lang='lat' dir='ltr'>ita</span> <span class='ocrx_word' id='word_1_175' title='bbox 779 1211 880 1235; x_wconf 92' lang='lat' dir='ltr'>nunc</span> <span class='ocrx_word' id='word_1_176' title='bbox 900 1198 949 1235; x_wconf 89' lang='lat' dir='ltr'>ad</span> <span class='ocrx_word' id='word_1_177' title='bbox 969 1198 1049 1235; x_wconf 90' lang='lat' dir='ltr'>eius</span> <span class='ocrx_word' id='word_1_178' title='bbox 1068 1198 1409 1236; x_wconf 85' lang='lat' dir='ltr'>manifestationem</span> <span class='ocrx_word' id='word_1_179' title='bbox 1429 1199 1545 1236; x_wconf 89' lang='lat' dir='ltr'>utitur</span> 
     </span>
     <span class='ocr_line' id='line_1_37' title="bbox 482 1251 1543 1301; baseline 0.001 -14"><span class='ocrx_word' id='word_1_180' title='bbox 482 1251 656 1299; x_wconf 88' lang='lat' dir='ltr'>exemplo</span> <span class='ocrx_word' id='word_1_181' title='bbox 680 1251 845 1287; x_wconf 90' lang='lat' dir='ltr'>feminae</span> <span class='ocrx_word' id='word_1_182' title='bbox 868 1251 994 1288; x_wconf 91' lang='lat' dir='ltr'>virum</span> <span class='ocrx_word' id='word_1_183' title='bbox 1023 1252 1248 1301; x_wconf 86' lang='lat' dir='ltr'>appetentis,</span> <span class='ocrx_word' id='word_1_184' title='bbox 1274 1259 1311 1288; x_wconf 92' lang='lat' dir='ltr'>et</span> <span class='ocrx_word' id='word_1_185' title='bbox 1332 1252 1450 1300; x_wconf 90' lang='lat' dir='ltr'>turpis</span> <span class='ocrx_word' id='word_1_186' title='bbox 1474 1254 1543 1301; x_wconf 83' lang='lat' dir='ltr'>‘ap-</span> 
     </span>
     <span class='ocr_line' id='line_1_38' title="bbox 479 1303 1541 1353; baseline 0.002 -13"><span class='ocrx_word' id='word_1_187' title='bbox 479 1303 640 1353; x_wconf 88' lang='lat' dir='ltr'>petentis</span> <span class='ocrx_word' id='word_1_188' title='bbox 669 1304 833 1340; x_wconf 86' lang='lat' dir='ltr'>bonum:</span> <span class='ocrx_word' id='word_1_189' title='bbox 862 1304 938 1341; x_wconf 92' lang='lat' dir='ltr'>hoc</span> <span class='ocrx_word' id='word_1_190' title='bbox 967 1304 1068 1341; x_wconf 90' lang='lat' dir='ltr'>enim</span> <span class='ocrx_word' id='word_1_191' title='bbox 1089 1304 1222 1342; x_wconf 87' lang='lat' dir='ltr'>accidit</span> <span class='ocrx_word' id='word_1_192' title='bbox 1242 1303 1294 1341; x_wconf 89' lang='lat' dir='ltr'>eis</span> <span class='ocrx_word' id='word_1_193' title='bbox 1317 1304 1541 1353; x_wconf 88' lang='lat' dir='ltr'>inquantum</span> 
     </span>
     <span class='ocr_line' id='line_1_39' title="bbox 479 1356 1543 1405; baseline 0.001 -11"><span class='ocrx_word' id='word_1_194' title='bbox 479 1357 622 1394; x_wconf 91' lang='lat' dir='ltr'>habent</span> <span class='ocrx_word' id='word_1_195' title='bbox 642 1356 782 1405; x_wconf 90' lang='lat' dir='ltr'>aliquid</span> <span class='ocrx_word' id='word_1_196' title='bbox 802 1357 850 1394; x_wconf 91' lang='lat' dir='ltr'>de</span> <span class='ocrx_word' id='word_1_197' title='bbox 870 1357 1013 1393; x_wconf 91' lang='lat' dir='ltr'>ratione</span> <span class='ocrx_word' id='word_1_198' title='bbox 1033 1357 1224 1394; x_wconf 88' lang='lat' dir='ltr'>materiae.</span> <span class='ocrx_word' id='word_1_199' title='bbox 1256 1357 1463 1395; x_wconf 90' lang='lat' dir='ltr'>Sciendum</span> <span class='ocrx_word' id='word_1_200' title='bbox 1491 1366 1543 1395; x_wconf 88' lang='lat' dir='ltr'>ta-</span> 
     </span>
     <span class='ocr_line' id='line_1_40' title="bbox 481 1409 1543 1459; baseline 0.001 -13"><span class='ocrx_word' id='word_1_201' title='bbox 481 1422 572 1446; x_wconf 88' lang='lat' dir='ltr'>men</span> <span class='ocrx_word' id='word_1_202' title='bbox 601 1417 656 1446; x_wconf 92' lang='lat' dir='ltr'>est</span> <span class='ocrx_word' id='word_1_203' title='bbox 683 1409 788 1458; x_wconf 91' lang='lat' dir='ltr'>quod</span> <span class='ocrx_word' id='word_1_204' title='bbox 807 1409 1027 1446; x_wconf 90' lang='lat' dir='ltr'>Aristoteles</span> <span class='ocrx_word' id='word_1_205' title='bbox 1046 1410 1107 1447; x_wconf 93' lang='lat' dir='ltr'>hic</span> <span class='ocrx_word' id='word_1_206' title='bbox 1126 1410 1292 1459; x_wconf 90' lang='lat' dir='ltr'>loquitur</span> <span class='ocrx_word' id='word_1_207' title='bbox 1311 1418 1440 1447; x_wconf 89' lang='lat' dir='ltr'>contra</span> <span class='ocrx_word' id='word_1_208' title='bbox 1461 1412 1543 1447; x_wconf 90' lang='lat' dir='ltr'>Pla-</span> 
     </span>
     <span class='ocr_line' id='line_1_41' title="bbox 480 1462 1543 1512; baseline 0.001 -13"><span class='ocrx_word' id='word_1_209' title='bbox 480 1470 623 1509; x_wconf 88' lang='lat' dir='ltr'>tonem,</span> <span class='ocrx_word' id='word_1_210' title='bbox 645 1463 710 1510; x_wconf 89' lang='lat' dir='ltr'>qui</span> <span class='ocrx_word' id='word_1_211' title='bbox 729 1462 863 1499; x_wconf 90' lang='lat' dir='ltr'>talibus</span> <span class='ocrx_word' id='word_1_212' title='bbox 891 1463 1159 1512; x_wconf 89' lang='lat' dir='ltr'>metaphoricis</span> <span class='ocrx_word' id='word_1_213' title='bbox 1183 1463 1436 1500; x_wconf 87' lang='lat' dir='ltr'>locutionibus</span> <span class='ocrx_word' id='word_1_214' title='bbox 1463 1471 1543 1500; x_wconf 87' lang='lat' dir='ltr'>ute-</span> 
     </span>
     <span class='ocr_line' id='line_1_42' title="bbox 481 1515 1544 1562; baseline 0 -10"><span class='ocrx_word' id='word_1_215' title='bbox 481 1516 602 1562; x_wconf 90' lang='lat' dir='ltr'>batur,</span> <span class='ocrx_word' id='word_1_216' title='bbox 624 1515 832 1552; x_wconf 87' lang='lat' dir='ltr'>assimilans</span> <span class='ocrx_word' id='word_1_217' title='bbox 852 1515 1048 1552; x_wconf 90' lang='lat' dir='ltr'>materiam</span> <span class='ocrx_word' id='word_1_218' title='bbox 1069 1515 1178 1552; x_wconf 90' lang='lat' dir='ltr'>matri</span> <span class='ocrx_word' id='word_1_219' title='bbox 1199 1523 1235 1552; x_wconf 91' lang='lat' dir='ltr'>et</span> <span class='ocrx_word' id='word_1_220' title='bbox 1257 1516 1420 1552; x_wconf 87' lang='lat' dir='ltr'>feminae</span> <span class='ocrx_word' id='word_1_221' title='bbox 1441 1517 1477 1562; x_wconf 64' lang='lat'>²³⁶,</span> <span class='ocrx_word' id='word_1_222' title='bbox 1510 1524 1544 1553; x_wconf 92' lang='lat' dir='ltr'>et</span> 
     </span>
     <span class='ocr_line' id='line_1_43' title="bbox 481 1568 1543 1614; baseline 0.001 -10"><span class='ocrx_word' id='word_1_223' title='bbox 481 1569 647 1605; x_wconf 89' lang='lat' dir='ltr'>formam</span> <span class='ocrx_word' id='word_1_224' title='bbox 667 1569 858 1614; x_wconf 84' lang='lat' dir='ltr'>masculo;</span> <span class='ocrx_word' id='word_1_225' title='bbox 880 1576 916 1605; x_wconf 90' lang='lat' dir='ltr'>et</span> <span class='ocrx_word' id='word_1_226' title='bbox 935 1569 1021 1605; x_wconf 93' lang='lat' dir='ltr'>ideo</span> <span class='ocrx_word' id='word_1_227' title='bbox 1042 1568 1261 1604; x_wconf 89' lang='lat' dir='ltr'>Aristoteles</span> <span class='ocrx_word' id='word_1_228' title='bbox 1280 1568 1395 1605; x_wconf 91' lang='lat' dir='ltr'>utitur</span> <span class='ocrx_word' id='word_1_229' title='bbox 1414 1576 1543 1605; x_wconf 88' lang='lat' dir='ltr'>contra</span> 
     </span>
     <span class='ocr_line' id='line_1_44' title="bbox 482 1620 1266 1669; baseline 0 -12"><span class='ocrx_word' id='word_1_230' title='bbox 482 1633 571 1657; x_wconf 90' lang='lat' dir='ltr'>eum</span> <span class='ocrx_word' id='word_1_231' title='bbox 600 1621 832 1669; x_wconf 89' lang='lat' dir='ltr'>metaphoris</span> <span class='ocrx_word' id='word_1_232' title='bbox 852 1622 871 1642; x_wconf 63' lang='lat'>²⁸¹</span> <span class='ocrx_word' id='word_1_233' title='bbox 900 1622 947 1657; x_wconf 92' lang='lat' dir='ltr'>ab</span> <span class='ocrx_word' id='word_1_234' title='bbox 978 1633 1023 1657; x_wconf 93' lang='lat' dir='ltr'>eo</span> <span class='ocrx_word' id='word_1_235' title='bbox 1053 1620 1266 1669; x_wconf 89' lang='lat' dir='ltr'>assumptis.</span> 
     </span>
    </p>

    <p class='ocr_par' dir='ltr' id='par_1_15' title="bbox 477 1674 1545 2251">
     <span class='ocr_line' id='line_1_45' title="bbox 541 1674 1541 1722; baseline 0 -12"><span class='ocrx_word' id='word_1_236' title='bbox 541 1686 597 1710; x_wconf 89' lang='lat'>11.</span> <span class='ocrx_word' id='word_1_237' title='bbox 619 1674 767 1711; x_wconf 84' lang='lat' dir='ltr'>Deinde</span> <span class='ocrx_word' id='word_1_238' title='bbox 793 1686 881 1710; x_wconf 92' lang='lat' dir='ltr'>cum</span> <span class='ocrx_word' id='word_1_239' title='bbox 902 1674 1004 1711; x_wconf 86' lang='lat' dir='ltr'>dicit:</span> <span class='ocrx_word' id='word_1_240' title='bbox 1031 1674 1295 1722; x_wconf 85' lang='lat' dir='ltr'>Corrumpitur</span> <span class='ocrx_word' id='word_1_241' title='bbox 1313 1679 1438 1710; x_wconf 87' lang='lat' dir='ltr'>autem</span> <span class='ocrx_word' id='word_1_242' title='bbox 1458 1682 1541 1720; x_wconf 90' lang='lat' dir='ltr'>etc.,</span> 
     </span>
     <span class='ocr_line' id='line_1_46' title="bbox 481 1726 1545 1775; baseline 0 -12"><span class='ocrx_word' id='word_1_243' title='bbox 481 1727 644 1763; x_wconf 89' lang='lat' dir='ltr'>ostendit</span> <span class='ocrx_word' id='word_1_244' title='bbox 663 1727 861 1775; x_wconf 91' lang='lat' dir='ltr'>quomodo</span> <span class='ocrx_word' id='word_1_245' title='bbox 882 1726 1040 1763; x_wconf 90' lang='lat' dir='ltr'>materia</span> <span class='ocrx_word' id='word_1_246' title='bbox 1061 1735 1325 1775; x_wconf 88' lang='lat' dir='ltr'>corrumpatur</span> <span class='ocrx_word' id='word_1_247' title='bbox 1341 1728 1372 1763; x_wconf 69' lang='lat'>*.</span> <span class='ocrx_word' id='word_1_248' title='bbox 1389 1728 1438 1763; x_wconf 90' lang='lat' dir='ltr'>Et</span> <span class='ocrx_word' id='word_1_249' title='bbox 1457 1727 1545 1764; x_wconf 92' lang='lat' dir='ltr'>dicit</span> 
     </span>
     <span class='ocr_line' id='line_1_47' title="bbox 480 1779 1542 1828; baseline -0.001 -12"><span class='ocrx_word' id='word_1_250' title='bbox 480 1780 584 1828; x_wconf 92' lang='lat' dir='ltr'>quod</span> <span class='ocrx_word' id='word_1_251' title='bbox 604 1779 895 1828; x_wconf 89' lang='lat' dir='ltr'>quodammodo</span> <span class='ocrx_word' id='word_1_252' title='bbox 917 1779 1179 1828; x_wconf 88' lang='lat' dir='ltr'>corrumpitur,</span> <span class='ocrx_word' id='word_1_253' title='bbox 1198 1787 1233 1815; x_wconf 88' lang='lat' dir='ltr'>et</span> <span class='ocrx_word' id='word_1_254' title='bbox 1251 1779 1542 1828; x_wconf 88' lang='lat' dir='ltr'>quodammodo</span> 
     </span>
     <span class='ocr_line' id='line_1_48' title="bbox 479 1832 1542 1881; baseline -0.001 -12"><span class='ocrx_word' id='word_1_255' title='bbox 479 1845 569 1869; x_wconf 90' lang='lat' dir='ltr'>non.</span> <span class='ocrx_word' id='word_1_256' title='bbox 600 1833 700 1878; x_wconf 87' lang='lat' dir='ltr'>Quia</span> <span class='ocrx_word' id='word_1_257' title='bbox 729 1833 939 1869; x_wconf 89' lang='lat' dir='ltr'>secundum</span> <span class='ocrx_word' id='word_1_258' title='bbox 968 1832 1072 1880; x_wconf 91' lang='lat' dir='ltr'>quod</span> <span class='ocrx_word' id='word_1_259' title='bbox 1099 1839 1153 1868; x_wconf 91' lang='lat' dir='ltr'>est</span> <span class='ocrx_word' id='word_1_260' title='bbox 1172 1832 1210 1868; x_wconf 91' lang='lat' dir='ltr'>in</span> <span class='ocrx_word' id='word_1_261' title='bbox 1230 1844 1275 1868; x_wconf 89' lang='lat' dir='ltr'>ea</span> <span class='ocrx_word' id='word_1_262' title='bbox 1296 1832 1469 1881; x_wconf 88' lang='lat' dir='ltr'>privatio,</span> <span class='ocrx_word' id='word_1_263' title='bbox 1491 1832 1542 1869; x_wconf 88' lang='lat' dir='ltr'>sic</span> 
     </span>
     <span class='ocr_line' id='line_1_49' title="bbox 481 1885 1544 1934; baseline 0 -12"><span class='ocrx_word' id='word_1_264' title='bbox 481 1885 734 1934; x_wconf 88' lang='lat' dir='ltr'>corrumpitur</span> <span class='ocrx_word' id='word_1_265' title='bbox 770 1897 858 1922; x_wconf 89' lang='lat' dir='ltr'>cum</span> <span class='ocrx_word' id='word_1_266' title='bbox 897 1893 1017 1921; x_wconf 91' lang='lat' dir='ltr'>cessat</span> <span class='ocrx_word' id='word_1_267' title='bbox 1044 1885 1082 1921; x_wconf 92' lang='lat' dir='ltr'>in</span> <span class='ocrx_word' id='word_1_268' title='bbox 1111 1897 1156 1921; x_wconf 92' lang='lat' dir='ltr'>ea</span> <span class='ocrx_word' id='word_1_269' title='bbox 1184 1897 1266 1921; x_wconf 90' lang='lat' dir='ltr'>esse</span> <span class='ocrx_word' id='word_1_270' title='bbox 1293 1885 1454 1933; x_wconf 87' lang='lat' dir='ltr'>privatio</span> <span class='ocrx_word' id='word_1_271' title='bbox 1464 1914 1472 1931; x_wconf 91' lang='lat'>,</span> <span class='ocrx_word' id='word_1_272' title='bbox 1503 1893 1544 1922; x_wconf 94' lang='lat' dir='ltr'>ut</span> 
     </span>
     <span class='ocr_line' id='line_1_50' title="bbox 479 1938 1541 1986; baseline 0 -12"><span class='ocrx_word' id='word_1_273' title='bbox 479 1938 509 1974; x_wconf 91' lang='lat' dir='ltr'>si</span> <span class='ocrx_word' id='word_1_274' title='bbox 539 1938 751 1975; x_wconf 86' lang='lat' dir='ltr'>diceremus</span> <span class='ocrx_word' id='word_1_275' title='bbox 788 1950 852 1974; x_wconf 88' lang='lat' dir='ltr'>aes</span> <span class='ocrx_word' id='word_1_276' title='bbox 880 1938 1124 1985; x_wconf 89' lang='lat' dir='ltr'>infiguratum</span> <span class='ocrx_word' id='word_1_277' title='bbox 1149 1938 1358 1986; x_wconf 87' lang='lat' dir='ltr'>corrumpi,</span> <span class='ocrx_word' id='word_1_278' title='bbox 1387 1938 1541 1985; x_wconf 88' lang='lat' dir='ltr'>quando</span> 
     </span>
     <span class='ocr_line' id='line_1_51' title="bbox 479 1990 1541 2038; baseline 0 -11"><span class='ocrx_word' id='word_1_279' title='bbox 479 1991 614 2027; x_wconf 90' lang='lat' dir='ltr'>desinit</span> <span class='ocrx_word' id='word_1_280' title='bbox 649 2003 731 2027; x_wconf 90' lang='lat' dir='ltr'>esse</span> <span class='ocrx_word' id='word_1_281' title='bbox 764 1990 1028 2038; x_wconf 83' lang='lat' dir='ltr'>infiguratum:</span> <span class='ocrx_word' id='word_1_282' title='bbox 1065 1991 1131 2028; x_wconf 88' lang='lat' dir='ltr'>sed</span> <span class='ocrx_word' id='word_1_283' title='bbox 1161 1991 1371 2028; x_wconf 89' lang='lat' dir='ltr'>secundum</span> <span class='ocrx_word' id='word_1_284' title='bbox 1400 2003 1457 2037; x_wconf 85' lang='lat' dir='ltr'>se,</span> <span class='ocrx_word' id='word_1_285' title='bbox 1487 1991 1541 2027; x_wconf 92' lang='lat' dir='ltr'>in-</span> 
     </span>
     <span class='ocr_line' id='line_1_52' title="bbox 478 2043 1541 2092; baseline 0 -12"><span class='ocrx_word' id='word_1_286' title='bbox 478 2052 663 2092; x_wconf 90' lang='lat' dir='ltr'>quantum</span> <span class='ocrx_word' id='word_1_287' title='bbox 694 2051 748 2080; x_wconf 89' lang='lat' dir='ltr'>est</span> <span class='ocrx_word' id='word_1_288' title='bbox 777 2044 971 2092; x_wconf 89' lang='lat' dir='ltr'>quoddam</span> <span class='ocrx_word' id='word_1_289' title='bbox 1001 2056 1068 2080; x_wconf 89' lang='lat' dir='ltr'>ens</span> <span class='ocrx_word' id='word_1_290' title='bbox 1096 2043 1135 2080; x_wconf 93' lang='lat' dir='ltr'>in</span> <span class='ocrx_word' id='word_1_291' title='bbox 1153 2043 1336 2092; x_wconf 89' lang='lat' dir='ltr'>potentia,</span> <span class='ocrx_word' id='word_1_292' title='bbox 1367 2051 1422 2080; x_wconf 90' lang='lat' dir='ltr'>est</span> <span class='ocrx_word' id='word_1_293' title='bbox 1440 2043 1541 2091; x_wconf 87' lang='lat' dir='ltr'>inge-</span> 
     </span>
     <span class='ocr_line' id='line_1_53' title="bbox 478 2096 1540 2145; baseline 0 -12"><span class='ocrx_word' id='word_1_294' title='bbox 478 2096 555 2133; x_wconf 90' lang='lat' dir='ltr'>nita</span> <span class='ocrx_word' id='word_1_295' title='bbox 585 2104 620 2133; x_wconf 91' lang='lat' dir='ltr'>et</span> <span class='ocrx_word' id='word_1_296' title='bbox 648 2096 951 2145; x_wconf 89' lang='lat' dir='ltr'>incorruptibilis.</span> <span class='ocrx_word' id='word_1_297' title='bbox 987 2096 1104 2142; x_wconf 91' lang='lat' dir='ltr'>Quod</span> <span class='ocrx_word' id='word_1_298' title='bbox 1133 2097 1186 2133; x_wconf 91' lang='lat' dir='ltr'>sic</span> <span class='ocrx_word' id='word_1_299' title='bbox 1213 2104 1325 2144; x_wconf 89' lang='lat' dir='ltr'>patet.</span> <span class='ocrx_word' id='word_1_300' title='bbox 1367 2096 1407 2132; x_wconf 88' lang='lat' dir='ltr'>Si</span> <span class='ocrx_word' id='word_1_301' title='bbox 1439 2096 1540 2133; x_wconf 92' lang='lat' dir='ltr'>enim</span> 
     </span>
     <span class='ocr_line' id='line_1_54' title="bbox 478 2149 1540 2198; baseline -0.001 -12"><span class='ocrx_word' id='word_1_302' title='bbox 478 2149 637 2186; x_wconf 86' lang='lat' dir='ltr'>materia</span> <span class='ocrx_word' id='word_1_303' title='bbox 657 2150 734 2196; x_wconf 88' lang='lat' dir='ltr'>fiat,</span> <span class='ocrx_word' id='word_1_304' title='bbox 752 2157 901 2198; x_wconf 91' lang='lat' dir='ltr'>oportet</span> <span class='ocrx_word' id='word_1_305' title='bbox 920 2150 954 2186; x_wconf 92' lang='lat' dir='ltr'>ei</span> <span class='ocrx_word' id='word_1_306' title='bbox 974 2149 1116 2197; x_wconf 88' lang='lat' dir='ltr'>aliquid</span> <span class='ocrx_word' id='word_1_307' title='bbox 1145 2149 1276 2186; x_wconf 92' lang='lat' dir='ltr'>subiici</span> <span class='ocrx_word' id='word_1_308' title='bbox 1301 2162 1346 2186; x_wconf 86' lang='lat' dir='ltr'>ex</span> <span class='ocrx_word' id='word_1_309' title='bbox 1365 2161 1441 2198; x_wconf 95' lang='lat' dir='ltr'>quo</span> <span class='ocrx_word' id='word_1_310' title='bbox 1463 2150 1540 2196; x_wconf 88' lang='lat' dir='ltr'>fiat,</span> 
     </span>
     <span class='ocr_line' id='line_1_55' title="bbox 477 2202 1542 2251; baseline -0.001 -12"><span class='ocrx_word' id='word_1_311' title='bbox 477 2210 519 2239; x_wconf 90' lang='lat' dir='ltr'>ut</span> <span class='ocrx_word' id='word_1_312' title='bbox 534 2215 579 2239; x_wconf 85' lang='lat' dir='ltr'>ex</span> <span class='ocrx_word' id='word_1_313' title='bbox 594 2202 851 2251; x_wconf 91' lang='lat' dir='ltr'>superioribus</span> <span class='ocrx_word' id='word_1_314' title='bbox 865 2203 884 2223; x_wconf 69' lang='lat'>&#39;⁵‘</span> <span class='ocrx_word' id='word_1_315' title='bbox 898 2210 1011 2251; x_wconf 86' lang='lat' dir='ltr'>patet.</span> <span class='ocrx_word' id='word_1_316' title='bbox 1029 2202 1106 2239; x_wconf 90' lang='lat' dir='ltr'>Sed</span> <span class='ocrx_word' id='word_1_317' title='bbox 1124 2202 1292 2251; x_wconf 83' lang='lat' dir='ltr'>primurn</span> <span class='ocrx_word' id='word_1_318' title='bbox 1308 2202 1413 2251; x_wconf 91' lang='lat' dir='ltr'>quod</span> <span class='ocrx_word' id='word_1_319' title='bbox 1429 2202 1542 2238; x_wconf 89' lang='lat' dir='ltr'>subii-</span> 
     </span>
    </p>
   </div>
   <div class='ocr_carea' id='block_1_15' title="bbox 1127 327 2017 365">
    <p class='ocr_par' dir='ltr' id='par_1_16' title="bbox 1127 327 2017 365">
     <span class='ocr_line' id='line_1_56' title="bbox 1127 327 2017 365; baseline 0 -1"><span class='ocrx_word' id='word_1_320' title='bbox 1127 327 1473 364; x_wconf 92' lang='lat' dir='ltr'>PHYSICORUM</span> <span class='ocrx_word' id='word_1_321' title='bbox 1500 328 1849 365; x_wconf 89' lang='lat' dir='ltr'>ARISTOTELIS</span> <span class='ocrx_word' id='word_1_322' title='bbox 1878 329 1972 364; x_wconf 91' lang='lat' dir='ltr'><strong>LIB.</strong></span> <span class='ocrx_word' id='word_1_323' title='bbox 2003 329 2017 364; x_wconf 95' lang='lat' dir='ltr'>I</span> 
     </span>
    </p>
   </div>
   <div class='ocr_carea' id='block_1_16' title="bbox 1601 406 2660 669">
    <p class='ocr_par' dir='ltr' id='par_1_17' title="bbox 1601 406 2660 669">
     <span class='ocr_line' id='line_1_57' title="bbox 1602 406 2658 454; baseline 0.004 -11"><span class='ocrx_word' id='word_1_324' title='bbox 1602 406 1696 443; x_wconf 91' lang='lat' dir='ltr'>citur</span> <span class='ocrx_word' id='word_1_325' title='bbox 1722 407 1760 443; x_wconf 90' lang='lat' dir='ltr'>in</span> <span class='ocrx_word' id='word_1_326' title='bbox 1780 406 2021 454; x_wconf 88' lang='lat' dir='ltr'>generatione</span> <span class='ocrx_word' id='word_1_327' title='bbox 2042 414 2096 444; x_wconf 90' lang='lat' dir='ltr'>est</span> <span class='ocrx_word' id='word_1_328' title='bbox 2114 408 2292 445; x_wconf 86' lang='lat' dir='ltr'>materia:</span> <span class='ocrx_word' id='word_1_329' title='bbox 2312 409 2386 446; x_wconf 91' lang='lat' dir='ltr'>hoc</span> <span class='ocrx_word' id='word_1_330' title='bbox 2407 409 2508 447; x_wconf 87' lang='lat' dir='ltr'>enim</span> <span class='ocrx_word' id='word_1_331' title='bbox 2525 411 2547 432; x_wconf 70' lang='lat'>⁸*</span> <span class='ocrx_word' id='word_1_332' title='bbox 2571 410 2658 449; x_wconf 90' lang='lat' dir='ltr'>dici-</span> 
     </span>
     <span class='ocr_line' id='line_1_58' title="bbox 1602 459 2659 514; baseline 0.005 -19"><span class='ocrx_word' id='word_1_333' title='bbox 1602 471 1687 496; x_wconf 90' lang='lat' dir='ltr'>mus</span> <span class='ocrx_word' id='word_1_334' title='bbox 1706 459 1917 506; x_wconf 88' lang='lat' dir='ltr'>materiam,</span> <span class='ocrx_word' id='word_1_335' title='bbox 1938 459 2107 508; x_wconf 85' lang='lat' dir='ltr'>primum</span> <span class='ocrx_word' id='word_1_336' title='bbox 2126 460 2337 498; x_wconf 89' lang='lat' dir='ltr'>subiectum</span> <span class='ocrx_word' id='word_1_337' title='bbox 2357 473 2403 499; x_wconf 87' lang='lat' dir='ltr'>ex</span> <span class='ocrx_word' id='word_1_338' title='bbox 2421 475 2498 511; x_wconf 92' lang='lat' dir='ltr'>quo</span> <span class='ocrx_word' id='word_1_339' title='bbox 2518 463 2659 514; x_wconf 90' lang='lat' dir='ltr'>aliquid</span> 
     </span>
     <span class='ocr_line' id='line_1_59' title="bbox 1601 512 2660 562; baseline 0.004 -14"><span class='ocrx_word' id='word_1_340' title='bbox 1601 512 1644 548; x_wconf 91' lang='lat' dir='ltr'>fit</span> <span class='ocrx_word' id='word_1_341' title='bbox 1670 524 1740 561; x_wconf 89' lang='lat' dir='ltr'>per</span> <span class='ocrx_word' id='word_1_342' title='bbox 1767 524 1807 549; x_wconf 88' lang='lat' dir='ltr'>se</span> <span class='ocrx_word' id='word_1_343' title='bbox 1837 520 1873 549; x_wconf 92' lang='lat' dir='ltr'>et</span> <span class='ocrx_word' id='word_1_344' title='bbox 1897 523 1976 549; x_wconf 91' lang='lat' dir='ltr'>non</span> <span class='ocrx_word' id='word_1_345' title='bbox 1995 513 2206 550; x_wconf 85' lang='lat' dir='ltr'>secundum</span> <span class='ocrx_word' id='word_1_346' title='bbox 2234 513 2429 562; x_wconf 86' lang='lat' dir='ltr'>accidens,</span> <span class='ocrx_word' id='word_1_347' title='bbox 2459 523 2495 552; x_wconf 93' lang='lat' dir='ltr'>et</span> <span class='ocrx_word' id='word_1_348' title='bbox 2516 517 2536 537; x_wconf 64' lang='lat'>³¹</span> <span class='ocrx_word' id='word_1_349' title='bbox 2563 516 2660 555; x_wconf 87' lang='lat' dir='ltr'>inest</span> 
     </span>
     <span class='ocr_line' id='line_1_60' title="bbox 1601 564 2659 616; baseline 0.005 -15"><span class='ocrx_word' id='word_1_350' title='bbox 1601 564 1654 601; x_wconf 92' lang='lat' dir='ltr'>rei</span> <span class='ocrx_word' id='word_1_351' title='bbox 1682 565 1758 601; x_wconf 91' lang='lat' dir='ltr'>iam</span> <span class='ocrx_word' id='word_1_352' title='bbox 1787 565 1907 602; x_wconf 90' lang='lat' dir='ltr'>factae</span> <span class='ocrx_word' id='word_1_353' title='bbox 1935 567 1996 612; x_wconf 89' lang='lat' dir='ltr'>(et</span> <span class='ocrx_word' id='word_1_354' title='bbox 2026 573 2230 614; x_wconf 90' lang='lat' dir='ltr'>utrumque</span> <span class='ocrx_word' id='word_1_355' title='bbox 2265 578 2399 604; x_wconf 88' lang='lat' dir='ltr'>eorum</span> <span class='ocrx_word' id='word_1_356' title='bbox 2430 568 2584 616; x_wconf 90' lang='lat' dir='ltr'>ponitur</span> <span class='ocrx_word' id='word_1_357' title='bbox 2609 569 2659 606; x_wconf 85' lang='lat' dir='ltr'>ad</span> 
     </span>
     <span class='ocr_line' id='line_1_61' title="bbox 1602 617 2659 669; baseline 0.005 -16"><span class='ocrx_word' id='word_1_358' title='bbox 1602 617 1852 654; x_wconf 86' lang='lat' dir='ltr'>differentiam</span> <span class='ocrx_word' id='word_1_359' title='bbox 1870 617 2103 667; x_wconf 86' lang='lat' dir='ltr'>privationis,</span> <span class='ocrx_word' id='word_1_360' title='bbox 2125 631 2170 655; x_wconf 86' lang='lat' dir='ltr'>ex</span> <span class='ocrx_word' id='word_1_361' title='bbox 2189 631 2265 667; x_wconf 91' lang='lat' dir='ltr'>qua</span> <span class='ocrx_word' id='word_1_362' title='bbox 2283 619 2326 655; x_wconf 90' lang='lat' dir='ltr'>fit</span> <span class='ocrx_word' id='word_1_363' title='bbox 2346 619 2486 668; x_wconf 89' lang='lat' dir='ltr'>aliquid</span> <span class='ocrx_word' id='word_1_364' title='bbox 2512 632 2659 669; x_wconf 70' lang='lat' dir='ltr'>perac-</span> 
     </span>
    </p>
   </div>
   <div class='ocr_carea' id='block_1_17' title="bbox 1602 669 2695 721">
    <p class='ocr_par' dir='ltr' id='par_1_18' title="bbox 1602 669 2695 721">
     <span class='ocr_line' id='line_1_62' title="bbox 1602 669 2695 721; baseline 0.005 -15"><span class='ocrx_word' id='word_1_365' title='bbox 1602 669 1742 716; x_wconf 83' lang='lat' dir='ltr'>cidens,</span> <span class='ocrx_word' id='word_1_366' title='bbox 1772 677 1808 706; x_wconf 91' lang='lat' dir='ltr'>et</span> <span class='ocrx_word' id='word_1_367' title='bbox 1835 682 1914 708; x_wconf 90' lang='lat' dir='ltr'>non</span> <span class='ocrx_word' id='word_1_368' title='bbox 1942 671 2038 708; x_wconf 85' lang='lat' dir='ltr'>inest</span> <span class='ocrx_word' id='word_1_369' title='bbox 2065 671 2118 708; x_wconf 91' lang='lat' dir='ltr'>rei</span> <span class='ocrx_word' id='word_1_370' title='bbox 2146 672 2298 718; x_wconf 89' lang='lat' dir='ltr'>factae).</span> <span class='ocrx_word' id='word_1_371' title='bbox 2329 671 2507 720; x_wconf 91' lang='lat' dir='ltr'>Sequitur</span> <span class='ocrx_word' id='word_1_372' title='bbox 2534 684 2623 721; x_wconf 83' lang='lat' dir='ltr'>ergo</span> <span class='ocrx_word' id='word_1_373' title='bbox 2639 676 2657 693; x_wconf 74' lang='lat'>⁴⁶</span> <span class='ocrx_word' id='word_1_374' title='bbox 2685 679 2695 688; x_wconf 88' lang='lat'><strong>‘</strong></span> 
     </span>
    </p>
   </div>
   <div class='ocr_carea' id='block_1_18' title="bbox 1597 722 2661 2251">
    <p class='ocr_par' dir='ltr' id='par_1_19' title="bbox 1598 722 2660 1194">
     <span class='ocr_line' id='line_1_63' title="bbox 1601 722 2659 774; baseline 0.004 -16"><span class='ocrx_word' id='word_1_375' title='bbox 1601 722 1706 770; x_wconf 93' lang='lat' dir='ltr'>quod</span> <span class='ocrx_word' id='word_1_376' title='bbox 1733 723 1891 760; x_wconf 88' lang='lat' dir='ltr'>materia</span> <span class='ocrx_word' id='word_1_377' title='bbox 1918 723 1964 760; x_wconf 91' lang='lat' dir='ltr'>sit</span> <span class='ocrx_word' id='word_1_378' title='bbox 1991 731 2196 772; x_wconf 86' lang='lat' dir='ltr'>antequam</span> <span class='ocrx_word' id='word_1_379' title='bbox 2220 725 2297 771; x_wconf 88' lang='lat' dir='ltr'>fiat,</span> <span class='ocrx_word' id='word_1_380' title='bbox 2318 724 2424 773; x_wconf 94' lang='lat' dir='ltr'>quod</span> <span class='ocrx_word' id='word_1_381' title='bbox 2444 732 2499 761; x_wconf 93' lang='lat' dir='ltr'>est</span> <span class='ocrx_word' id='word_1_382' title='bbox 2517 725 2659 774; x_wconf 83' lang='lat' dir='ltr'>impos·</span> 
     </span>
     <span class='ocr_line' id='line_1_64' title="bbox 1600 775 2659 826; baseline 0.005 -15"><span class='ocrx_word' id='word_1_383' title='bbox 1600 775 1716 812; x_wconf 90' lang='lat' dir='ltr'>sibile.</span> <span class='ocrx_word' id='word_1_384' title='bbox 1747 776 1796 812; x_wconf 91' lang='lat' dir='ltr'>Et</span> <span class='ocrx_word' id='word_1_385' title='bbox 1823 775 1991 814; x_wconf 88' lang='lat' dir='ltr'>similiter</span> <span class='ocrx_word' id='word_1_386' title='bbox 2018 788 2133 813; x_wconf 90' lang='lat' dir='ltr'>omne</span> <span class='ocrx_word' id='word_1_387' title='bbox 2161 777 2267 825; x_wconf 93' lang='lat' dir='ltr'>quod</span> <span class='ocrx_word' id='word_1_388' title='bbox 2297 777 2573 826; x_wconf 88' lang='lat' dir='ltr'>corrumpitur,</span> <span class='ocrx_word' id='word_1_389' title='bbox 2603 789 2659 817; x_wconf 80' lang='lat' dir='ltr'>re-</span> 
     </span>
     <span class='ocr_line' id='line_1_65' title="bbox 1599 827 2659 878; baseline 0.004 -14"><span class='ocrx_word' id='word_1_390' title='bbox 1599 827 1757 865; x_wconf 88' lang='lat' dir='ltr'>solvitur</span> <span class='ocrx_word' id='word_1_391' title='bbox 1783 828 1822 865; x_wconf 93' lang='lat' dir='ltr'>in</span> <span class='ocrx_word' id='word_1_392' title='bbox 1845 829 2042 866; x_wconf 91' lang='lat' dir='ltr'>materiam</span> <span class='ocrx_word' id='word_1_393' title='bbox 2064 829 2240 878; x_wconf 88' lang='lat' dir='ltr'>primam.</span> <span class='ocrx_word' id='word_1_394' title='bbox 2271 830 2437 877; x_wconf 90' lang='lat' dir='ltr'>Quando</span> <span class='ocrx_word' id='word_1_395' title='bbox 2457 830 2565 878; x_wconf 89' lang='lat' dir='ltr'>igitur</span> <span class='ocrx_word' id='word_1_396' title='bbox 2582 830 2659 870; x_wconf 86' lang='lat' dir='ltr'>iam</span> 
     </span>
     <span class='ocr_line' id='line_1_66' title="bbox 1600 881 2658 932; baseline 0.004 -15"><span class='ocrx_word' id='word_1_397' title='bbox 1600 888 1656 917; x_wconf 89' lang='lat' dir='ltr'>est</span> <span class='ocrx_word' id='word_1_398' title='bbox 1682 881 1839 918; x_wconf 91' lang='lat' dir='ltr'>materia</span> <span class='ocrx_word' id='word_1_399' title='bbox 1865 881 2009 930; x_wconf 88' lang='lat' dir='ltr'>prima,</span> <span class='ocrx_word' id='word_1_400' title='bbox 2039 889 2128 919; x_wconf 89' lang='lat' dir='ltr'>tunc</span> <span class='ocrx_word' id='word_1_401' title='bbox 2148 884 2167 904; x_wconf 59' lang='lat'>*⁶</span> <span class='ocrx_word' id='word_1_402' title='bbox 2197 890 2252 919; x_wconf 87' lang='lat' dir='ltr'>est</span> <span class='ocrx_word' id='word_1_403' title='bbox 2280 891 2516 932; x_wconf 88' lang='lat' dir='ltr'>corruptum:</span> <span class='ocrx_word' id='word_1_404' title='bbox 2539 891 2575 920; x_wconf 91' lang='lat' dir='ltr'>et</span> <span class='ocrx_word' id='word_1_405' title='bbox 2593 883 2658 932; x_wconf 84' lang='lat' dir='ltr'>sie,</span> 
     </span>
     <span class='ocr_line' id='line_1_67' title="bbox 1599 933 2659 985; baseline 0.004 -15"><span class='ocrx_word' id='word_1_406' title='bbox 1599 933 1630 970; x_wconf 91' lang='lat' dir='ltr'>si</span> <span class='ocrx_word' id='word_1_407' title='bbox 1648 933 1806 971; x_wconf 89' lang='lat' dir='ltr'>materia</span> <span class='ocrx_word' id='word_1_408' title='bbox 1824 934 1947 983; x_wconf 88' lang='lat' dir='ltr'>prima</span> <span class='ocrx_word' id='word_1_409' title='bbox 1971 943 2246 984; x_wconf 89' lang='lat' dir='ltr'>corrumpatur,</span> <span class='ocrx_word' id='word_1_410' title='bbox 2268 935 2335 972; x_wconf 89' lang='lat' dir='ltr'>erit</span> <span class='ocrx_word' id='word_1_411' title='bbox 2353 943 2529 985; x_wconf 91' lang='lat' dir='ltr'>corrupta</span> <span class='ocrx_word' id='word_1_412' title='bbox 2557 944 2659 974; x_wconf 88' lang='lat' dir='ltr'>ante-</span> 
     </span>
     <span class='ocr_line' id='line_1_68' title="bbox 1599 988 2660 1037; baseline 0.004 -14"><span class='ocrx_word' id='word_1_413' title='bbox 1599 998 1716 1034; x_wconf 89' lang='lat' dir='ltr'>quam</span> <span class='ocrx_word' id='word_1_414' title='bbox 1745 994 2019 1036; x_wconf 89' lang='lat' dir='ltr'>corrumpatur,</span> <span class='ocrx_word' id='word_1_415' title='bbox 2039 988 2143 1036; x_wconf 92' lang='lat' dir='ltr'>quod</span> <span class='ocrx_word' id='word_1_416' title='bbox 2163 996 2217 1025; x_wconf 90' lang='lat' dir='ltr'>est</span> <span class='ocrx_word' id='word_1_417' title='bbox 2245 988 2487 1037; x_wconf 89' lang='lat' dir='ltr'>impossibile.</span> <span class='ocrx_word' id='word_1_418' title='bbox 2514 989 2576 1026; x_wconf 94' lang='lat' dir='ltr'>Sic</span> <span class='ocrx_word' id='word_1_419' title='bbox 2595 989 2660 1037; x_wconf 84' lang='lat' dir='ltr'>igi-</span> 
     </span>
     <span class='ocr_line' id='line_1_69' title="bbox 1598 1039 2659 1090; baseline 0.004 -15"><span class='ocrx_word' id='word_1_420' title='bbox 1598 1047 1658 1076; x_wconf 87' lang='lat' dir='ltr'>tur</span> <span class='ocrx_word' id='word_1_421' title='bbox 1685 1039 1917 1089; x_wconf 89' lang='lat' dir='ltr'>impossibile</span> <span class='ocrx_word' id='word_1_422' title='bbox 1938 1048 1993 1077; x_wconf 90' lang='lat' dir='ltr'>est</span> <span class='ocrx_word' id='word_1_423' title='bbox 2007 1041 2204 1078; x_wconf 88' lang='lat' dir='ltr'>materiam</span> <span class='ocrx_word' id='word_1_424' title='bbox 2223 1042 2388 1090; x_wconf 90' lang='lat' dir='ltr'>primam</span> <span class='ocrx_word' id='word_1_425' title='bbox 2407 1042 2578 1089; x_wconf 90' lang='lat' dir='ltr'>generari</span> <span class='ocrx_word' id='word_1_426' title='bbox 2596 1043 2659 1080; x_wconf 91' lang='lat' dir='ltr'>vel</span> 
     </span>
     <span class='ocr_line' id='line_1_70' title="bbox 1600 1092 2660 1144; baseline 0.004 -15"><span class='ocrx_word' id='word_1_427' title='bbox 1600 1092 1803 1142; x_wconf 87' lang='lat' dir='ltr'>corrumpi.</span> <span class='ocrx_word' id='word_1_428' title='bbox 1840 1092 1990 1130; x_wconf 81' lang='lat' dir='ltr'>Sed·ex</span> <span class='ocrx_word' id='word_1_429' title='bbox 2024 1094 2099 1130; x_wconf 90' lang='lat' dir='ltr'>hoc</span> <span class='ocrx_word' id='word_1_430' title='bbox 2126 1106 2205 1131; x_wconf 94' lang='lat' dir='ltr'>non</span> <span class='ocrx_word' id='word_1_431' title='bbox 2237 1095 2444 1132; x_wconf 89' lang='lat' dir='ltr'>excluditur</span> <span class='ocrx_word' id='word_1_432' title='bbox 2471 1095 2564 1143; x_wconf 89' lang='lat' dir='ltr'>quin</span> <span class='ocrx_word' id='word_1_433' title='bbox 2590 1107 2660 1144; x_wconf 88' lang='lat' dir='ltr'>per</span> 
     </span>
     <span class='ocr_line' id='line_1_71' title="bbox 1599 1145 2229 1194; baseline 0.002 -12"><span class='ocrx_word' id='word_1_434' title='bbox 1599 1146 1831 1182; x_wconf 89' lang='lat' dir='ltr'>creationem</span> <span class='ocrx_word' id='word_1_435' title='bbox 1859 1145 1898 1182; x_wconf 91' lang='lat' dir='ltr'>in</span> <span class='ocrx_word' id='word_1_436' title='bbox 1927 1158 2010 1182; x_wconf 88' lang='lat' dir='ltr'>esse</span> <span class='ocrx_word' id='word_1_437' title='bbox 2037 1147 2229 1194; x_wconf 92' lang='lat' dir='ltr'>procedat.</span> 
     </span>
    </p>

    <p class='ocr_par' dir='ltr' id='par_1_20' title="bbox 1597 1198 2661 2251">
     <span class='ocr_line' id='line_1_72' title="bbox 1658 1198 2658 1247; baseline 0.001 -12"><span class='ocrx_word' id='word_1_438' title='bbox 1658 1210 1714 1235; x_wconf 87' lang='lat'>12.</span> <span class='ocrx_word' id='word_1_439' title='bbox 1735 1198 1884 1235; x_wconf 92' lang='lat' dir='ltr'>Deinde</span> <span class='ocrx_word' id='word_1_440' title='bbox 1905 1211 1991 1235; x_wconf 91' lang='lat' dir='ltr'>cum</span> <span class='ocrx_word' id='word_1_441' title='bbox 2014 1199 2116 1236; x_wconf 87' lang='lat' dir='ltr'>dicit:</span> <span class='ocrx_word' id='word_1_442' title='bbox 2142 1200 2202 1235; x_wconf 88' lang='lat' dir='ltr'>De</span> <span class='ocrx_word' id='word_1_443' title='bbox 2214 1199 2402 1247; x_wconf 83' lang='lat' dir='ltr'>principio</span> <span class='ocrx_word' id='word_1_444' title='bbox 2430 1205 2555 1236; x_wconf 86' lang='lat' dir='ltr'>autem</span> <span class='ocrx_word' id='word_1_445' title='bbox 2576 1206 2658 1247; x_wconf 89' lang='lat' dir='ltr'>etc.,</span> 
     </span>
     <span class='ocr_line' id='line_1_73' title="bbox 1598 1251 2659 1300; baseline 0.002 -13"><span class='ocrx_word' id='word_1_446' title='bbox 1598 1251 1686 1299; x_wconf 90' lang='lat' dir='ltr'>quia</span> <span class='ocrx_word' id='word_1_447' title='bbox 1705 1251 1780 1288; x_wconf 87' lang='lat' dir='ltr'>iam</span> <span class='ocrx_word' id='word_1_448' title='bbox 1803 1252 2009 1288; x_wconf 85' lang='lat' dir='ltr'>excluserat</span> <span class='ocrx_word' id='word_1_449' title='bbox 2029 1263 2175 1288; x_wconf 85' lang='lat' dir='ltr'>errores</span> <span class='ocrx_word' id='word_1_450' title='bbox 2200 1251 2298 1288; x_wconf 89' lang='lat' dir='ltr'>circa</span> <span class='ocrx_word' id='word_1_451' title='bbox 2316 1251 2514 1288; x_wconf 87' lang='lat' dir='ltr'>materiam</span> <span class='ocrx_word' id='word_1_452' title='bbox 2532 1260 2567 1289; x_wconf 88' lang='lat' dir='ltr'>et</span> <span class='ocrx_word' id='word_1_453' title='bbox 2583 1251 2659 1300; x_wconf 88' lang='lat' dir='ltr'>pri·</span> 
     </span>
     <span class='ocr_line' id='line_1_74' title="bbox 1597 1303 2659 1350; baseline 0.002 -10"><span class='ocrx_word' id='word_1_454' title='bbox 1597 1304 1805 1350; x_wconf 71' lang='lat' dir='ltr'>vafionem,</span> <span class='ocrx_word' id='word_1_455' title='bbox 1827 1312 1965 1340; x_wconf 91' lang='lat' dir='ltr'>restare</span> <span class='ocrx_word' id='word_1_456' title='bbox 1984 1303 2185 1340; x_wconf 89' lang='lat' dir='ltr'>videbatur</span> <span class='ocrx_word' id='word_1_457' title='bbox 2202 1311 2244 1341; x_wconf 92' lang='lat' dir='ltr'>ut</span> <span class='ocrx_word' id='word_1_458' title='bbox 2271 1304 2485 1341; x_wconf 86' lang='lat' dir='ltr'>excluderet</span> <span class='ocrx_word' id='word_1_459' title='bbox 2513 1316 2659 1342; x_wconf 85' lang='lat' dir='ltr'>errores</span> 
     </span>
     <span class='ocr_line' id='line_1_75' title="bbox 1600 1356 2659 1396; baseline 0.002 -3"><span class='ocrx_word' id='word_1_460' title='bbox 1600 1364 1635 1393; x_wconf 92' lang='lat' dir='ltr'>et</span> <span class='ocrx_word' id='word_1_461' title='bbox 1663 1356 1915 1393; x_wconf 86' lang='lat' dir='ltr'>dubitationes</span> <span class='ocrx_word' id='word_1_462' title='bbox 1940 1358 1959 1377; x_wconf 76' lang='lat'>*</span> <span class='ocrx_word' id='word_1_463' title='bbox 1989 1356 2086 1392; x_wconf 89' lang='lat' dir='ltr'>circa</span> <span class='ocrx_word' id='word_1_464' title='bbox 2110 1357 2286 1393; x_wconf 87' lang='lat' dir='ltr'>formam.</span> <span class='ocrx_word' id='word_1_465' title='bbox 2316 1357 2531 1394; x_wconf 87' lang='lat' dir='ltr'>Posuerunt</span> <span class='ocrx_word' id='word_1_466' title='bbox 2557 1358 2659 1396; x_wconf 89' lang='lat' dir='ltr'>enirn</span> 
     </span>
     <span class='ocr_line' id='line_1_76' title="bbox 1599 1409 2659 1458; baseline 0.002 -13"><span class='ocrx_word' id='word_1_467' title='bbox 1599 1409 1754 1457; x_wconf 91' lang='lat' dir='ltr'>quidam</span> <span class='ocrx_word' id='word_1_468' title='bbox 1784 1409 1925 1446; x_wconf 84' lang='lat' dir='ltr'>formas</span> <span class='ocrx_word' id='word_1_469' title='bbox 1954 1416 2156 1457; x_wconf 89' lang='lat' dir='ltr'>separatas,</span> <span class='ocrx_word' id='word_1_470' title='bbox 2186 1409 2325 1446; x_wconf 87' lang='lat' dir='ltr'>scilicet</span> <span class='ocrx_word' id='word_1_471' title='bbox 2352 1409 2469 1458; x_wconf 89' lang='lat' dir='ltr'>ideas,</span> <span class='ocrx_word' id='word_1_472' title='bbox 2489 1422 2583 1458; x_wconf 87' lang='lat' dir='ltr'>quas</span> <span class='ocrx_word' id='word_1_473' title='bbox 2602 1423 2659 1447; x_wconf 90' lang='lat' dir='ltr'>re—</span> 
     </span>
     <span class='ocr_line' id='line_1_77' title="bbox 1599 1461 2661 1510; baseline 0.002 -12"><span class='ocrx_word' id='word_1_474' title='bbox 1599 1463 1788 1499; x_wconf 89' lang='lat' dir='ltr'>ducebant</span> <span class='ocrx_word' id='word_1_475' title='bbox 1815 1462 1865 1498; x_wconf 90' lang='lat' dir='ltr'>ad</span> <span class='ocrx_word' id='word_1_476' title='bbox 1892 1474 2009 1498; x_wconf 91' lang='lat' dir='ltr'>unam</span> <span class='ocrx_word' id='word_1_477' title='bbox 2037 1461 2201 1510; x_wconf 89' lang='lat' dir='ltr'>primam</span> <span class='ocrx_word' id='word_1_478' title='bbox 2229 1462 2367 1499; x_wconf 89' lang='lat' dir='ltr'>ideam.</span> <span class='ocrx_word' id='word_1_479' title='bbox 2399 1463 2448 1499; x_wconf 93' lang='lat' dir='ltr'>Et</span> <span class='ocrx_word' id='word_1_480' title='bbox 2466 1462 2552 1499; x_wconf 86' lang='lat' dir='ltr'>ideo</span> <span class='ocrx_word' id='word_1_481' title='bbox 2573 1463 2661 1500; x_wconf 91' lang='lat' dir='ltr'>dicit</span> 
     </span>
     <span class='ocr_line' id='line_1_78' title="bbox 1599 1514 2659 1563; baseline 0.001 -12"><span class='ocrx_word' id='word_1_482' title='bbox 1599 1515 1702 1563; x_wconf 92' lang='lat' dir='ltr'>quod</span> <span class='ocrx_word' id='word_1_483' title='bbox 1732 1515 1778 1552; x_wconf 92' lang='lat' dir='ltr'>de</span> <span class='ocrx_word' id='word_1_484' title='bbox 1806 1514 1991 1563; x_wconf 88' lang='lat' dir='ltr'>principio</span> <span class='ocrx_word' id='word_1_485' title='bbox 2020 1514 2185 1562; x_wconf 87' lang='lat' dir='ltr'>formali,</span> <span class='ocrx_word' id='word_1_486' title='bbox 2220 1522 2347 1551; x_wconf 87' lang='lat' dir='ltr'>utrum</span> <span class='ocrx_word' id='word_1_487' title='bbox 2376 1515 2421 1552; x_wconf 92' lang='lat' dir='ltr'>sit</span> <span class='ocrx_word' id='word_1_488' title='bbox 2447 1527 2569 1552; x_wconf 88' lang='lat' dir='ltr'>unum</span> <span class='ocrx_word' id='word_1_489' title='bbox 2596 1516 2659 1553; x_wconf 89' lang='lat' dir='ltr'>vel</span> 
     </span>
     <span class='ocr_line' id='line_1_79' title="bbox 1597 1567 2660 1616; baseline 0.001 -12"><span class='ocrx_word' id='word_1_490' title='bbox 1597 1569 1718 1616; x_wconf 92' lang='lat' dir='ltr'>plura,</span> <span class='ocrx_word' id='word_1_491' title='bbox 1739 1575 1775 1604; x_wconf 91' lang='lat' dir='ltr'>et</span> <span class='ocrx_word' id='word_1_492' title='bbox 1803 1574 1897 1616; x_wconf 91' lang='lat' dir='ltr'>quot</span> <span class='ocrx_word' id='word_1_493' title='bbox 1925 1574 1961 1604; x_wconf 87' lang='lat' dir='ltr'>et</span> <span class='ocrx_word' id='word_1_494' title='bbox 1988 1579 2086 1615; x_wconf 87' lang='lat' dir='ltr'>quae</span> <span class='ocrx_word' id='word_1_495' title='bbox 2115 1567 2197 1614; x_wconf 90' lang='lat' dir='ltr'>sint,</span> <span class='ocrx_word' id='word_1_496' title='bbox 2221 1567 2383 1616; x_wconf 89' lang='lat' dir='ltr'>pertinet</span> <span class='ocrx_word' id='word_1_497' title='bbox 2410 1568 2660 1605; x_wconf 86' lang='lat' dir='ltr'>determinare</span> 
     </span>
     <span class='ocr_line' id='line_1_80' title="bbox 1599 1620 2659 1670; baseline 0 -12"><span class='ocrx_word' id='word_1_498' title='bbox 1599 1621 1647 1658; x_wconf 90' lang='lat' dir='ltr'>ad</span> <span class='ocrx_word' id='word_1_499' title='bbox 1665 1620 1947 1670; x_wconf 88' lang='lat' dir='ltr'>philosophiam</span> <span class='ocrx_word' id='word_1_500' title='bbox 1966 1620 2143 1668; x_wconf 89' lang='lat' dir='ltr'>primam,</span> <span class='ocrx_word' id='word_1_501' title='bbox 2161 1628 2196 1657; x_wconf 87' lang='lat' dir='ltr'>et</span> <span class='ocrx_word' id='word_1_502' title='bbox 2214 1633 2336 1670; x_wconf 90' lang='lat' dir='ltr'>usque</span> <span class='ocrx_word' id='word_1_503' title='bbox 2357 1621 2406 1658; x_wconf 91' lang='lat' dir='ltr'>ad</span> <span class='ocrx_word' id='word_1_504' title='bbox 2425 1621 2544 1658; x_wconf 71' lang='lat' dir='ltr'>illud*</span> <span class='ocrx_word' id='word_1_505' title='bbox 2565 1629 2659 1658; x_wconf 88' lang='lat' dir='ltr'>tem-</span> 
     </span>
     <span class='ocr_line' id='line_1_81' title="bbox 1597 1673 2658 1723; baseline 0.001 -13"><span class='ocrx_word' id='word_1_506' title='bbox 1597 1686 1669 1723; x_wconf 91' lang='lat' dir='ltr'>pus</span> <span class='ocrx_word' id='word_1_507' title='bbox 1689 1681 1912 1710; x_wconf 87' lang='lat' dir='ltr'>reservetur:</span> <span class='ocrx_word' id='word_1_508' title='bbox 1937 1673 2025 1721; x_wconf 84' lang='lat' dir='ltr'>quia</span> <span class='ocrx_word' id='word_1_509' title='bbox 2040 1673 2162 1710; x_wconf 88' lang='lat' dir='ltr'>forma</span> <span class='ocrx_word' id='word_1_510' title='bbox 2182 1681 2238 1710; x_wconf 88' lang='lat' dir='ltr'>est</span> <span class='ocrx_word' id='word_1_511' title='bbox 2250 1673 2485 1723; x_wconf 88' lang='lat' dir='ltr'>principium</span> <span class='ocrx_word' id='word_1_512' title='bbox 2499 1674 2658 1722; x_wconf 86' lang='lat' dir='ltr'>essendi,</span> 
     </span>
     <span class='ocr_line' id='line_1_82' title="bbox 1599 1725 2659 1775; baseline 0.002 -13"><span class='ocrx_word' id='word_1_513' title='bbox 1599 1734 1636 1763; x_wconf 89' lang='lat' dir='ltr'>et</span> <span class='ocrx_word' id='word_1_514' title='bbox 1660 1739 1726 1763; x_wconf 89' lang='lat' dir='ltr'>ens</span> <span class='ocrx_word' id='word_1_515' title='bbox 1755 1726 1980 1774; x_wconf 88' lang='lat' dir='ltr'>inquantum</span> <span class='ocrx_word' id='word_1_516' title='bbox 2009 1725 2230 1763; x_wconf 92' lang='lat' dir='ltr'>huiusmodi</span> <span class='ocrx_word' id='word_1_517' title='bbox 2258 1733 2313 1763; x_wconf 92' lang='lat' dir='ltr'>est</span> <span class='ocrx_word' id='word_1_518' title='bbox 2346 1727 2557 1763; x_wconf 89' lang='lat' dir='ltr'>subiectum</span> <span class='ocrx_word' id='word_1_519' title='bbox 2585 1727 2659 1775; x_wconf 91' lang='lat' dir='ltr'>pri-</span> 
     </span>
     <span class='ocr_line' id='line_1_83' title="bbox 1598 1779 2660 1828; baseline 0.001 -12"><span class='ocrx_word' id='word_1_520' title='bbox 1598 1791 1685 1816; x_wconf 89' lang='lat' dir='ltr'>mae</span> <span class='ocrx_word' id='word_1_521' title='bbox 1719 1779 2003 1828; x_wconf 88' lang='lat' dir='ltr'>philosophiae;</span> <span class='ocrx_word' id='word_1_522' title='bbox 2033 1779 2100 1816; x_wconf 92' lang='lat' dir='ltr'>sed</span> <span class='ocrx_word' id='word_1_523' title='bbox 2133 1779 2289 1816; x_wconf 86' lang='lat' dir='ltr'>materia</span> <span class='ocrx_word' id='word_1_524' title='bbox 2317 1786 2354 1816; x_wconf 92' lang='lat' dir='ltr'>et</span> <span class='ocrx_word' id='word_1_525' title='bbox 2379 1779 2541 1828; x_wconf 90' lang='lat' dir='ltr'>privatio</span> <span class='ocrx_word' id='word_1_526' title='bbox 2573 1787 2660 1817; x_wconf 92' lang='lat' dir='ltr'>sunt</span> 
     </span>
     <span class='ocr_line' id='line_1_84' title="bbox 1597 1832 2659 1882; baseline 0.002 -14"><span class='ocrx_word' id='word_1_527' title='bbox 1597 1832 1780 1881; x_wconf 88' lang='lat' dir='ltr'>principia</span> <span class='ocrx_word' id='word_1_528' title='bbox 1804 1832 1899 1868; x_wconf 90' lang='lat' dir='ltr'>entis</span> <span class='ocrx_word' id='word_1_529' title='bbox 1923 1832 2235 1879; x_wconf 89' lang='lat' dir='ltr'>transmutabilis,</span> <span class='ocrx_word' id='word_1_530' title='bbox 2265 1832 2371 1880; x_wconf 92' lang='lat' dir='ltr'>quod</span> <span class='ocrx_word' id='word_1_531' title='bbox 2390 1845 2412 1869; x_wconf 88' lang='lat' dir='ltr'>a</span> <span class='ocrx_word' id='word_1_532' title='bbox 2429 1832 2659 1882; x_wconf 90' lang='lat' dir='ltr'>philosopho</span> 
     </span>
     <span class='ocr_line' id='line_1_85' title="bbox 1598 1884 2659 1935; baseline 0.001 -14"><span class='ocrx_word' id='word_1_533' title='bbox 1598 1885 1756 1921; x_wconf 88' lang='lat' dir='ltr'>naturali</span> <span class='ocrx_word' id='word_1_534' title='bbox 1786 1884 2054 1922; x_wconf 84' lang='lat' dir='ltr'>consideratur.</span> <span class='ocrx_word' id='word_1_535' title='bbox 2085 1885 2162 1921; x_wconf 92' lang='lat' dir='ltr'>Sed</span> <span class='ocrx_word' id='word_1_536' title='bbox 2190 1893 2319 1922; x_wconf 90' lang='lat' dir='ltr'>tamen</span> <span class='ocrx_word' id='word_1_537' title='bbox 2353 1885 2400 1922; x_wconf 90' lang='lat' dir='ltr'>de</span> <span class='ocrx_word' id='word_1_538' title='bbox 2435 1885 2566 1935; x_wconf 82' lang='lat' dir='ltr'>formis</span> <span class='ocrx_word' id='word_1_539' title='bbox 2594 1897 2659 1922; x_wconf 92' lang='lat' dir='ltr'>na-</span> 
     </span>
     <span class='ocr_line' id='line_1_86' title="bbox 1597 1937 2660 1986; baseline 0.001 -12"><span class='ocrx_word' id='word_1_540' title='bbox 1597 1938 1778 1975; x_wconf 85' lang='lat' dir='ltr'>turalibus</span> <span class='ocrx_word' id='word_1_541' title='bbox 1807 1946 1842 1982; x_wconf 86' lang='lat' dir='ltr'>et</span> <span class='ocrx_word' id='word_1_542' title='bbox 1871 1937 2172 1986; x_wconf 89' lang='lat' dir='ltr'>corruptibilibus</span> <span class='ocrx_word' id='word_1_543' title='bbox 2200 1938 2239 1975; x_wconf 93' lang='lat' dir='ltr'>in</span> <span class='ocrx_word' id='word_1_544' title='bbox 2272 1937 2516 1986; x_wconf 88' lang='lat' dir='ltr'>sequentibus</span> <span class='ocrx_word' id='word_1_545' title='bbox 2547 1938 2660 1975; x_wconf 88' lang='lat' dir='ltr'>huius</span> 
     </span>
     <span class='ocr_line' id='line_1_87' title="bbox 1598 1990 2660 2040; baseline 0 -12"><span class='ocrx_word' id='word_1_546' title='bbox 1598 1990 1789 2028; x_wconf 90' lang='lat' dir='ltr'>doctrinae</span> <span class='ocrx_word' id='word_1_547' title='bbox 1811 1990 2131 2028; x_wconf 85' lang='lat' dir='ltr'>determinabitur.</span> <span class='ocrx_word' id='word_1_548' title='bbox 2147 2011 2171 2019; x_wconf 88' lang='lat'>-</span> <span class='ocrx_word' id='word_1_549' title='bbox 2188 1991 2329 2028; x_wconf 91' lang='lat' dir='ltr'>Ultimo</span> <span class='ocrx_word' id='word_1_550' title='bbox 2349 1998 2477 2028; x_wconf 89' lang='lat' dir='ltr'>autem</span> <span class='ocrx_word' id='word_1_551' title='bbox 2497 1991 2660 2040; x_wconf 82' lang='lat' dir='ltr'>epilogat</span> 
     </span>
     <span class='ocr_line' id='line_1_88' title="bbox 1597 2043 2659 2092; baseline 0 -12"><span class='ocrx_word' id='word_1_552' title='bbox 1597 2055 1694 2091; x_wconf 93' lang='lat' dir='ltr'>quae</span> <span class='ocrx_word' id='word_1_553' title='bbox 1724 2043 1821 2080; x_wconf 88' lang='lat' dir='ltr'>dicta</span> <span class='ocrx_word' id='word_1_554' title='bbox 1849 2051 1950 2080; x_wconf 90' lang='lat' dir='ltr'>sunt:</span> <span class='ocrx_word' id='word_1_555' title='bbox 1974 2051 2009 2080; x_wconf 91' lang='lat' dir='ltr'>et</span> <span class='ocrx_word' id='word_1_556' title='bbox 2036 2043 2125 2081; x_wconf 89' lang='lat' dir='ltr'>dicit</span> <span class='ocrx_word' id='word_1_557' title='bbox 2152 2044 2257 2092; x_wconf 92' lang='lat' dir='ltr'>quod</span> <span class='ocrx_word' id='word_1_558' title='bbox 2285 2044 2337 2081; x_wconf 90' lang='lat' dir='ltr'>sic</span> <span class='ocrx_word' id='word_1_559' title='bbox 2366 2043 2659 2081; x_wconf 89' lang='lat' dir='ltr'>determinatum</span> 
     </span>
     <span class='ocr_line' id='line_1_89' title="bbox 1597 2096 2660 2145; baseline 0.001 -12"><span class='ocrx_word' id='word_1_560' title='bbox 1597 2104 1652 2133; x_wconf 91' lang='lat' dir='ltr'>est</span> <span class='ocrx_word' id='word_1_561' title='bbox 1679 2096 1783 2144; x_wconf 92' lang='lat' dir='ltr'>quod</span> <span class='ocrx_word' id='word_1_562' title='bbox 1815 2096 1997 2145; x_wconf 86' lang='lat' dir='ltr'>principia</span> <span class='ocrx_word' id='word_1_563' title='bbox 2029 2104 2130 2143; x_wconf 85' lang='lat' dir='ltr'>sunt,</span> <span class='ocrx_word' id='word_1_564' title='bbox 2166 2104 2202 2133; x_wconf 90' lang='lat' dir='ltr'>et</span> <span class='ocrx_word' id='word_1_565' title='bbox 2229 2109 2344 2145; x_wconf 90' lang='lat' dir='ltr'>quae,</span> <span class='ocrx_word' id='word_1_566' title='bbox 2375 2104 2411 2133; x_wconf 93' lang='lat' dir='ltr'>et</span> <span class='ocrx_word' id='word_1_567' title='bbox 2438 2104 2541 2145; x_wconf 89' lang='lat' dir='ltr'>quot.</span> <span class='ocrx_word' id='word_1_568' title='bbox 2582 2096 2660 2135; x_wconf 89' lang='lat' dir='ltr'>Sed</span> 
     </span>
     <span class='ocr_line' id='line_1_90' title="bbox 1597 2149 2659 2198; baseline 0.001 -13"><span class='ocrx_word' id='word_1_569' title='bbox 1597 2157 1746 2198; x_wconf 91' lang='lat' dir='ltr'>oportet</span> <span class='ocrx_word' id='word_1_570' title='bbox 1773 2149 1909 2186; x_wconf 91' lang='lat' dir='ltr'>iterum</span> <span class='ocrx_word' id='word_1_571' title='bbox 1929 2149 2034 2186; x_wconf 87' lang='lat' dir='ltr'>aliter</span> <span class='ocrx_word' id='word_1_572' title='bbox 2051 2150 2070 2171; x_wconf 83' lang='grc'><strong>*</strong></span> <span class='ocrx_word' id='word_1_573' title='bbox 2089 2149 2316 2198; x_wconf 90' lang='lat' dir='ltr'>principium</span> <span class='ocrx_word' id='word_1_574' title='bbox 2340 2150 2462 2186; x_wconf 91' lang='lat' dir='ltr'>facere</span> <span class='ocrx_word' id='word_1_575' title='bbox 2483 2149 2659 2186; x_wconf 83' lang='lat' dir='ltr'>scientiae</span> 
     </span>
     <span class='ocr_line' id='line_1_91' title="bbox 1598 2202 2659 2251; baseline 0.002 -13"><span class='ocrx_word' id='word_1_576' title='bbox 1598 2202 1794 2249; x_wconf 87' lang='lat' dir='ltr'>naturalis,</span> <span class='ocrx_word' id='word_1_577' title='bbox 1824 2202 2051 2250; x_wconf 90' lang='lat' dir='ltr'>inquirendo</span> <span class='ocrx_word' id='word_1_578' title='bbox 2085 2202 2223 2239; x_wconf 89' lang='lat' dir='ltr'>scilicet</span> <span class='ocrx_word' id='word_1_579' title='bbox 2258 2202 2443 2251; x_wconf 89' lang='lat' dir='ltr'>principia</span> <span class='ocrx_word' id='word_1_580' title='bbox 2471 2202 2659 2240; x_wconf 84' lang='lat' dir='ltr'>scientiae.</span> 
     </span>
    </p>
   </div>
   <div class='ocr_carea' id='block_1_19' title="bbox 1157 2776 1983 2926">
    <p class='ocr_par' dir='ltr' id='par_1_21' title="bbox 1157 2776 1983 2926">
     <span class='ocr_line' id='line_1_92' title="bbox 1157 2776 1983 2926; baseline 0 1096"><span class='ocrx_word' id='word_1_581' title='bbox 1157 2776 1983 2926; x_wconf 95' lang='lat' dir='ltr'> </span> 
     </span>
    </p>
   </div>
   <div class='ocr_carea' id='block_1_20' title="bbox 2685 415 2897 463">
    <p class='ocr_par' dir='ltr' id='par_1_22' title="bbox 2685 415 2897 463">
     <span class='ocr_line' id='line_1_93' title="bbox 2685 415 2897 441; baseline 0.005 -5"><span class='ocrx_word' id='word_1_582' title='bbox 2685 415 2697 427; x_wconf 89' lang='lat'>⁸</span> <span class='ocrx_word' id='word_1_583' title='bbox 2710 416 2788 437; x_wconf 71' lang='lat' dir='ltr'>anee-</span> <span class='ocrx_word' id='word_1_584' title='bbox 2797 420 2897 441; x_wconf 72' lang='grc' dir='ltr'>Ασιιοαε</span> 
     </span>
     <span class='ocr_line' id='line_1_94' title="bbox 2686 447 2755 463; baseline -0.014 0"><span class='ocrx_word' id='word_1_585' title='bbox 2686 447 2755 463; x_wconf 75' lang='lat' dir='ltr'>rvxr.</span> 
     </span>
    </p>
   </div>
   <div class='ocr_carea' id='block_1_21' title="bbox 2685 520 2896 550">
    <p class='ocr_par' dir='ltr' id='par_1_23' title="bbox 2685 520 2896 550">
     <span class='ocr_line' id='line_1_95' title="bbox 2685 520 2896 550; baseline 0.005 -8"><span class='ocrx_word' id='word_1_586' title='bbox 2685 520 2697 532; x_wconf 84' lang='lat'>⁸</span> <span class='ocrx_word' id='word_1_587' title='bbox 2711 522 2737 542; x_wconf 77' lang='lat' dir='ltr'>ut</span> <span class='ocrx_word' id='word_1_588' title='bbox 2745 526 2766 548; x_wconf 89' lang='lat' dir='ltr'>z,</span> <span class='ocrx_word' id='word_1_589' title='bbox 2777 520 2840 550; x_wconf 74' lang='lat' dir='ltr'>quod</span> <span class='ocrx_word' id='word_1_590' title='bbox 2853 524 2896 543; x_wconf 80' lang='lat' dir='ltr'>cet.</span> 
     </span>
    </p>
   </div>
   <div class='ocr_carea' id='block_1_22' title="bbox 2687 677 2895 726">
    <p class='ocr_par' dir='ltr' id='par_1_24' title="bbox 2687 677 2895 726">
     <span class='ocr_line' id='line_1_96' title="bbox 2723 677 2895 706; baseline 0 -7"><span class='ocrx_word' id='word_1_591' title='bbox 2723 678 2798 706; x_wconf 71' lang='lat' dir='ltr'>igitur</span> <span class='ocrx_word' id='word_1_592' title='bbox 2826 677 2895 701; x_wconf 70' lang='lat' dir='ltr'>codd.</span> 
     </span>
     <span class='ocr_line' id='line_1_97' title="bbox 2687 710 2774 726; baseline -0.011 0"><span class='ocrx_word' id='word_1_593' title='bbox 2687 710 2736 726; x_wconf 76' lang='lat' dir='ltr'>exc.</span> <span class='ocrx_word' id='word_1_594' title='bbox 2750 710 2774 725; x_wconf 79' lang='lat' dir='ltr'>n.</span> 
     </span>
    </p>
   </div>
   <div class='ocr_carea' id='block_1_23' title="bbox 2686 893 2899 968">
    <p class='ocr_par' dir='ltr' id='par_1_25' title="bbox 2686 893 2899 968">
     <span class='ocr_line' id='line_1_98' title="bbox 2686 893 2897 921; baseline 0.009 -7"><span class='ocrx_word' id='word_1_595' title='bbox 2686 893 2698 904; x_wconf 90' lang='lat'>⁸</span> <span class='ocrx_word' id='word_1_596' title='bbox 2708 894 2805 919; x_wconf 76' lang='lat' dir='ltr'>tantum,</span> <span class='ocrx_word' id='word_1_597' title='bbox 2819 893 2868 915; x_wconf 69' lang='lat' dir='ltr'>ian</span> <span class='ocrx_word' id='word_1_598' title='bbox 2876 899 2897 921; x_wconf 72' lang='grc' dir='ltr'>ι,</span> 
     </span>
     <span class='ocr_line' id='line_1_99' title="bbox 2686 921 2899 968; baseline 0.019 -29"><span class='ocrx_word' id='word_1_599' title='bbox 2686 921 2775 968; x_wconf 38' lang='lat' dir='ltr'>amttam</span> <span class='ocrx_word' id='word_1_600' title='bbox 2790 922 2833 942; x_wconf 82' lang='lat' dir='ltr'>cet.</span> <span class='ocrx_word' id='word_1_601' title='bbox 2847 925 2899 943; x_wconf 61' lang='lat' dir='ltr'>oxe-</span> 
     </span>
    </p>
   </div>
   <div class='ocr_carea' id='block_1_24' title="bbox 2687 1361 2900 1384">
    <p class='ocr_par' dir='ltr' id='par_1_26' title="bbox 2687 1361 2900 1384">
     <span class='ocr_line' id='line_1_100' title="bbox 2687 1361 2900 1384; baseline 0.005 -1"><span class='ocrx_word' id='word_1_602' title='bbox 2687 1362 2697 1374; x_wconf 83' lang='lat'><strong>·</strong></span> <span class='ocrx_word' id='word_1_603' title='bbox 2712 1361 2878 1384; x_wconf 65' lang='lat' dir='ltr'>dubitationem</span> <span class='ocrx_word' id='word_1_604' title='bbox 2885 1368 2900 1384; x_wconf 70' lang='lat' dir='ltr'>r</span> 
     </span>
    </p>
   </div>
   <div class='ocr_carea' id='block_1_25' title="bbox 2686 1387 2926 1410">
    <p class='ocr_par' dir='ltr' id='par_1_27' title="bbox 2686 1387 2926 1410">
     <span class='ocr_line' id='line_1_101' title="bbox 2686 1387 2926 1410; baseline 0 0"><span class='ocrx_word' id='word_1_605' title='bbox 2686 1394 2702 1410; x_wconf 81' lang='lat' dir='ltr'>a</span> <span class='ocrx_word' id='word_1_606' title='bbox 2711 1387 2724 1409; x_wconf 68' lang='grc' dir='ltr'><strong><em>Β</em></strong></span> <span class='ocrx_word' id='word_1_607' title='bbox 2733 1391 2756 1410; x_wconf 81' lang='lat' dir='ltr'>et</span> <span class='ocrx_word' id='word_1_608' title='bbox 2766 1387 2836 1410; x_wconf 81' lang='lat' dir='ltr'>codd.</span> <span class='ocrx_word' id='word_1_609' title='bbox 2847 1394 2898 1410; x_wconf 79' lang='lat' dir='ltr'>exc.</span> <span class='ocrx_word' id='word_1_610' title='bbox 2922 1389 2926 1393; x_wconf 88' lang='lat'>&#39;</span> 
     </span>
    </p>
   </div>
   <div class='ocr_carea' id='block_1_26' title="bbox 2686 1414 2898 1469">
    <p class='ocr_par' dir='ltr' id='par_1_28' title="bbox 2686 1414 2898 1469">
     <span class='ocr_line' id='line_1_102' title="bbox 2686 1414 2898 1441; baseline 0 -5"><span class='ocrx_word' id='word_1_611' title='bbox 2686 1420 2787 1441; x_wconf 54' lang='lat' dir='ltr'>nunqua</span> <span class='ocrx_word' id='word_1_612' title='bbox 2802 1414 2833 1436; x_wconf 79' lang='lat' dir='ltr'>cf.</span> <span class='ocrx_word' id='word_1_613' title='bbox 2845 1415 2898 1436; x_wconf 81' lang='lat' dir='ltr'>lect.</span> 
     </span>
     <span class='ocr_line' id='line_1_103' title="bbox 2686 1446 2822 1469; baseline -0.007 -6"><span class='ocrx_word' id='word_1_614' title='bbox 2686 1446 2734 1469; x_wconf 78' lang='lat' dir='ltr'>nv,</span> <span class='ocrx_word' id='word_1_615' title='bbox 2749 1447 2773 1463; x_wconf 88' lang='grc' dir='ltr'>ιι.</span> <span class='ocrx_word' id='word_1_616' title='bbox 2788 1446 2804 1462; x_wconf 87' lang='grc' dir='ltr'>ι.</span> <span class='ocrx_word' id='word_1_617' title='bbox 2820 1467 2822 1469; x_wconf 31' lang='lat'>¹</span> 
     </span>
    </p>
   </div>
   <div class='ocr_carea' id='block_1_27' title="bbox 2686 1623 2897 1676">
    <p class='ocr_par' dir='ltr' id='par_1_29' title="bbox 2686 1623 2897 1676">
     <span class='ocr_line' id='line_1_104' title="bbox 2686 1623 2897 1651; baseline 0.009 -6"><span class='ocrx_word' id='word_1_618' title='bbox 2686 1623 2697 1636; x_wconf 82' lang='lat'>⁸</span> <span class='ocrx_word' id='word_1_619' title='bbox 2712 1623 2738 1646; x_wconf 72' lang='lat' dir='ltr'>id</span> <span class='ocrx_word' id='word_1_620' title='bbox 2752 1623 2834 1651; x_wconf 70' lang='lat' dir='ltr'>mh,</span> <span class='ocrx_word' id='word_1_621' title='bbox 2849 1630 2897 1647; x_wconf 85' lang='lat' dir='ltr'>om.</span> 
     </span>
     <span class='ocr_line' id='line_1_105' title="bbox 2686 1656 2798 1676; baseline -0.009 -3"><span class='ocrx_word' id='word_1_622' title='bbox 2686 1656 2798 1676; x_wconf 71' lang='grc' dir='ltr'>Αιιοατν.</span> 
     </span>
    </p>
   </div>
   <div class='ocr_carea' id='block_1_28' title="bbox 2686 2160 2901 2190">
    <p class='ocr_par' dir='ltr' id='par_1_30' title="bbox 2686 2160 2901 2190">
     <span class='ocr_line' id='line_1_106' title="bbox 2686 2160 2901 2190; baseline 0.005 -4"><span class='ocrx_word' id='word_1_623' title='bbox 2686 2165 2698 2176; x_wconf 81' lang='grc'><strong><em>·</em></strong></span> <span class='ocrx_word' id='word_1_624' title='bbox 2710 2160 2779 2186; x_wconf 73' lang='lat' dir='ltr'>a&#39;uud</span> <span class='ocrx_word' id='word_1_625' title='bbox 2790 2169 2844 2190; x_wconf 72' lang='lat' dir='ltr'>nu.</span> <span class='ocrx_word' id='word_1_626' title='bbox 2854 2163 2901 2187; x_wconf 70' lang='lat' dir='ltr'>ali-</span> 
     </span>
    </p>
   </div>
   <div class='ocr_carea' id='block_1_29' title="bbox 2687 2189 2902 2239">
    <p class='ocr_par' dir='ltr' id='par_1_31' title="bbox 2687 2189 2902 2240">
     <span class='ocr_line' id='line_1_107' title="bbox 2687 2189 2902 2239; baseline 0.005 0"><span class='ocrx_word' id='word_1_627' title='bbox 2687 2189 2902 2240; x_wconf 41' lang='lat' dir='ltr'>zerem</span> 
     </span>
    </p>
   </div>
  </div>
 </body>
</html>
