2898 3996
190 3088 199 3096 ·
215 3087 273 3108 enim
288 3087 342 3108 add.
357 3093 399 3108 ner

192 3119 302 3135 sunnon.

192 3192 202 3201 ’
216 3190 287 3212 Num.
302 3197 349 3219 seq.

193 3244 201 3253 ·
216 3243 279 3265 Lect.
294 3249 335 3270 vii,
350 3250 400 3271 sqq.

192 3397 202 3405 ·
214 3395 344 3417 huiusmodi
361 3402 403 3417 vno

192 3422 274 3444 ιοιαὸ.

429 260 509 296 444

483 327 631 354 SYNOPSis.
649 342 682 346 —
698 326 909 362 Argumentum
931 331 958 353 et
979 323 1081 352 divisio
1102 330 1204 352 textus.
1219 341 1239 345 -
1253 331 1280 352 2.
1295 325 1404 352 Textus
1425 325 1494 352 sub-

429 365 541 394 divisio.
555 382 574 387 -
593 365 773 403 Impossibile
800 370 843 392 est
870 364 987 401 aliquod
1006 364 1126 402 finitum
1148 364 1304 391 secundum
1322 364 1491 401 potentiam,

430 414 547 433 movere
563 414 621 442 per
643 410 754 442 tempus
775 404 926 442 infinitum.
949 404 1100 431 Probatur.
1123 404 1251 431 Ponatur
1272 404 1353 440 quod
1380 404 1406 431 A
1428 412 1491 431 mo-

429 451 493 472 veat
514 446 537 472 B
558 444 587 472 in
613 450 743 480 tempore
772 444 795 472 C
816 443 945 478 infinit0;
965 449 993 471 et
1020 442 1104 470 simul
1133 448 1258 478 ponatur
1288 443 1369 479 quod
1396 442 1493 479 aliqua

429 493 495 520 pars
516 483 604 519 ipsius
620 485 655 518 A,
670 492 775 519 nempe
796 485 834 518 D,
852 489 966 511 moveat
987 487 1099 519 partem
1120 483 1152 516 B,
1169 490 1243 518 quae
1263 481 1299 509 sit
1319 483 1352 517 E,
1367 481 1398 510 in
1418 488 1492 510 tem-

429 532 500 559 pore
514 525 544 551 Z.
560 524 591 550 In
612 523 712 559 primis
727 524 784 551 hoc
804 529 917 558 tempus
937 523 959 550 Z
981 527 1097 558 oportet
1118 530 1179 549 esse
1201 520 1327 549 finitum:
1350 527 1392 549 est
1413 521 1490 550 enim

429 562 524 590 minus
545 569 675 598 ternpore
703 563 743 597 C,
765 562 833 599 quia
860 561 890 589 in
911 561 1014 589 maiori
1036 567 1167 597 tempore
1194 560 1347 597 pertransit
1372 560 1491 597 aliquod

429 602 543 639 signum
557 608 651 630 totum
673 601 779 630 mobile
801 610 888 638 quam
902 610 979 637 pars.
994 600 1024 628 Si
1045 606 1142 628 autem
1163 601 1200 628 ab
1221 600 1247 628 A
1262 606 1290 628 et
1303 609 1321 628 a
1341 601 1364 628 B
1379 601 1491 628 subtra-

429 642 533 669 hantur
549 641 587 669 ita
601 648 704 678 partes,
719 641 799 678 quod
812 647 907 669 toturn
923 640 1003 676 quod
1018 645 1060 667 est
1074 639 1104 667 in
1118 640 1144 667 A
1161 640 1283 667 addatur
1297 641 1333 675 D,
1349 646 1376 668 et
1396 646 1490 667 totum

429 681 508 717 quod
530 687 572 708 est
585 680 615 708 in
636 682 659 709 B
680 681 803 709 addatur
822 681 855 715 E,
872 679 1001 716 sequitur
1021 679 1102 716 quod
1122 685 1215 707 totum
1237 680 1263 707 A
1285 686 1382 708 movet
1396 685 1489 707 totum

429 721 452 748 B
467 720 496 748 in
510 726 641 757 tempore
658 720 748 748 finito.
765 721 840 748 Cum
854 719 932 747 enim
946 719 1105 747 secundum
1126 718 1346 755 proportionem
1361 728 1419 755 qua
1439 719 1491 747 ad

428 759 505 787 ditur
525 760 562 787 ad
576 759 683 788 mobile
698 766 725 787 et
739 760 775 787 ad
797 765 952 793 motorem‚
967 758 1090 786 addatur
1115 758 1152 786 ad
1173 764 1287 795 tempus
1308 765 1418 793 motus,
1440 767 1491 795 per

427 798 606 827 additionem
620 799 866 836 proportionalem
888 799 924 826 ad
939 804 1053 834 tempus
1074 799 1106 832 Z,
1123 797 1272 825 resultabit
1290 804 1404 834 tempus
1426 797 1490 825 fini-

427 845 499 874 tum,
514 838 543 866 in
565 848 624 875 quo
641 845 736 866 totum
757 837 885 866 movebit
904 843 1008 866 totum.
1031 837 1154 873 Oportet
1175 846 1252 873 erge,
1273 837 1296 865 si
1317 846 1437 865 movens
1463 843 1491 865 et

428 885 541 906 motum
563 884 629 906 sunt
647 877 735 912 finita,
758 878 837 914 quod
858 877 944 905 etiam
966 883 1083 913 tempus
1108 876 1144 904 sit
1174 876 1296 904 finitum.
1316 877 1399 904 Unde
1429 886 1490 904 non

427 917 567 954 contingit
587 918 667 954 quod
689 917 801 945 finitum
823 925 943 945 movens
964 923 1080 944 moveat
1100 922 1183 944 motu
1203 915 1328 944 infinito.
1344 933 1363 938 —
1379 916 1405 944 3.
1429 917 1490 944 Du-

427 957 527 985 bitatio
541 957 704 985 Avicennae
719 957 794 985 circa
808 957 882 984 hanc
896 955 1183 984 demonstrationem.
1193 971 1213 977 -
1225 955 1386 992 Responsio
1400 957 1491 984 Aver-

427 996 495 1025 rois.
510 1013 529 1018 -
543 997 608 1025 Alia
621 997 781 1033 responsio.
794 1013 813 1018 -
826 1005 854 1031 4.
870 995 935 1024 Alia
956 993 1100 1023 difficilior
1116 995 1267 1023 dubitatio.
1290 997 1358 1023 Non
1377 995 1490 1024 videtur

427 1045 489 1064 esse
510 1043 611 1064 contra
631 1036 772 1064 rationem
795 1035 936 1064 moventis
958 1034 1030 1063 finiti
1052 1035 1132 1072 quod
1159 1041 1275 1063 moveat
1295 1041 1425 1072 tempore
1446 1035 1490 1063 in-

427 1075 525 1103 finito:
547 1085 616 1103 nam
644 1075 667 1103 si
688 1075 758 1103 illud
786 1075 899 1103 finitum
920 1081 963 1102 est
984 1074 1208 1111 incorruptibile,
1223 1081 1251 1103 et
1271 1083 1332 1103 non
1353 1074 1459 1105 recedit
1473 1084 1490 1103 a

425 1124 479 1143 sua
493 1115 614 1143 naturali
636 1115 833 1151 dispositione
848 1123 963 1159 semper
983 1114 1087 1143 eodem
1102 1114 1193 1142 modo
1215 1123 1245 1142 se
1260 1115 1346 1142 habet
1366 1115 1403 1142 ad
1425 1123 1490 1142 mo-

425 1155 561 1182 vendum.
584 1155 666 1183 Unde
687 1164 748 1183 non
772 1161 814 1182 est
835 1153 926 1192 magis
947 1154 1020 1182 ratio
1047 1162 1136 1191 quare
1163 1163 1224 1182 non
1251 1153 1342 1199 possit
1373 1163 1488 1182 movere

426 1201 500 1231 post,
523 1203 610 1231 quam
630 1201 705 1222 ante.
727 1211 746 1216 —
767 1193 888 1222 Solutio.
909 1194 1039 1230 Tempus
1060 1200 1166 1228 motus,
1182 1193 1335 1230 praecipue
1356 1193 1385 1221 in
1407 1200 1488 1221 motu

426 1234 519 1269 locali,
535 1240 630 1270 potest
646 1233 735 1270 accipi
756 1234 800 1262 vel
814 1233 972 1262 secundum
995 1239 1090 1270 partes
1111 1215 1241 1268 mo'bilis,
1263 1233 1307 1260 vel
1329 1233 1487 1260 secundum

426 1280 521 1310 partes
543 1273 756 1311 magnitudinis.
780 1274 812 1301 In
833 1272 1080 1302 demonstratione
1101 1279 1197 1301 autem
1219 1281 1307 1309 supra
1327 1271 1421 1308 posita
1442 1281 1488 1300 ac-

426 1313 529 1349 cipitur
542 1313 631 1350 priori
646 1314 752 1342 modo:
773 1322 855 1341 secus
876 1322 937 1341 non
958 1319 1032 1341 esset
1045 1321 1145 1340 verum
1165 1313 1245 1349 quod
1266 1320 1331 1348 pars
1346 1311 1488 1339 moventis

426 1359 541 1381 moveat
562 1353 591 1380 in
618 1353 723 1381 minori
737 1359 868 1389 tempore
888 1359 999 1389 partem
1015 1351 1139 1385 mobilis,
1155 1361 1242 1388 quam
1263 1357 1358 1379 totum
1373 1358 1489 1379 moveat

426 1399 529 1420 totum.
545 1393 602 1420 Sed
622 1392 647 1420 si
665 1399 778 1429 tempus
799 1399 895 1420 motus
917 1391 956 1420 ita
977 1391 1140 1428 accipiatur,
1155 1399 1216 1425 non
1241 1397 1336 1427 potest
1357 1397 1488 1427 tempore

426 1431 539 1460 infinito
560 1432 670 1460 moveri
691 1432 745 1460 nisi
767 1431 873 1460 mobile
894 1431 1054 1466 infinitum3
1076 1431 1133 1458 hoc
1160 1437 1257 1461 autem
1278 1429 1396 1467 requirit
1424 1439 1487 1458 mo-

426 1478 520 1500 torem
541 1471 693 1499 infinitum.
709 1473 785 1508 Ergo
806 1477 921 1507 oportet
942 1470 1063 1499 finaliter
1084 1470 1256 1498 concludere
1283 1470 1363 1507 quod
1391 1476 1487 1498 motus

426 1510 554 1539 infinitus
575 1520 635 1539 non
650 1511 685 1539 sit
706 1511 760 1538 nisi
775 1510 889 1539 mobilis
903 1510 1006 1539 infiniti
1023 1519 1040 1538 a
1055 1516 1167 1538 motore
1183 1509 1306 1537 infinito.
1322 1526 1340 1530 —
1358 1509 1383 1537 5.
1399 1509 1487 1538 Obie-

426 1550 483 1579 ctio
508 1557 608 1578 contra
629 1551 703 1578 hanc
724 1550 814 1586 ipsam
837 1550 1020 1578 solutionem.
1043 1550 1156 1578 Motum
1178 1558 1240 1577 esse
1261 1548 1405 1577 infinitum
1427 1558 1487 1577 non

425 1596 468 1618 est
487 1591 641 1626 probatum
663 1599 695 1618 ex
710 1590 837 1626 partibus
859 1590 983 1625 mobilis,
998 1589 1080 1626 quasi
1101 1598 1206 1626 nempe
1221 1589 1257 1617 sit
1271 1595 1368 1617 motus
1383 1598 1487 1625 corpo-
1500 1597 1504 1600 ·

425 1629 464 1657 ris
484 1629 596 1664 infiniti,
614 1629 682 1666 quia
702 1636 796 1657 totum
824 1629 989 1658 universum
1019 1638 1192 1665 corporeum
1214 1635 1256 1656 est
1276 1628 1398 1656 finitum.
1421 1630 1487 1657 Non

425 1678 494 1706 ergo
521 1669 632 1697 videtur
661 1670 741 1706 quod
769 1669 976 1698 demonstratio
1004 1668 1098 1705 posita
1123 1668 1213 1705 possit
1240 1668 1329 1705 accipi
1351 1668 1380 1696 in
1402 1677 1487 1696 sensu

424 1708 580 1745 praedicto.
593 1725 611 1730 -
625 1708 745 1737 Solutio.
761 1709 858 1737 Prima
879 1718 965 1738 causa
983 1715 1079 1737 motus
1094 1707 1195 1736 infiniti
1217 1714 1331 1744 oportet
1351 1709 1431 1744 quod
1452 1707 1487 1736 sit

421 1757 479 1786 per
500 1758 530 1776 se
552 1757 638 1777 causa
659 1748 804 1777 infinitatis
830 1755 942 1784 motus,
965 1754 992 1776 et
1013 1754 1223 1785 consequenter
1244 1748 1323 1784 quod
1346 1747 1381 1775 sit
1402 1757 1488 1776 causa

426 1787 500 1816 illius
521 1787 669 1816 infinitatis
690 1797 764 1824 quae
781 1797 839 1826 per
859 1797 890 1816 se
911 1794 954 1816 est
974 1787 1005 1815 in
1025 1795 1117 1816 motu.
1133 1789 1212 1815 Haec
1233 1794 1329 1815 autem
1353 1787 1384 1815 in
1405 1794 1487 1815 motu

425 1827 580 1855 attenditur
600 1828 758 1856 secundum
779 1834 874 1864 partes
895 1827 1027 1863 mobilis;
1042 1827 1110 1864 quia
1131 1833 1274 1864 quantitas
1295 1833 1392 1854 motus
1414 1836 1487 1863 quae

426 1867 562 1903 accipitur
583 1868 742 1895 secundum
770 1873 863 1904 partes
889 1866 1020 1902 mobilis,
1043 1866 1181 1903 competit
1208 1866 1300 1894 motui
1329 1867 1487 1894 secundum

425 1907 576 1943 proprium
598 1907 777 1943 subiectum,
799 1913 826 1934 et
847 1906 887 1935 ita
907 1907 980 1935 inest
1002 1906 1028 1934 ei
1047 1916 1100 1943 per
1120 1915 1159 1934 se.
1181 1906 1279 1934 Prima
1306 1914 1374 1943 ergo
1403 1915 1490 1934 causa

426 1947 511 1974 habet
530 1947 663 1974 virtutem
685 1956 770 1983 super
783 1946 954 1975 infinitatem
982 1952 1079 1974 motus
1100 1955 1174 1983 quae
1194 1951 1236 1973 est
1256 1954 1308 1982 per
1328 1954 1367 1980 se,
1381 1952 1414 1973 ut
1434 1945 1488 1973 sci-

426 1985 491 2014 licet
510 1986 601 2022 possit
621 1995 737 2014 movere
758 1986 864 2014 mobile
892 1986 1056 2023 infinitum,
1073 1985 1096 2013 si
1117 1985 1273 2022 contingat.
1294 1984 1376 2013 Unde
1400 1994 1488 2022 opor-

426 2031 466 2053 tet
483 2027 562 2062 quod
584 2026 687 2054 habeat
707 2026 840 2054 virtutem
862 2025 1014 2054 infinitam.
1026 2042 1046 2047 -
1061 2026 1087 2053 6.
1102 2025 1210 2053 Toxtus
1231 2024 1398 2053 subdivisio.
1420 2040 1440 2046 -
1454 2025 1487 2052 In

426 2065 626 2103 magnitudine
639 2065 728 2103 finita
749 2074 804 2093 non
817 2071 911 2103 potest
931 2074 993 2093 esse
1015 2065 1108 2092 virtus
1125 2065 1246 2102 infinita.
1263 2065 1359 2092 Prima
1380 2073 1488 2100 suppo-

427 2104 507 2132 sitio:
533 2105 626 2133 maior
648 2104 778 2149 potentia
796 2105 945 2142 aequalem
966 2104 1099 2132 effectum
1114 2103 1223 2140 perficit
1244 2103 1274 2132 in
1289 2103 1394 2131 minori
1415 2110 1488 2131 tem-

427 2152 498 2180 pore
518 2154 605 2189 quarn
627 2144 731 2173 minor.
746 2144 844 2173 Altera
865 2144 1041 2181 suppositio·
1065 2153 1152 2172 omne
1173 2144 1254 2188 quod
1269 2150 1408 2178 movetur,
1424 2153 1489 2171 mo-

426 2190 508 2211 vetur
528 2184 558 2212 in
577 2191 726 2220 tempore;
744 2193 812 2221 ergo
834 2185 869 2212 ab
884 2191 985 2220 agente
1007 2183 1133 2211 infinitae
1154 2182 1264 2211 virtutis
1285 2182 1405 2219 patiens,
1427 2192 1487 2210 non

427 2229 522 2259 potest
542 2223 687 2252 immutari
702 2223 731 2251 iri
745 2233 806 2252 non
827 2230 975 2260 tempore;
997 2232 1065 2260 ergo
1079 2222 1109 2250 in
1131 2229 1261 2258 ternpore
1276 2222 1452 2250 immutatur.
1469 2239 1487 2244 -

427 2263 469 2290 Ex
490 2262 533 2291 his
558 2270 654 2291 autem
675 2264 813 2300 probatur
833 2262 929 2291 thesis.
956 2262 998 2290 Sit
1019 2263 1096 2290 enim
1117 2268 1231 2298 tempus
1261 2261 1290 2290 in
1318 2271 1378 2298 quo
1398 2261 1488 2290 virtus

427 2301 537 2330 infinita
561 2309 674 2338 movet,
695 2303 737 2337 A;
758 2309 871 2339 tempus
897 2309 992 2331 autem
1017 2302 1050 2331 in
1077 2311 1136 2338 quo
1164 2301 1260 2338 aliqua
1287 2301 1376 2329 virtus
1406 2301 1487 2330 finita

427 2349 532 2377 movet,
547 2342 582 2370 sit
603 2343 662 2377 AB,
678 2342 757 2379 quod
778 2349 820 2370 est
841 2342 933 2370 maius
954 2343 988 2370 A.
1005 2341 1034 2369 Si
1056 2341 1211 2377 accipiatur
1231 2341 1287 2369 alia
1308 2347 1335 2369 et
1355 2341 1412 2369 alia
1432 2351 1486 2378 po-

426 2381 514 2409 tentia
534 2381 614 2410 finita
633 2382 726 2410 maior
746 2382 793 2410 illa
814 2391 887 2418 quae
909 2387 1006 2410 movet
1026 2381 1055 2408 in
1077 2387 1207 2417 tempore
1228 2382 1288 2415 AB,
1303 2390 1417 2417 semper
1431 2381 1487 2408 mi-

427 2421 523 2448 nuitur
539 2428 651 2458 tempus
672 2423 731 2456 AB,
747 2428 775 2450 et
789 2421 841 2449 erit
862 2421 1017 2458 aliquando
1036 2421 1168 2448 devenire
1190 2421 1227 2448 ad
1241 2420 1400 2457 potentiam
1422 2420 1486 2448 fini-

426 2466 485 2488 tam
507 2470 579 2497 quae
602 2468 715 2489 moveat
736 2460 766 2489 in
786 2467 918 2498 tempore
939 2462 975 2488 A.
998 2462 1039 2488 Ex
1061 2461 1117 2488 hoc
1138 2466 1235 2488 autem
1257 2460 1386 2497 sequitur
1406 2461 1487 2497 quod

426 2500 554 2535 potentia
568 2501 647 2529 finita
666 2500 793 2537 perficiat
807 2507 920 2529 motum
941 2500 971 2528 iri
992 2500 1104 2536 aequali
1124 2506 1256 2536 tempore
1277 2509 1343 2528 curn
1358 2500 1487 2536 potentia

426 2539 551 2574 infinita;
571 2541 650 2577 quod
671 2546 713 2568 est
734 2540 920 2577 impossibile.
936 2542 1012 2577 Ergo
1028 2547 1080 2568 etc.
1096 2557 1115 2561 -
1130 2549 1157 2576 7.
1175 2537 1372 2567 Difficultates.
1388 2539 1486 2568 Primo

426 2588 486 2606 non
507 2579 617 2608 videtur
638 2580 711 2608 ratio
733 2580 919 2608 concludere:
942 2589 1009 2608 nam
1031 2581 1059 2615 a)
1082 2579 1167 2607 etiam
1197 2579 1291 2616 posita
1315 2579 1417 2607 virtute
1443 2579 1487 2606 in-

426 2618 519 2653 finita,
542 2629 602 2647 non
623 2620 750 2656 sequitur
772 2620 851 2656 quod
872 2626 968 2648 motus
983 2619 1018 2647 sit
1039 2619 1070 2647 in
1090 2628 1151 2647 non
1166 2625 1312 2655 tempore:
1332 2627 1393 2647 esse
1408 2618 1486 2646 enim

425 2657 455 2685 in
476 2664 604 2695 tempore
625 2669 675 2696 per
695 2669 727 2687 se
748 2659 882 2688 convenit
907 2658 1013 2694 motui,
1038 2665 1066 2686 et
1094 2658 1160 2686 ideo
1182 2667 1233 2693 per
1253 2658 1362 2686 nullam
1383 2665 1485 2694 poten-

425 2697 493 2725 tiam
521 2705 615 2735 potest
642 2700 678 2727 ab
706 2709 741 2727 eo
771 2698 905 2736 separari.
927 2699 955 2734 b)
978 2699 1092 2726 Motum
1120 2707 1182 2726 esse
1210 2697 1240 2725 in
1267 2706 1328 2725 non
1354 2703 1485 2734 ternpore

568 2841 579 2852 ,
629 2835 665 2884 '2‘
689 2822 864 2865 ostquam
892 2816 1146 2864 Philosophus
1175 2815 1339 2852 ostendit
1366 2815 1485 2865 qualis

554 2898 557 2906 χ
656 2870 733 2906 sit
747 2870 891 2919 primus
907 2877 1044 2916 motus,
1061 2869 1122 2906 hic
1138 2868 1300 2905 ostendit
1315 2869 1423 2918 quale
1440 2869 1485 2906 sit

510 2947 519 2956 η
571 2964 580 2975 Υ
634 2924 670 2968 ’ψ
688 2922 855 2971 primum
884 2934 1058 2959 movens.
1079 2922 1128 2958 Et
1149 2921 1352 2958 dividitur
1344 2934 1382 2958 in
1399 2934 1484 2970 par-

492 2998 513 3004 —r
579 3010 582 3015 ⁴
647 2971 670 2999 ‘¹
689 2983 743 3012 tes
764 2975 878 3012 duas:
898 2974 1024 3023 primo
1046 2976 1065 2996 ἢ*
1081 2974 1168 3012 dicit
1188 2974 1235 3011 de
1255 2987 1332 3022 quo
1357 2983 1413 3011 est
1431 2974 1484 3011 in-

427 3027 558 3072 tentio;
576 3029 743 3065 secundo
760 3027 954 3075 exequitur
968 3026 1220 3076 propositum,
1242 3026 1310 3063 ibi:
1330 3028 1484 3064 Horum

428 3086 550 3117 autem
572 3093 686 3117 unum
703 3081 880 3129 quidem*
892 3088 960 3117 etc.
974 3080 1072 3117 Dicit
1091 3087 1219 3116 autem
1229 3079 1366 3128 primo,
1381 3081 1483 3129 quod

430 3145 515 3169 cum
536 3133 677 3170 dictum
697 3134 742 3170 sit
762 3145 877 3182 supra
898 3134 918 3154 ²⁹
935 3132 1039 3182 quod
1058 3132 1225 3182 primum
1248 3139 1410 3170 movens
1431 3141 1486 3170 est

430 3185 639 3232 immobile,
666 3198 767 3223 nunc
787 3186 991 3223 dicendum
1018 3193 1071 3223 est
1091 3186 1196 3234 quod
1215 3185 1382 3234 primum
1402 3198 1484 3223 mo-

429 3250 522 3275 vens
542 3246 597 3275 est
618 3239 838 3276 indivisibile
863 3247 899 3276 et
926 3239 1069 3276 nullam
1097 3239 1242 3275 habens
1262 3238 1484 3286 magnitudi-

431 3302 539 3338 nem,
560 3291 654 3327 sicut
682 3292 839 3338 omnino
873 3291 1153 3340 incorporeum.
1176 3291 1252 3328 Sed
1280 3299 1484 3341 antequam

430 3343 502 3379 hoc
531 3343 790 3392 ostendamus,
820 3352 967 3393 oportet
994 3343 1339 3394 praedeterminare
1371 3357 1484 3394 quae-

431 3395 518 3432 dam
565 3408 661 3444 quae
695 3397 889 3445 exiguntur
925 3397 973 3434 ad
1010 3397 1121 3434 huius
1156 3398 1175 3418 *
1206 3397 1482 3446 probationem.

485 3459 518 3484 2.
539 3448 684 3485 Deinde
707 3461 791 3497 cum
823 3449 928 3486 dicit:
952 3451 1106 3487 Horum
1126 3455 1251 3487 autem
1272 3462 1387 3487 unum
1407 3462 1485 3499 qui-

430 3499 513 3536 dem
543 3509 626 3546 etc.,
658 3501 851 3550 exequitur
877 3502 1127 3551 propositum.
1150 3504 1198 3540 Et
1224 3503 1348 3552 primo
1377 3515 1484 3563 prae-

432 3551 538 3588 mittit
566 3553 752 3600 quaedam
781 3566 877 3602 quae
910 3563 995 3592 sunt
1032 3556 1243 3593 necessaria
1270 3556 1317 3593 ad
1350 3556 1484 3604 princi-

1039 246 1384 284 PHYSICORUM
1411 247 1760 284 ARISTOTELIS
1789 248 1883 284 LIB.
1912 247 1999 284 VIII

1546 324 1702 362 aequaliter
1723 324 1860 362 sequitur,
1875 325 2034 353 secundum
2051 325 2193 353 rationem
2215 325 2412 361 praemissam,
2427 331 2487 354 tarn
2508 325 2531 354 si
2552 325 2609 354 vir·

1546 371 1591 392 tus
1619 364 1730 392 infinita
1750 365 1786 392 sit
1815 364 1845 392 in
1866 373 2005 401 corpore,
2031 373 2119 402 quam
2140 364 2163 392 si
2185 364 2220 392 sit
2241 371 2320 393 extra
2340 374 2463 401 corpus;
2485 374 2554 402 ergo
2576 374 2610 394 ex

1547 413 1582 432 eo
1611 405 1691 441 quod
1722 403 1758 432 sit
1784 403 1961 440 impossibile
1989 403 2099 432 moveri
2127 403 2157 432 in
2187 413 2247 432 non
2275 410 2421 440 tempore,
2443 413 2504 433 non
2525 405 2611 433 debet

1546 443 1679 483 concludi
1701 443 1781 480 quod
1802 443 1880 472 nulla
1900 443 1990 472 virtus
2008 443 2121 471 infinita
2135 443 2171 471 sit
2191 442 2220 471 in
2236 443 2442 480 magnitudine,
2469 445 2519 472 sed
2540 444 2609 472 sim-

1545 482 1655 519 pliciter
1682 483 1761 519 quod
1795 483 1874 511 nulla
1898 482 1989 512 ‘virtus
2017 492 2137 511 movens
2165 482 2200 510 sit
2234 482 2354 511 infinita.
2384 485 2411 518 c)
2442 484 2609 512 Secundum

1545 531 1693 551 excessum
1714 522 1744 550 in
1765 522 1915 551 velocitate
1938 529 2042 558 motus,
2057 532 2119 551 non
2137 528 2179 550 est
2200 522 2432 550 concludendum
2454 523 2535 560 quod
2552 523 2609 551 vir-
2642 542 2644 544 -

1545 568 1591 590 tus
1612 561 1723 590 infinita
1746 571 1808 590 non
1832 569 1927 598 potest
1948 571 2009 590 esse
2035 562 2065 590 in
2092 561 2308 598 magnitudine;
2330 562 2381 590 sed
2413 562 2494 599 quod
2520 561 2610 590 virtus

1545 610 1619 638 quae
1650 608 1748 630 movet
1779 608 1910 639 tempore
1942 601 2074 637 infinito,
2098 608 2216 638 propter
2236 601 2280 629 sui
2301 600 2472 629 infinitatem
2493 608 2610 630 moveat

1545 640 1631 668 etiam
1653 640 1683 669 in
1698 651 1759 669 non
1779 648 1920 678 tempore.
1935 658 1955 663 -
1969 642 2003 677 d)
2019 642 2169 670 Praeterea
2183 640 2244 677 ipsa
2259 640 2407 669 conclusio
2421 640 2534 669 videtur
2547 649 2610 669 esse

1545 679 1624 708 falsa.
1654 681 1727 709 Nam
1749 680 1773 709 si
1793 681 1898 709 nullius
1928 681 2058 718 corporis
2085 679 2215 717 potentia
2243 686 2317 708 esset
2343 679 2468 716 infinita,
2496 680 2609 709 nullum

1545 729 1651 756 corpus
1671 727 1770 756 posset
1789 720 1819 748 in
1846 720 1991 749 infinitum
2012 721 2130 755 durare;
2153 720 2234 756 quod
2260 726 2338 757 patet
2365 729 2427 748 esse
2456 720 2568 748 falsum.
2590 735 2610 742 -

1546 759 1572 787 8.
1590 760 1637 787 Ad
1658 759 1781 796 primam
1796 754 2015 789 dubitationem.
2035 759 2250 788 Demonstratio
2271 759 2367 804 posita
2380 768 2441 787 non
2455 765 2498 788 est
2512 765 2609 787 osten-

1545 798 1619 834 siva,
1642 799 1692 826 sed
1713 805 1756 827 est
1776 799 1986 828 demonstratio
2002 800 2040 828 ad
2061 799 2249 836 impossibile,
2271 799 2301 827 in
2323 807 2381 836 qua
2401 798 2469 835 quia
2496 807 2530 827 ex
2557 798 2609 827 ali-

1545 847 1604 874 quo
1631 838 1699 866 dato
1721 838 1849 875 sequitur
1870 839 2055 876 impossibile,
2076 838 2257 867 concluditur
2277 838 2404 875 primum
2425 839 2525 866 datum
2546 847 2609 870 esse

1544 877 1731 914 impossibile.
1747 878 1945 907 Manifestatur
1957 878 2117 916 responsio.
2135 895 2152 900 -
2163 887 2190 915 9.
2202 878 2308 913 Quoad
2322 878 2478 907 secundam
2493 877 2607 906 dubita-

1544 917 1664 953 tionem,
1679 917 1838 946 excluditur
1851 918 1946 955 primo
1966 927 2026 947 una
2038 917 2173 947 Averrois
2187 917 2348 954 responsio,
2362 923 2463 954 utpote
2484 926 2558 954 quae
2572 917 2609 946 sit

1544 963 1572 984 et
1599 963 1700 985 contra
1714 957 1903 986 intentionem
1924 957 2095 993 Aristotelis,
2110 964 2139 985 et
2159 963 2260 986 contra
2272 957 2430 985 veritatem.
2441 972 2462 979 ·-
2473 957 2607 986 Excludi-

1544 1002 1590 1024 tur
1611 996 1717 1033 pariter
1733 997 1822 1025 altera
1842 997 1971 1026 eiusdem
1992 997 2237 1026 Commentatoris
2258 996 2420 1033 responsio,
2441 1002 2541 1033 utpote
2562 996 2606 1025 in-

1544 1033 1727 1064 sufficiens.-
1745 1045 1789 1064 10.
1811 1037 1923 1065 Deinde
1943 1036 2063 1065 solvitur
2084 1035 2225 1064 dubitatio
2247 1035 2457 1064 manifestando
2472 1035 2607 1064 differen-

1543 1075 1613 1103 tiam
1635 1084 1710 1112 quae
1731 1082 1773 1104 est
1799 1075 1874 1104 inter
1898 1085 1986 1113 agens
2017 1075 2163 1104 materiale
2184 1081 2212 1103 et
2232 1084 2320 1111 agens
2347 1083 2400 1111 per
2420 1074 2605 1104 intellectum.

1544 1115 1636 1143 Huius
1658 1115 1735 1143 enim
1757 1114 1832 1143 actio
1853 1124 1914 1143 non
1934 1114 2172 1152 proportionatur
2193 1123 2261 1142 suae
2282 1120 2410 1149 naturae,
2425 1114 2476 1142 sed
2496 1113 2607 1143 formae

1543 1163 1595 1190 per
1615 1154 1790 1182 intellectum
1811 1155 2021 1191 apprehensae:
2043 1155 2120 1182 unde
2146 1162 2207 1182 non
2229 1159 2367 1191 operatur
2391 1159 2532 1190 quantum
2553 1163 2608 1190 po-

1543 1200 1606 1228 test,
1622 1194 1672 1221 sed
1687 1194 1846 1221 secundum
1863 1194 1944 1230 quod
1959 1193 2093 1222 convenit
2111 1193 2161 1222 fini
2176 1192 2287 1221 intento
2301 1199 2330 1221 et
2345 1199 2464 1221 naturae
2478 1193 2607 1222 subiecti.

1543 1234 1585 1260 Ex
1606 1241 1642 1261 eo
1664 1241 1732 1270 ergo
1754 1233 1835 1270 quod
1855 1232 1891 1261 sit
1905 1233 1993 1261 virtus
2015 1232 2125 1261 infinita
2146 1239 2224 1261 extra
2239 1241 2357 1261 omnem
2379 1231 2607 1270 magnitudinem

1543 1271 1675 1307 existens,
1690 1281 1751 1300 non
1772 1272 1902 1309 sequitur
1925 1273 2005 1309 quod
2027 1279 2124 1301 motus
2144 1273 2181 1300 ab
2202 1281 2236 1300 ea
2257 1272 2416 1308 procedens
2437 1271 2474 1300 sit
2499 1272 2607 1301 veloci-

1542 1311 1607 1340 tatis
1628 1311 1772 1347 infinitae‚
1794 1321 1845 1340 seu
1866 1312 1902 1340 sit
1931 1312 1961 1340 in
1982 1321 2044 1340 non
2070 1318 2211 1349 tempore.
2232 1327 2252 1333 —-
2273 1311 2469 1340 confirmatur
2489 1311 2606 1341 solutio.

1542 1367 1563 1373 -
1581 1361 1589 1379 1
1601 1361 1624 1380 1.
1640 1351 1714 1380 Hinc
1728 1351 1847 1380 solvitur
1860 1351 1944 1380 tertia
1957 1351 2114 1385 dubitatio:
2131 1350 2242 1380 moveri
2256 1351 2333 1379 enim
2349 1358 2479 1388 tempore
2492 1351 2606 1381 infinito

1542 1400 1603 1419 non
1617 1397 1758 1428 repugnat
1779 1391 1885 1420 rationi
1906 1391 2119 1429 magnitudinis,
2135 1391 2185 1419 sed
2207 1390 2268 1419 eius
2292 1390 2396 1419 rationi
2417 1390 2608 1420 contrariatur

1543 1430 1652 1459 moveri
1665 1430 1814 1459 velocitate
1828 1430 1950 1460 infinita.
1962 1447 1981 1452 -
2000 1438 2043 1460 12.
2059 1432 2199 1466 Quartam
2216 1430 2426 1459 dubitationem
2440 1430 2526 1459 solvit
2538 1430 2607 1459 Ale-

1542 1471 1658 1505 xander,
1673 1470 1771 1498 dicens
1792 1471 1873 1508 quod
1893 1479 2000 1508 corpus
2020 1471 2150 1506 caeleste,
2167 1470 2239 1499 sicut
2259 1469 2478 1507 perpetuitatem
2499 1477 2608 1507 motus,

1542 1510 1581 1538 ita
1602 1509 1821 1547 perpetuitatem
1835 1509 1865 1538 in
1880 1519 1942 1539 esse
1956 1519 2018 1539 non
2032 1510 2119 1539 habet
2132 1519 2166 1539 ex
2181 1509 2320 1538 infinitate
2335 1509 2470 1547 propriae
2483 1509 2607 1546 virtutis,

1542 1550 1592 1578 sed
1614 1558 1647 1578 ex
1669 1556 1782 1578 motore
1804 1556 1947 1587 separato,
1969 1548 2051 1578 cuius
2072 1556 2114 1579 est
2137 1549 2226 1578 virtus
2247 1549 2366 1578 infinita.
2381 1566 2401 1571 -
2414 1549 2604 1578 Animadver-

1542 1589 1585 1617 sio
1607 1589 1852 1618 Commentatoris
1873 1589 1903 1618 in
1917 1590 1992 1618 hanc
2005 1589 2239 1627 responsionem,
2257 1596 2285 1618 et
2305 1588 2360 1618 alia
2380 1589 2441 1617 eius
2462 1589 2606 1618 solutio.-

1547 1629 1590 1657 13.
1613 1630 1695 1664 Quae
1715 1635 1814 1657 tamen
1835 1636 1863 1658 et
1883 1629 1994 1658 veritati
2021 1629 2214 1665 multipliciter
2234 1635 2389 1666 repugnat,
2411 1635 2439 1657 et
2466 1634 2607 1667 repugnat

1542 1668 1628 1697 etiaeim
1650 1668 1802 1697 intentioni
1816 1669 1986 1697 Aristotelis.
2002 1685 2022 1690 -
2039 1679 2082 1704 14.
2098 1670 2157 1697 Nec
2174 1668 2379 1697 convenienter
2392 1669 2535 1697 Averroes
2551 1668 2606 1697 im-

1542 1715 1650 1745 pugnat
1672 1708 1846 1737 solutionem
1867 1707 2040 1743 Alexandri,
2063 1708 2146 1746 quasi
2167 1708 2218 1736 iste
2246 1707 2373 1745 posuerit
2393 1709 2474 1745 quod
2500 1717 2606 1745 corpus

1542 1748 1662 1777 caeleste
1683 1748 1719 1776 de
1734 1757 1764 1776 se
1782 1754 1857 1776 esset
1877 1730 2071 1784 corruptibile,
2088 1755 2116 1776 et
2137 1747 2296 1785 acquireret
2312 1748 2349 1776 ab
2369 1747 2427 1776 alio
2448 1756 2510 1776 esse
2530 1756 2606 1781 seal-

1541 1797 1594 1824 per
1615 1788 1714 1824 (quod
1741 1797 1819 1816 nunc
1846 1787 1987 1816 discutere
2017 1797 2079 1816 non
2106 1787 2229 1825 pertinet
2249 1788 2286 1816 ad
2314 1787 2533 1824 propositum„
2554 1787 2606 1816 sed

1542 1827 1639 1864 posuit
1660 1827 1749 1864 quod,
1767 1836 1834 1855 cum
1848 1836 1954 1864 corpus
1975 1827 2094 1855 caeleste
2108 1836 2170 1856 non
2183 1827 2219 1855 sit
2240 1836 2324 1855 suum
2346 1836 2418 1863 esse,
2432 1828 2483 1856 sed
2502 1827 2607 1856 habeat

1543 1876 1604 1895 esse
1619 1867 1655 1895 ab
1676 1866 1743 1902 alio,
1759 1873 1969 1903 consequenter
1988 1867 2075 1895 etiarn
2089 1875 2151 1895 esse
2165 1871 2336 1903 perpetuum
2350 1867 2386 1894 ab
2408 1865 2465 1895 alio
2480 1866 2575 1902 habet.
2586 1882 2606 1888 —

1547 1906 1590 1934 15.
1614 1906 1772 1941 Quomodo
1800 1906 1830 1934 in
1855 1915 1976 1943 corpore
1998 1906 2110 1935 caelesti
2131 1905 2324 1934 diversimode
2346 1915 2376 1934 se
2396 1905 2483 1934 habet
2502 1912 2604 1943 poten-

1542 1945 1582 1974 tia
1602 1946 1640 1974 ad
1661 1954 1722 1974 esse
1743 1952 1883 1982 perpetuo
1904 1953 1932 1974 et
1952 1946 1990 1974 ad
2011 1946 2120 1974 moveri
2140 1952 2297 1983 perpetuo;
2319 1954 2353 1974 ex
2367 1954 2425 1982 qua
2446 1945 2607 1974 differentia

1542 1985 1708 2022 intelligitur
1723 1986 1804 2022 quod
1823 1985 1846 2013 si
1867 1994 1919 2022 per
1939 1985 2117 2022 impossibile
2138 1994 2243 2022 corpus
2264 1985 2385 2013 caeleste
2405 1993 2466 2014 non
2487 1985 2606 2014 haberet

1542 2034 1604 2053 esse
1625 2026 1661 2053 ab
1683 2024 1748 2060 alio,
1764 2025 1859 2053 adhuc
1879 2034 1940 2053 non
1961 2031 2059 2061 posset
2080 2034 2113 2053 ex
2133 2024 2323 2062 perpetuitate
2350 2024 2440 2061 ipsius
2471 2023 2606 2053 concludi

1543 2065 1623 2101 quod
1651 2064 1680 2092 in
1708 2073 1744 2092 eo
1772 2065 1808 2092 sit
1835 2064 1924 2096 virtus
1953 2064 2072 2092 infinita.
2094 2081 2114 2086 -
2139 2065 2182 2092 16.
2205 2065 2238 2092 In
2266 2064 2467 2108 magnitudine
2493 2064 2606 2103 infinita

1543 2113 1598 2132 non
1616 2109 1712 2141 potest
1737 2113 1799 2132 esse
1823 2103 1953 2142 potentia
1965 2104 2064 2143 finita.
2081 2120 2100 2125 —
2125 2103 2357 2140 17.Excluditur
2384 2104 2533 2141 quoddam
2553 2113 2606 2141 per

1542 2144 1622 2180 quod
1643 2143 1726 2172 alicui
1747 2143 1837 2172 videri
1858 2150 1956 2180 posset
1979 2142 2164 2172 contrarium.
2185 2160 2205 2165 —-
2229 2144 2272 2172 18.
2296 2144 2438 2172 Probatur
2458 2142 2554 2172 thesis.
2575 2145 2604 2180 a)

1542 2182 1639 2211 Virtus
1660 2182 1782 2211 existens
1803 2183 1833 2211 in
1854 2183 2052 2220 magnitudine
2073 2182 2185 2211 infinita
2208 2184 2293 2211 debet
2314 2184 2450 2212 excedere
2470 2183 2605 2212 virtutem

1542 2222 1692 2251 cuiuslibet
1706 2222 1911 2260 magnitudinis
1932 2222 2045 2259 finitae;
2066 2223 2117 2251 sed
2136 2232 2197 2251 non
2215 2221 2325 2251 excedit
2339 2222 2363 2255 si
2384 2229 2412 2251 et
2432 2222 2495 2260 ipsa
2515 2222 2551 2252 sit
2571 2222 2606 2252 fi-

1541 2261 1616 2298 nita3
1639 2271 1707 2299 ergo
1729 2269 1781 2290 etc.
1803 2262 1970 2291 Declaratur
1991 2262 2102 2291 minor:
2124 2262 2213 2291 virtus
2234 2261 2315 2290 finita
2335 2261 2540 2300 magnitudinis
2560 2262 2605 2293 in-

1541 2301 1640 2330 finitae
1660 2308 1775 2338 oportet
1789 2303 1869 2339 quod
1891 2309 2006 2331 moveat
2019 2309 2151 2339 tempore
2173 2301 2272 2330 finitoz
2294 2301 2451 2339 accipiatur
2465 2311 2534 2340 ergo
2548 2301 2606 2331 alia

1541 2342 1710 2379 magnitudo
1732 2341 1812 2370 finita
1826 2341 1941 2370 alterius
1962 2341 2083 2379 generis,
2102 2341 2184 2370 cuius
2204 2341 2294 2370 virtus
2314 2351 2345 2370 se
2366 2342 2470 2370 habeat
2489 2342 2527 2370 ad
2548 2341 2605 2370 vir·

1540 2387 1631 2409 tutem
1661 2381 1771 2409 finitam
1802 2381 2007 2418 magnitudinis
2035 2381 2163 2409 infinitae
2192 2388 2226 2409 ut
2244 2390 2337 2409 unum
2357 2382 2395 2409 ad
2426 2387 2558 2417 centum3
2580 2381 2605 2410 si

1540 2421 1634 2457 prima
1654 2427 1752 2449 movet
1772 2422 1797 2448 D
1819 2421 1913 2458 spatio
1938 2421 2024 2449 unius
2045 2421 2152 2456 horae,
2174 2421 2300 2449 secunda
2320 2421 2357 2448 ad
2378 2421 2555 2449 movendum
2575 2422 2602 2449 D

1540 2460 1666 2495 insumet
1691 2469 1744 2488 100
1766 2461 1861 2488 horas.
1884 2461 1941 2489 Sed
1962 2459 2132 2498 magnitudo
2153 2459 2234 2488 finita
2253 2466 2349 2497 potest
2369 2459 2556 2497 centuplicari
2574 2466 2604 2489 et

1540 2500 1627 2528 etiarn
1653 2499 1772 2528 ulterius
1792 2500 1905 2536 augeri3
1928 2509 1997 2537 ergo
2018 2499 2079 2529 eius
2099 2499 2188 2528 virtus
2209 2499 2336 2528 movebit
2351 2499 2380 2527 in
2402 2499 2508 2528 minori
2528 2506 2603 2529 tem-

1539 2549 1611 2576 pore
1625 2548 1714 2576 quam
1728 2539 1816 2568 virtus
1830 2539 1952 2568 existens
1967 2539 1997 2567 in
2011 2539 2208 2577 magnitudine
2222 2539 2349 2574 infinita;
2364 2549 2435 2577 ergo
2448 2539 2477 2567 in
2488 2539 2603 2576 quanti·

1539 2585 1597 2607 tate
1608 2579 1719 2607 infinita
1729 2579 1781 2607 erit
1792 2579 1889 2607 minor
1898 2579 1987 2607 virtus
1998 2589 2085 2616 quam
2096 2579 2126 2607 in
2137 2579 2295 2616 quantitate
2304 2578 2415 2607 finita.-
2429 2588 2472 2616 ¹9·
2483 2579 2512 2615 b)
2522 2579 2603 2614 Idem

1538 2619 1678 2655 probatur
1698 2618 1753 2646 alia
1773 2618 1896 2654 ratione,
1910 2628 1984 2656 quae
2005 2623 2066 2648 non
2087 2618 2181 2647 differ‘t
2201 2628 2218 2647 a
2238 2618 2347 2656 prima,
2367 2618 2422 2647 nisi
2444 2618 2512 2656 quia
2532 2627 2604 2648 con-

1539 2657 1628 2686 cludit
1647 2659 1823 2687 assurnendo
1845 2659 2003 2695 potentiam
2033 2658 2144 2686 finitam
2166 2658 2333 2687 existentem
2355 2657 2385 2686 in
2406 2658 2602 2696 magnitudine

1539 2697 1667 2726 eiusdem
1677 2698 1799 2736 generis
1813 2707 1879 2726 cum
1890 2698 2086 2736 magnitudine
2096 2698 2216 2727 infinita.
2226 2715 2246 2720 -
2255 2697 2394 2735 Epilogus
2405 2705 2433 2726 et
2443 2697 2600 2728 conclusio.

1539 2816 1632 2865 palis
1677 2817 1861 2866 propositi
1903 2817 2184 2863 ostensionem;
2228 2817 2395 2854 secundo
2439 2816 2604 2854 ostendit

1538 2869 1744 2918 principale
1777 2870 2037 2919 propositum,
2071 2870 2140 2907 ibi:
2175 2869 2440 2907 Determinatis
2475 2875 2600 2907 autem

1538 2923 1594 2959 his
1611 2924 1630 2943 'ss
1647 2930 1726 2969 etc.,
1741 2923 1851 2960 Circa
1869 2923 2036 2972 primum
2064 2922 2135 2960 tria
2162 2923 2264 2960 facit:
2293 2922 2426 2972 primo>
2438 2921 2602 2960 ostendit

1539 2976 1645 3023 quod
1673 2975 1720 3013 ad
1747 2983 1895 3013 motum
1923 2975 2112 3013 infinitum
2132 2975 2333 3024 requiritur
2359 2974 2527 3024 potentia
2546 2974 2600 3012 in-

1539 3029 1659 3075 finita3
1690 3028 1858 3066 secundo
1879 3029 1983 3078 quod
2011 3028 2178 3078 potentia
2198 3027 2342 3066 infinita
2370 3040 2449 3065 non
2475 3035 2601 3078 potest

1540 3093 1622 3118 esse
1643 3081 1680 3118 in
1700 3081 1957 3130 magnitudine
1977 3081 2094 3127 finita,
2114 3081 2184 3118 ibi:
2209 3081 2318 3123 Quod
2334 3086 2458 3118 autem
2481 3081 2599 3118 omni-

1540 3146 1588 3171 no
1603 3134 1766 3183 infinita
1782 3134 2160 3184 magnitudine*ete.;
2182 3133 2291 3171 tertio
2311 3133 2416 3183 quod
2430 3134 2599 3183 primurn

1539 3195 1730 3224 motorem
1750 3195 1899 3236 oportet
1928 3199 2009 3227 esse
2028 3199 2161 3234 unum,
2182 3187 2247 3236 qui
2271 3193 2427 3232 moveat
2450 3194 2599 3224 motum

1540 3240 1761 3277 continuum
1800 3248 1836 3277 et
1872 3240 2163 3289 sempiternum,
2191 3240 2259 3277 ibi:
2288 3236 2348 3277 De
2383 3240 2440 3277 his
2474 3245 2599 3277 autem

1539 3305 1636 3342 quae
1651 3294 1835 3342 feruntur
1853 3294 1872 3315 *
1892 3301 1961 3330 etc.

1593 3345 1692 3383 Dicit
1720 3358 1808 3394 ergo
1837 3346 1972 3396 primo,
2002 3345 2106 3395 quod
2126 3345 2221 3383 inter
2242 3357 2286 3382 ea
2315 3357 2414 3394 quae
2441 3345 2599 3395 praede-

1539 3398 1776 3436 terminanda
1791 3407 1877 3436 sunt
1891 3406 1976 3436 ante
1991 3398 2196 3448 principale
2212 3398 2462 3448 propositum,
2477 3410 2599 3435 unum

1541 3459 1595 3488 est
1614 3452 1719 3501 quod
1734 3451 1966 3501 impossibile
1982 3459 2038 3489 est
2051 3451 2205 3502 aliquod
2220 3451 2370 3489 finitum
2386 3450 2598 3488 secundum

1538 3504 1761 3553 potentiam,
1791 3516 1951 3542 movere
1979 3516 2047 3553 per
2073 3513 2224 3553 tempus
2252 3504 2453 3541 infinitum.
2483 3503 2599 3550 Quod

1539 3557 1592 3593 sic
1616 3557 1788 3594 ostendit.
1818 3557 1910 3594 Tria
1928 3565 2014 3594 sunt
2032 3557 2070 3594 in
2090 3557 2257 3606 quolibet
2284 3565 2412 3594 motu:
2433 3566 2597 3603 quorum

2627 2935 2703 2958 'Lace
2710 2941 2777 2965 xxm,
2784 2940 2854 2971 mg...
2891 2917 2898 2955 «ἒ

2626 3146 2758 3170 'Narmo-
