2950 4004
253 640 262 648 ⁸
278 639 311 660 ita
326 638 379 661 addi
395 645 414 663 s,
432 638 465 659 sic

252 665 306 686 add.
323 669 367 686 cet.
382 671 423 686 exc
452 671 465 686 Λ

252 697 407 719 ωικατνγρι..

253 744 262 753 ·
277 745 302 765 et
315 750 363 765 om.
378 750 413 765 tc,

251 1589 261 1597 ·
277 1588 375 1616 aliquod
388 1588 439 1610 rab.

255 2173 431 2188 ............

255 2643 451 2663 nnnnnnnnnn

502 292 573 337 164

492 370 615 418 phora
633 369 761 405 locum
782 374 912 404 mutat.
929 368 1040 404 Unde
1060 379 1139 404 non
1159 375 1309 416 oportet
1329 369 1433 417 quod
1451 369 1557 405 locus

493 422 532 458 in
552 433 666 470 quem
685 420 801 467 vadit,
832 420 878 456 sit
895 421 1000 456 locus
1019 419 1134 468 partis
1161 432 1230 468 per
1253 433 1314 466 se;
1344 422 1411 472 sed
1432 422 1556 458 solum

492 475 716 522 inquantum
751 480 806 509 est
838 473 944 509 locus
979 473 1199 520 amphorae.
1241 473 1316 510 Sed
1345 473 1556 511 secundum

493 533 662 563 tenentes
691 525 914 573 opinionem
943 524 990 561 de
1020 525 1154 573 spatio,
1183 525 1352 574 sequitur
1366 526 1477 574 *quod
1497 526 1556 563 ille

493 580 598 615 locus
616 591 685 626 per
704 590 742 614 se
764 576 991 625 respondeat
1009 589 1144 625 aquae,
1161 577 1255 614 sicut
1275 586 1311 615 et
1330 580 1555 627 amphorae3

495 639 530 668 et
558 631 662 679 quod
689 642 758 678 per
778 641 818 666 se
838 629 951 666 etiam
980 630 1210 678 respondeat
1228 631 1368 679 spatio:
1399 638 1435 668 et
1450 633 1470 653 '¹‘
1488 643 1557 680 per

493 696 533 721 se
561 682 754 732 loquendo
783 682 946 731 spatium
975 683 1065 719 illud
1093 683 1312 720 movebitur
1341 690 1376 720 et
1403 685 1558 721 habebit

492 738 633 783 locum,
655 743 691 772 et
710 736 729 756 ³²
750 747 828 772 non
855 735 981 771 solum
1008 746 1077 783 per
1096 735 1283 773 accidens.
1305 736 1355 772 Et
1372 735 1457 773 licet
1476 749 1556 773 cor-

491 802 563 838 pus
593 788 790 825 continens
819 787 1052 836 quandoque
1080 795 1293 834 moveatur,
1321 800 1400 825 non
1427 797 1555 825 tamen

493 841 660 890 sequitur
692 841 904 878 secundum
942 841 1164 888 opinionem
1193 841 1422 888 Aristotelis,
1451 842 1555 890 quod

492 896 598 931 locus
618 901 831 940 moveatur,
849 900 912 929 aut
932 893 1036 941 quod
1059 893 1131 929 loci
1151 893 1197 930 sit
1215 895 1332 930 locus.
1365 894 1556 941 Contingit

493 947 648 996 quidem
678 946 780 983 enim
809 945 963 994 aliquod
996 958 1134 994 corpus
1163 946 1377 993 continens,
1411 946 1450 983 in
1478 959 1555 995 quo

493 1007 548 1036 est
567 999 707 1048 aliquid
730 1006 962 1044 contentum,
988 998 1148 1045 moveri,
1170 999 1265 1035 sicut
1293 1011 1358 1035 aer
1375 999 1438 1035 vel
1458 1011 1556 1048 aqua

492 1060 556 1090 aut
576 1052 723 1100 aliquae
743 1058 867 1099 partes
887 1063 1025 1099 aquae:
1053 1059 1095 1088 ut
1121 1058 1214 1100 puta
1232 1052 1262 1088 si
1277 1052 1296 1073 '¹‘
1315 1051 1424 1088 navis
1444 1059 1499 1088 est
1518 1052 1556 1089 in

491 1105 627 1151 fluvio,
657 1111 782 1153 partes
811 1115 933 1151 aquae
962 1116 1059 1152 quae
1087 1104 1242 1141 inferius
1271 1104 1463 1141 continent
1490 1117 1555 1142 na—

491 1170 582 1194 vem
611 1164 836 1202 moventur;
871 1157 939 1194 sed
967 1164 1096 1194 tamen
1123 1157 1230 1194 locus
1258 1169 1337 1194 non
1364 1165 1554 1194 movetur.

492 1212 541 1247 Et
559 1211 633 1247 hoc
653 1218 707 1246 est
730 1209 835 1258 quod
863 1210 1000 1256 subdit,
1020 1210 1086 1246 sed
1112 1222 1186 1246 non
1215 1210 1251 1247 in
1281 1221 1354 1258 quo
1371 1212 1479 1258 fiunt
1504 1211 1554 1247 lo-

492 1275 547 1309 co,
568 1263 664 1300 idest
682 1263 749 1300 sed
769 1274 848 1298 non
866 1262 956 1300 illud
975 1262 1013 1299 in
1033 1274 1110 1310 quo
1130 1262 1254 1311 aliqua
1282 1263 1378 1299 fiunt
1405 1263 1500 1299 sicut
1517 1263 1555 1300 in

490 1317 588 1363 loco,
609 1323 798 1352 movetur.
815 1316 864 1352 Et
882 1315 1080 1364 quomodo
1099 1316 1175 1352 hoc
1198 1316 1244 1352 sit
1261 1327 1410 1362 verum,
1431 1323 1554 1352 osten-

493 1369 544 1406 dit
571 1381 639 1417 per
665 1369 740 1405 hoc
759 1368 863 1416 quod
892 1368 1029 1414 subdit,
1060 1369 1124 1416 qui
1149 1368 1168 1388 ’¹‘
1197 1374 1252 1404 est
1270 1380 1365 1416 pars
1392 1367 1465 1404 loci
1492 1369 1558 1416 qui

491 1427 546 1458 est
570 1422 672 1458 locus
709 1422 817 1457 totius
853 1421 957 1457 caeli.
989 1421 1095 1457 Licet
1123 1420 1223 1457 enim
1252 1421 1327 1457 hoc
1356 1420 1554 1456 continens

491 1481 692 1511 moveatur
710 1481 823 1522 prout
842 1481 898 1509 est
916 1474 990 1509 hoc
1011 1485 1164 1521 corpus,
1185 1480 1314 1510 tamen
1331 1480 1446 1521 prout
1465 1485 1553 1509 con-

491 1527 676 1564 sideratur
699 1526 910 1563 secundum
940 1526 1113 1562 ordinem
1142 1538 1256 1573 quern
1286 1526 1401 1561 habet
1428 1525 1478 1561 ad
1498 1532 1554 1561 to—

490 1588 571 1616 tum
611 1591 748 1627 corpus
787 1579 879 1615 caeli
916 1591 994 1614 non
1031 1586 1233 1614 movetur:
1276 1590 1366 1614 nam
1404 1578 1505 1614 aliud
1534 1580 1552 1597 ⁹

492 1644 630 1680 corpus
650 1631 755 1680 quod
774 1631 950 1677 succedit,
972 1630 1139 1667 eundem
1165 1630 1340 1667 ordinem
1358 1630 1420 1667 vel
1441 1630 1552 1667 situm

490 1686 604 1722 habet
622 1697 691 1732 per
711 1683 1036 1732 comparationem
1052 1684 1099 1720 ad
1114 1691 1235 1720 totum
1257 1684 1416 1731 caelum,
1438 1695 1553 1732 quem

491 1737 622 1775 habuit
642 1749 779 1785 corpus
799 1736 904 1784 quod
922 1736 1026 1785 prius
1047 1736 1253 1773 effluxerat.
1284 1737 1370 1772 Hoc
1391 1743 1445 1772 est
1465 1748 1553 1783 ergo

492 1790 597 1840 quod
626 1789 732 1836 dicit,
767 1789 873 1838 quod
900 1789 986 1825 licet
1018 1801 1116 1837 aqua
1143 1790 1205 1825 vel
1238 1801 1303 1825 aer
1330 1795 1552 1835 moveatur,

491 1855 570 1880 non
590 1850 719 1879 tamen
746 1849 925 1879 movetur
952 1842 1058 1878 locus
1085 1849 1199 1889 prout
1228 1841 1487 1878 consideratur
1513 1849 1555 1878 ut

491 1908 579 1945 pars
608 1895 798 1944 quaedam
828 1894 900 1931 loci
928 1894 1041 1930 totius
1071 1894 1175 1942 caeli,
1205 1895 1350 1931 habens
1380 1894 1555 1931 determi—

493 1956 625 1985 natum
654 1955 767 1984 situm
796 1959 834 1983 1n
861 1959 1054 1984 universo.

553 2013 608 2038 10.
630 1999 778 2037 Deinde
808 2011 896 2036 cum
925 1999 1033 2036 dicit:
1052 2000 1103 2035 Et
1128 1999 1287 2035 materia
1315 2000 1428 2036 etiam
1455 2000 1554 2036 vide-

493 2059 554 2089 tur
578 2061 659 2100 etc.,
679 2052 920 2102 prosequitur
944 2052 990 2089 de
1014 2051 1183 2088 materia.
1209 2053 1258 2088 Et
1280 2051 1405 2100 primo
1431 2059 1554 2089 osten-

367 2120 423 2161 ⁷⁶³5
447 2113 466 2161 1¹5
495 2106 547 2143 dit
575 2118 691 2155 quare
720 2105 877 2142 materia
904 2104 1055 2142 videtur
1075 2105 1095 2126 ²⁸
1123 2117 1205 2141 esse
1233 2105 1354 2150 locus;
1384 2105 1553 2141 secundo

494 2159 657 2196 ostendit
685 2158 788 2207 quod
820 2170 899 2194 non
936 2157 982 2194 sit
1017 2158 1142 2204 locus,
1181 2157 1254 2194 ibi:
1292 2157 1367 2193 Sed
1396 2159 1555 2194 materia

494 2212 641 2260 quidem
665 2213 685 2231 ¹⁶
710 2218 778 2248 etc.
808 2210 907 2247 Dicit
935 2222 1023 2257 ergo
1043 2210 1168 2259 primo
1189 2210 1294 2259 quod
1322 2210 1479 2246 materia
1499 2211 1554 2247 vi-

495 2265 604 2302 detur
631 2276 713 2301 esse
741 2265 867 2310 locus,
902 2263 932 2299 si
960 2263 1092 2311 aliquis
1127 2262 1340 2299 consideret
1367 2270 1554 2300 transmu—

493 2317 675 2354 tationem
704 2328 909 2364 corporum
937 2316 1222 2352 succedentium
1252 2315 1321 2351 sibi
1349 2316 1387 2352 in
1417 2315 1553 2352 eodem

493 2371 592 2418 loco,
613 2370 651 2406 in
670 2370 795 2418 aliquo
814 2381 893 2405 uno
914 2368 1082 2405 subiecto
1102 2368 1318 2417 quiescente
1342 2369 1553 2405 secundum

493 2424 638 2469 locum;
669 2430 706 2459 et
732 2434 810 2459 non
837 2422 1020 2458 habeatur
1051 2429 1243 2470 respectus
1272 2422 1319 2458 ad
1346 2422 1422 2458 hoc
1450 2421 1554 2470 quod

493 2477 598 2512 locus
627 2483 682 2511 est
710 2482 923 2524 separatus,
962 2474 1029 2511 sed
1064 2474 1276 2511 attendatur
1307 2474 1553 2510 solummodo

493 2528 753 2565 transmutatio
769 2528 807 2564 in
821 2527 947 2575 aliquo
966 2539 1045 2563 uno
1063 2527 1254 2564 continuo.
1271 2526 1437 2575 Aliquod
1453 2526 1554 2563 enim

495 2594 633 2630 corpus
662 2581 884 2618 continuum
909 2587 944 2616 et
968 2580 1138 2629 quietum
1172 2580 1384 2616 secundum
1413 2580 1553 2626 locum,

495 2647 583 2671 curn
608 2635 792 2680 alteratur,
812 2645 933 2669 unum
954 2640 990 2669 et
1008 2633 1111 2670 idem
1131 2645 1293 2669 numero
1311 2633 1332 2653 *
1350 2644 1451 2668 nunc
1475 2631 1555 2680 qui-

496 2688 584 2724 dem
606 2695 660 2724 est
679 2688 821 2733 album,
851 2698 953 2722 nunc
976 2693 1103 2722 autem
1132 2685 1293 2732 nigrum,
1324 2692 1360 2721 et
1379 2696 1480 2721 nunc
1501 2691 1555 2720 est

497 2740 634 2777 durum
656 2748 692 2776 et
710 2740 813 2788 prius
833 2739 959 2775 molle.
980 2739 1029 2774 Et
1046 2745 1203 2786 propter
1230 2737 1339 2774 istam
1367 2744 1554 2774 transmu-

496 2793 678 2830 tationem
693 2793 903 2829 formarum
919 2791 1016 2827 circa
1031 2790 1256 2836 subiectum,
1274 2789 1434 2826 dicimus
1450 2790 1555 2838 quod

497 2845 655 2882 materia
675 2853 729 2881 est
748 2844 900 2893 aliquid,
922 2855 1020 2891 quae
1049 2850 1178 2879 manet
1204 2854 1293 2889 una,
1324 2843 1419 2879 facta
1438 2849 1554 2879 trans-

497 2898 704 2934 mutatione
725 2896 937 2934 secundum
957 2896 1132 2932 formam.
1154 2896 1203 2932 Et
1221 2907 1290 2943 per
1308 2896 1421 2932 talem
1442 2895 1554 2932 etiarn

497 2950 756 2999 apparentiam
775 2949 925 2986 videtur
943 2949 1048 2985 locus
1069 2960 1151 2985 esse
1171 2948 1325 2996 aliquid:
1347 2948 1435 2997 quia
1455 2948 1493 2984 in
1508 2960 1554 2984 eo

496 3010 743 3051 permanente
772 3001 981 3038 succedunt
1005 3001 1074 3037 sibi
1096 3001 1244 3038 diversa
1273 3013 1445 3049 corpora.
1478 3001 1556 3037 Sed

497 3064 625 3092 tamen
658 3055 730 3092 alio
764 3054 882 3091 modo
921 3054 1101 3102 loquendi
1133 3053 1275 3090 utimur
1306 3054 1344 3090 in
1380 3060 1553 3102 utroque.

498 3109 601 3145 Nam
630 3108 679 3145 ad
699 3106 974 3155 designandum
1003 3106 1201 3143 materiam
1230 3107 1291 3143 vel
1321 3106 1554 3153 subiectum,

499 3161 659 3198 dicimus
688 3160 791 3209 quod
821 3160 859 3196 id
885 3159 985 3208 quod
1011 3171 1110 3196 nunc
1129 3165 1182 3195 est
1199 3171 1316 3207 aqua,
1340 3159 1449 3207 prius
1476 3164 1558 3195 erat

457 3225 470 3239 Ε
497 3226 585 3251 aer.-
610 3213 658 3250 ad
679 3212 954 3261 designandum
975 3220 1103 3248 autem
1122 3211 1304 3248 unitatem
1318 3213 1336 3233 ‘l‘
1357 3211 1445 3258 loci,
1468 3211 1555 3248 dici-

498 3279 583 3304 mus
604 3267 708 3315 quod
728 3266 792 3303 ubi
814 3277 913 3302 nunc
927 3270 981 3301 est
996 3276 1108 3313 aqua,
1126 3265 1177 3301 ibi
1191 3266 1211 3286 *¹
1224 3265 1332 3314 prius
1351 3270 1434 3301 erat
1450 3276 1527 3301 aer.

557 3332 613 3356 11.
643 3319 791 3356 Deinde
826 3330 913 3355 cum
947 3317 1054 3354 dicit:
1088 3317 1162 3354 Sed
1192 3317 1350 3354 materia
1383 3317 1555 3365 quidem,

497 3372 591 3408 sicut
617 3372 753 3408 dictum
781 3377 835 3408 est
861 3378 947 3418 etc.,
978 3370 1140 3408 ostendit
1167 3370 1270 3419 quod
1295 3370 1451 3407 materia
1480 3382 1556 3407 non

411 3439 424 3453 n
465 3448 470 3453 -
499 3424 544 3460 sit
567 3425 692 3461 locus:
723 3424 810 3473 quia
838 3423 933 3461 sicut
960 3436 1074 3472 supra
1095 3424 1114 3445 *
1142 3422 1284 3460 dictum
1314 3430 1378 3469 est,
1400 3422 1556 3459 materia

499 3488 577 3512 non
603 3484 656 3512 est
678 3476 797 3514 divisa
816 3489 838 3514 a
857 3489 897 3513 re
919 3477 1024 3513 cuius
1052 3484 1107 3513 est
1134 3475 1302 3523 materia,
1323 3487 1447 3524 neque
1468 3487 1556 3512 con-

499 3528 590 3564 tinet
609 3541 714 3565 eam:
745 3542 908 3577 quorum
928 3537 1131 3577 utrumque
1156 3528 1336 3578 competit
1363 3529 1459 3565 loco.
1482 3529 1555 3565 Lo-

501 3593 566 3617 cus
594 3588 702 3628 igitur
730 3594 806 3618 non
836 3589 890 3618 est
917 3582 1083 3619 materia.

1140 289 1485 327 PHYSICORUM
1511 290 1859 328 ARISTOTELIS
1889 292 1982 329 LIB.
2014 293 2065 328 IV

1673 381 1729 406 12.
1759 369 1908 406 Deinde
1937 382 2025 406 cum
2059 370 2163 407 dicit:
2202 371 2244 407 Si
2269 371 2385 420 igitur
2416 371 2507 408 nihil
2537 372 2673 409 horum

1612 422 1724 458 trium
1763 430 1853 469 etc.,
1891 422 2046 459 remotis
2083 422 2201 460 tribus
2237 423 2444 470 membris,
2484 425 2674 462 concludit

1613 482 1801 522 quartum,
1837 476 1885 512 Et
1914 474 2002 512 dicit
2028 475 2132 523 quod
2166 475 2254 524 quia
2281 475 2387 512 locus
2420 487 2499 514 non
2527 484 2582 514 est
2609 477 2673 514 ali-

1612 527 1718 574 quod
1745 527 1870 573 trium‚
1900 527 1995 565 idest
2022 539 2146 576 neque
2175 528 2315 574 forma,
2344 539 2470 577 neque
2497 529 2670 577 materia,

1612 591 1736 627 neque
1765 580 1927 628 aliquod
1946 580 2109 628 spatium
2138 581 2241 629 quod
2270 580 2316 617 sit
2343 581 2503 618 alterum
2525 589 2674 630 praeter

1613 631 1805 669 distantias
1833 632 1886 669 rei
1914 633 2071 680 locatae,
2100 645 2257 670 necesse
2286 640 2342 669 est
2368 633 2474 681 quod
2501 634 2608 670 locus
2628 635 2674 672 sit

1612 684 1798 732 reliquum
1830 685 1876 722 de
1906 693 2068 734 quatuor
2095 697 2209 734 supra
2233 687 2253 708 ³⁸
2281 685 2505 733 nominatis,
2535 686 2674 724 scilicet
2701 697 2712 709 ·

1612 737 1718 784 quod
1746 737 1792 773 sit
1818 738 1997 775 terminus
2021 738 2189 787 corporis
2216 738 2443 776 continentis.
2473 739 2523 775 Et
2541 750 2589 776 ne
2608 738 2673 776 ali-

1613 789 1694 837 quis
1714 789 1891 837 intelligat
1910 798 2129 827 contentum
2148 792 2211 827 vel
2231 792 2397 828 locatum
2422 803 2504 828 esse
2520 791 2674 840 aliquod

1612 841 1775 889 spatium
1803 842 1995 890 medium,
2025 843 2226 891 subiungit,
2251 844 2357 892 quod
2373 844 2391 864 ’¹⁸
2412 855 2550 892 corpus
2583 856 2672 881 con·
2701 853 2712 865 ⁸

1611 901 1757 931 tentum
1785 894 1919 932 dicitur
1946 895 2047 942 illud,
2069 896 2173 945 quod
2198 904 2252 933 est
2279 904 2411 934 natum
2439 896 2588 934 moveri
2616 909 2673 934 se-

1612 946 1781 983 cundum
1809 947 1882 983 loci
1910 948 2172 986 mutationem.
2235 955 2237 958 ’

1671 999 1727 1036 13.
1757 999 1904 1037 Deinde
1925 1012 2014 1038 cum
2034 1001 2140 1038 dicit:
2172 1001 2323 1038 Videtur
2342 1007 2466 1038 autem
2486 1013 2671 1050 magnum

1611 1051 1754 1100 aliquid
1781 1059 1871 1099 etc.,
1907 1052 2104 1101 investigat
2133 1053 2383 1090 differentiam
2411 1053 2504 1100 loci,
2535 1053 2673 1091 scilicet

1611 1105 1716 1152 quod
1736 1105 1782 1141 sit
1801 1105 2019 1142 immobilis.
2041 1107 2090 1142 Et
2109 1106 2206 1142 circa
2224 1106 2299 1142 hoc
2319 1106 2396 1142 duo
2421 1105 2522 1142 facit:
2546 1105 2672 1154 primo

1611 1157 1773 1194 ostendit
1792 1158 1896 1206 quod
1925 1169 1970 1194 ex
1997 1158 2070 1194 hac
2097 1157 2308 1194 differentia
2335 1170 2414 1194 non
2438 1157 2564 1194 debite
2584 1169 2673 1194 con-

1611 1209 1771 1246 siderata
1790 1210 1989 1246 insurrexit
2007 1210 2163 1259 quidam
2193 1221 2297 1246 error
2321 1210 2419 1246 circa
2437 1211 2587 1256 locum;
2616 1221 2673 1246 se·-

1612 1262 1737 1299 cundo
1767 1262 1931 1299 ostendit
1958 1262 2156 1311 quomodo
2190 1262 2236 1298 sit
2263 1262 2501 1310 intelligenda
2534 1262 2672 1299 immo—

1611 1314 1731 1351 bilitas
1763 1315 1856 1362 loci,
1875 1315 1963 1353 .ibi:
1990 1316 2060 1352 Est
2084 1321 2210 1351 autem
2235 1315 2331 1351 sicut
2351 1327 2419 1352 vas
2436 1316 2456 1336 *
2475 1323 2544 1352 etc.
2574 1314 2674 1352 Dicit

1611 1378 1700 1414 ergo
1724 1367 1861 1415 primo,
1892 1367 1997 1416 quod
2015 1367 2166 1404 videtur
2184 1379 2366 1415 magnum
2386 1367 2528 1416 aliquid
2547 1375 2584 1404 et
2604 1367 2672 1404 dif-

1609 1419 1707 1455 ficile
1735 1419 1906 1468 accipere
1939 1419 2030 1469 quid
2062 1419 2107 1456 sit
2138 1421 2265 1467 locus;
2302 1428 2384 1457 tum
2415 1427 2571 1469 propter
2597 1420 2673 1457 hoc

1610 1471 1714 1520 quod
1734 1472 1962 1520 quibusdam
1991 1472 2150 1520 videtur,
2181 1473 2284 1521 quod
2312 1473 2418 1510 locus
2446 1473 2492 1510 sit
2515 1472 2672 1511 materia

1608 1525 1671 1561 vel
1694 1524 1829 1571 forma,
1860 1537 1958 1573 quae
1986 1526 2129 1563 habent
2155 1525 2374 1562 altissimam
2403 1525 2672 1562 consideratio·

1609 1589 1711 1624 nem,
1731 1585 1773 1614 ut
1792 1590 1906 1626 supra
1922 1579 1942 1599 *
1956 1578 2099 1615 dictum
2118 1585 2185 1624 est3
2205 1585 2287 1615 tum
2305 1585 2460 1627 propter
2477 1579 2553 1615 hoc
2567 1578 2672 1627 quod

1609 1630 1768 1667 mutatio
1789 1630 1869 1667 eius
1889 1631 1994 1679 quod
2021 1631 2137 1668 fertur
2163 1631 2375 1668 secundum
2403 1631 2544 1678 locum,
2571 1631 2616 1669 fit
2632 1630 2672 1668 in

1610 1683 1779 1731 quodam
1799 1683 2013 1731 quiescente
2030 1691 2067 1720 et
2085 1684 2311 1721 continente.
2333 1684 2433 1721 Cum
2452 1684 2563 1732 igitur
2580 1683 2671 1721 nihil

1609 1735 1783 1772 videatur
1803 1747 1884 1773 esse
1905 1736 2101 1773 continens
2121 1744 2158 1773 et
2180 1737 2376 1774 immobile
2403 1736 2474 1773 nisi
2493 1736 2669 1785 spatium,

1608 1788 1759 1826 videtur
1786 1788 2002 1836 contingere
2031 1789 2136 1838 quod
2163 1790 2270 1826 locus
2298 1789 2343 1826 sit
2371 1789 2568 1838 quoddam
2587 1801 2672 1838 spa-

1609 1841 1703 1877 tium
1719 1841 1901 1889 medium,
1914 1842 2019 1890 quod
2033 1842 2079 1878 sit
2093 1841 2195 1878 aliud
2205 1854 2228 1878 a
2242 1842 2562 1890 magnitudinibus
2571 1853 2670 1891 quae

1609 1902 1815 1931 moventur
1841 1894 2053 1931 secundum
2082 1895 2222 1931 locum.
2252 1895 2301 1931 Et
2333 1894 2382 1931 ad
2410 1894 2669 1940 credulitatem

1609 1946 1720 1983 huius
1740 1946 1929 1995 opinionis
1949 1948 2111 1984 multum
2130 1947 2291 1995 proficit,
2313 1946 2418 1996 quod
2437 1959 2502 1983 aer
2519 1946 2670 1984 videtur

1610 2011 1692 2036 esse
1711 1999 1973 2048 incorporeus:
1994 2000 2083 2048 quia
2110 1999 2176 2036 ubi
2205 2007 2260 2036 est
2286 2011 2361 2046 aer,
2386 1999 2536 2036 videtur
2563 1999 2668 2048 quod

1609 2064 1687 2088 non
1715 2052 1762 2088 sit
1789 2064 1942 2101 corpus,
1972 2052 2040 2089 sed
2068 2052 2264 2101 quoddam
2294 2052 2457 2100 spatium
2484 2064 2664 2090 vacuum.

1610 2105 1659 2141 Et
1681 2104 1733 2141 sic
1752 2105 1902 2142 videtur
1929 2106 2034 2142 locus
2054 2117 2132 2141 non
2151 2106 2276 2142 solum
2297 2117 2378 2142 esse
2397 2104 2580 2142 terminus
2601 2116 2668 2143 va·

1609 2157 1674 2204 sis,
1705 2157 1772 2193 sed
1801 2157 1997 2206 quoddam
2025 2157 2213 2204 medium,
2242 2165 2424 2206 tanquam
2452 2169 2632 2194 vacuum.

1668 2222 1724 2256 14.
1754 2210 1903 2246 Deinde
1924 2222 2011 2246 cum
2033 2209 2139 2246 dicit:
2160 2211 2229 2247 Est
2245 2216 2370 2247 autem
2387 2210 2483 2246 sicut
2498 2221 2566 2247 vas
2585 2217 2668 2258 etc.,

1609 2262 1772 2299 ostendit
1786 2263 1983 2311 quomodo
2003 2262 2242 2310 intelligenda
2261 2263 2306 2300 sit
2324 2262 2568 2300 immobilitas
2582 2262 2679 2310 loci,¹

1607 2323 1650 2351 ut
1669 2315 1886 2352 excludatur
1905 2315 2034 2363 opinio
2053 2316 2245 2364 praedicta
2260 2317 2292 2352 ’ἢ
2313 2317 2363 2352 Et
2381 2315 2468 2352 dicit
2482 2315 2586 2364 quod
2599 2326 2669 2352 vas

1610 2375 1646 2404 et
1663 2368 1770 2404 locus
1788 2368 1826 2404 in
1845 2368 1927 2404 hoc
1949 2368 2099 2405 differre
2122 2368 2310 2414 videntur,
2340 2368 2446 2417 quod
2462 2380 2532 2405 vas
2550 2375 2668 2406 trans-

1608 2427 1785 2466 mutatur,
1815 2421 1920 2457 locus
1940 2428 2067 2457 autem
2095 2433 2186 2457 non.
2216 2420 2326 2458 Unde
2346 2421 2440 2457 sicut
2457 2433 2527 2458 vas
2544 2428 2670 2469 potest

1609 2473 1680 2510 dici
1700 2474 1806 2509 locus
1833 2473 2137 2520 transmutabilis,
2166 2473 2216 2510 ita
2235 2474 2342 2510 locus
2359 2480 2484 2522 potest
2509 2473 2581 2510 dici
2598 2484 2669 2511 vas

1607 2525 1816 2562 immobile.
1838 2527 1887 2562 Et
1904 2526 2003 2572 ideo,
2021 2538 2109 2562 cum
2129 2525 2269 2574 aliquid
2289 2534 2466 2563 movetur
2484 2526 2522 2563 in
2541 2525 2668 2575 aliquo

1609 2591 1768 2627 corpore
1797 2579 1901 2626 quod
1931 2586 2127 2626 movetur,
2161 2579 2256 2615 sicut
2283 2579 2392 2616 navis
2419 2579 2458 2616 in
2486 2578 2666 2626 flumine,

1606 2631 1722 2668 utitur
1740 2631 1810 2667 isto
1830 2631 1868 2667 in
1887 2643 1964 2679 quo
1984 2639 2162 2668 movetur
2180 2631 2299 2679 magis
2314 2631 2409 2668 sicut
2426 2644 2530 2679 vase,
2551 2643 2669 2681 quam

1607 2684 1703 2721 sieut
1730 2685 1815 2720 loco
1850 2684 2083 2721 continente:
2121 2684 2209 2733 quia
2242 2685 2348 2721 locus
2381 2685 2462 2722 vult
2491 2696 2569 2722 esse
2600 2685 2668 2722 im-

1608 2737 1765 2783 mobilis,
1781 2736 1876 2773 idest
1895 2737 1943 2774 de
1962 2737 2168 2785 aptitudine
2189 2744 2226 2774 et
2244 2745 2377 2774 natura
2397 2737 2469 2774 loci
2490 2745 2546 2775 est
2563 2737 2670 2787 quod

1608 2789 1654 2826 sit
1681 2789 1907 2835 immobilis3
1943 2798 1978 2826 et
2005 2798 2158 2839 propter
2185 2791 2261 2826 hoc
2293 2790 2413 2838 magis
2444 2797 2569 2839 potest
2596 2789 2670 2828 dici

1608 2843 1713 2891 quod
1732 2850 1832 2879 totus
1851 2842 1991 2879 fluvius
2020 2843 2066 2880 sit
2093 2844 2198 2879 locus
2222 2843 2342 2890 navis,
2373 2843 2460 2892 quia
2479 2850 2579 2880 totus
2597 2843 2668 2880 flu-

1607 2895 1693 2932 vius
1713 2903 1768 2932 est
1782 2895 2000 2932 immobilis.
2023 2895 2085 2932 Sic
2104 2895 2214 2944 igitur
2231 2896 2372 2934 fluvius
2391 2903 2492 2932 totus
2510 2895 2669 2944 inquan-

1608 2955 1690 2984 tum
1720 2955 1774 2984 est
1806 2948 2033 2994 immobilis,
2073 2957 2129 2985 est
2161 2949 2267 2985 locus
2301 2948 2528 2985 communis.
2567 2948 2668 2985 Cum

1609 3008 1736 3038 autem
1765 3001 1871 3037 locus
1903 3001 2079 3050 proprius
2117 3001 2162 3037 sit
2193 3013 2280 3049 pars
2317 3001 2390 3038 loci
2427 3000 2668 3048 communis,

1609 3059 1758 3101 oportet
1785 3053 1956 3101 accipere
1984 3053 2182 3102 proprium
2211 3054 2339 3090 locum
2368 3053 2475 3090 navis
2503 3053 2542 3090 in
2570 3065 2670 3102 aqua

1608 3105 1788 3153 fluminis,
1814 3106 2037 3154 inquantum
2061 3107 2174 3143 habet
2199 3106 2374 3143 ordinem
2389 3106 2438 3143 ad
2457 3114 2578 3143 totum
2598 3106 2668 3143 flu-

1608 3159 1716 3196 vium
1736 3166 1776 3194 ut
1796 3166 1850 3195 est
1877 3158 2094 3195 immobilis.
2124 3159 2192 3195 Est
2219 3159 2328 3206 igitur
2351 3159 2521 3207 accipere
2540 3160 2668 3196 locum

1610 3211 1717 3248 navis
1737 3211 1774 3247 in
1794 3223 1893 3259 aqua
1912 3211 2065 3258 fluente,
2082 3224 2159 3248 non
2179 3211 2390 3248 secundum
2410 3213 2508 3248 hanc
2528 3224 2668 3261 aquam

1611 3276 1708 3314 quae
1728 3263 1821 3311 fluit,
1841 3264 1909 3301 sed
1928 3264 2140 3301 seeundum
2156 3264 2330 3301 ordinem
2344 3265 2406 3301 vel
2422 3265 2535 3301 situm
2552 3276 2668 3314 quem

1610 3317 1724 3354 habet
1751 3317 1845 3354 haec
1873 3329 1972 3366 aqua
1999 3317 2122 3354 fluens
2154 3316 2203 3354 ad
2236 3325 2358 3354 totum
2392 3317 2576 3355 fluvium:
2605 3316 2669 3367 qui

1611 3369 1766 3419 quidem
1787 3369 1882 3406 ordo
1901 3370 1963 3406 vel
1984 3370 2074 3406 situs
2093 3370 2195 3407 idem
2215 3378 2387 3407 remanet
2410 3371 2448 3407 in
2468 3382 2566 3420 aqua
2586 3382 2668 3407 suc-

1613 3423 1780 3460 cedente.
1810 3423 1859 3459 Et
1885 3422 1972 3459 ideo
2001 3423 2086 3460 licet
2112 3435 2211 3472 aqua
2239 3423 2479 3460 materialiter
2505 3430 2667 3472 praeter-

1610 3476 1713 3521 fluat,
1735 3483 1864 3512 tamen
1882 3476 2093 3513 secundum
2114 3476 2217 3525 quod
2245 3477 2359 3513 habet
2378 3476 2562 3513 rationem
2582 3474 2665 3522 loci,

1610 3536 1723 3577 prout
1751 3528 1889 3565 scilicet
1917 3528 2176 3566 consideratur
2206 3528 2244 3565 in
2273 3529 2334 3566 tali
2368 3527 2498 3566 ordine
2532 3535 2568 3565 et
2595 3527 2666 3565 situ

1612 3582 1659 3619 ad
1686 3589 1807 3618 totum
1835 3581 2009 3629 fluvium,
2039 3593 2116 3618 non
2145 3588 2321 3618 mutatur.

2726 697 2796 719 Num.
2811 703 2830 719 2.

2726 855 2750 875 et
2761 860 2783 875 P.

2701 1321 2710 1329 ·
2725 1318 2797 1342 Num.
2810 1325 2860 1348 neq.

2699 1581 2709 1590 ·
2723 1581 2786 1604 Lect.
2801 1587 2835 1610 m,
2849 1588 2873 1604 n.
2887 1589 2908 1610 7.

2696 2320 2706 2329 ‘
2719 2320 2790 2343 Num.
2804 2326 2880 2349 praec.

2919 3788 2935 3807 f,
