2950 4004
259 518 271 528 ¹·
285 517 319 538 ad
331 523 370 544 mv,
389 522 437 538 om.
454 522 469 538 a

261 547 282 565 et
299 547 342 565 cet.
362 549 410 565 exc.
429 548 471 564 cun

258 944 270 954 ‘⁶
284 942 419 971 interpositi
433 948 470 964 111.

257 997 269 1008 ¹*
290 997 351 1018 inter
367 996 424 1018 osili
440 1001 469 1017 pa

258 1026 280 1044 et
295 1022 337 1044 cod
357 1039 362 1044 .
377 1029 426 1044 exc.
441 1028 470 1043 1³1:

259 1055 372 1070 foul-mu.

258 1102 270 1113 ⁴
285 1101 419 1129 interpositi
431 1107 470 1123 1111.

261 1133 380 1155 ατχηπᾼεε
394 1131 415 1149 61
429 1133 453 1149 α.

259 2746 268 2754 ·
284 2751 312 2766 ne
328 2751 357 2766 ue
377 2751 425 2767 om.
439 2751 468 2767 vn

257 2775 308 2793 cta
332 2788 338 2793 .

507 287 576 323 190

1128 275 1473 313 PHYSICORUM
1500 276 1847 314 ARISTOTELIS
1876 277 1970 315 LIB.
2000 278 2052 315 IV

499 355 603 403 quod
633 367 787 404 corpus,
809 355 913 404 quod
941 362 1072 391 natum
1098 362 1154 391 est
1171 354 1411 391 transmutari
1429 355 1467 392 in
1495 355 1559 392 ali-
1614 355 1740 392 siones
1760 356 1928 404 corporis
1957 356 2094 404 cubici,
2115 356 2164 394 ad
2188 356 2314 394 minus
2332 358 2542 396 secundum
2562 359 2672 396 ratio-

499 420 615 457 quam
633 415 793 457 partem,
814 419 969 444 necesse
989 415 1044 444 est
1063 407 1178 455 quod,
1196 407 1265 444 nisi
1284 414 1408 456 partes
1424 408 1558 445 cohae-

499 469 606 497 reant
641 473 710 509 per
747 459 1082 497 condensationem
1133 466 1196 496 aut
1246 459 1558 498 subintrationem

496 513 660 562 partium
693 513 732 550 in
770 514 790 534 ⁸⁸
818 512 1002 559 invicem,
1033 511 1138 560 quod
1171 519 1460 551 transmutetur:
1497 514 1558 551 vel

498 567 709 603 secundum
731 565 986 603 conditionem
1016 564 1184 613 corporis
1204 565 1370 603 cedentis
1388 566 1558 616 (quando

497 619 611 655 habet
631 618 771 655 exitum
790 618 983 665 liberum),
999 624 1129 667 utpote
1149 618 1254 667 quod
1274 631 1411 668 corpus
1430 631 1556 668 grave,

496 679 538 708 ut
555 679 664 720 terra,
686 671 795 709 cedat
821 672 1013 719 deorsum,
1034 678 1071 708 et
1099 684 1236 720 corpus
1259 672 1355 719 leve,
1382 679 1425 709 ut
1451 672 1558 720 ignis,

498 724 606 761 cedat
634 737 805 773 sursum,
836 732 872 761 et
910 737 1047 773 corpus
1076 726 1180 772 quod
1209 732 1264 761 est
1292 732 1466 774 respectu
1494 725 1558 762 ali-

499 777 604 814 cuius
635 790 750 825 grave
780 784 815 814 et
847 784 1045 836 respectu
1054 777 1208 814 alicuius
1243 778 1342 825 leve,
1383 778 1491 815 cedat
1518 778 1557 815 in

496 837 697 879 utramque
733 837 898 880 partem,
928 830 1022 866 sicut
1059 842 1123 866 aer
1151 837 1188 866 et
1215 842 1334 879 aqua:
1362 831 1424 868 vel
1441 830 1558 890 quod

498 895 647 955 corpus
657 883 764 920 cedat
783 883 993 920 secundum
1023 882 1280 920 conditionem
1301 883 1470 932 corporis
1488 883 1558 920 im-

495 935 647 984 positi*
650 965 659 983 ,
681 936 835 995 quando
860 935 999 973 scilicet
1019 947 1156 984 corpus
1185 935 1324 973 cedens
1348 943 1558 974 coarctatur

498 1001 519 1025 a
548 1000 708 1037 corpore
741 988 918 1038 imposito
946 989 977 1035 ²¹⁶,
1005 995 1048 1024 ut
1075 1000 1153 1025 non
1180 988 1299 1037 possit
1326 989 1474 1027 moveri
1501 1002 1557 1026 se—

498 1042 666 1079 cundum
686 1053 794 1078 suam
829 1040 1072 1089 exigentiam,
1093 1041 1160 1078 sed
1179 1041 1390 1079 secundum
1411 1042 1558 1091 exigen-

497 1093 587 1130 tiam
616 1093 784 1142 corporis
808 1093 973 1142 impositi
994 1095 1025 1130 *.
1046 1093 1315 1131 Universaliter
1337 1102 1465 1132 tamen
1483 1096 1558 1132 hoc

495 1154 632 1183 verum
662 1154 735 1194 est,
772 1147 875 1196 quod
909 1153 1057 1195 oportet
1085 1158 1222 1196 corpus
1243 1147 1376 1185 cedere
1395 1147 1434 1185 in
1453 1148 1558 1197 quod

496 1200 655 1236 alterum
680 1211 817 1248 corpus
840 1199 1051 1237 immittitur
1069 1198 1098 1247 ¹³,
1122 1212 1170 1236 ne
1196 1199 1269 1237 sint
1297 1201 1373 1238 duo
1398 1213 1558 1250 corpora

496 1252 619 1289 simul.

550 1305 627 1342 Sed
653 1306 728 1342 1106
747 1318 826 1343 11011
844 1313 969 1355 potest
997 1305 1068 1344 dici
1097 1306 1144 1343 de
1167 1318 1304 1354 vacuo,
1327 1307 1431 1354 quod
1450 1306 1558 1343 cedat

497 1358 646 1408 corpori
673 1358 866 1396 immisso:
896 1359 984 1408 quia
1018 1371 1186 1396 vacuum
1214 1371 1293 1395 non
1317 1366 1372 1395 est
1404 1358 1557 1407 aliquod

497 1423 651 1460 corpus3
681 1424 797 1448 omne
825 1419 952 1449 autern
977 1412 1082 1460 quod
1109 1419 1286 1449 movetur
1313 1423 1557 1460 quocumque

496 1464 637 1512 modo,
668 1472 722 1501 est
755 1477 903 1513 corpus.
943 1464 1019 1501 Sed
1057 1464 1087 1500 si
1125 1464 1170 1501 sit
1206 1464 1360 1512 aliquod
1393 1465 1557 1512 spatium

494 1529 683 1564 vacuum,
714 1524 750 1553 et
778 1517 931 1566 aliquod
969 1529 1106 1565 corpus
1139 1516 1359 1553 immittatur
1396 1517 1435 1553 in
1468 1517 1557 1554 illud

496 1570 670 1619 spatium,
693 1577 841 1618 oportet
859 1570 964 1618 quod
994 1582 1130 1618 corpus
1154 1569 1374 1618 impositum
1395 1577 1558 1607 transeat

495 1635 564 1672 per
596 1623 688 1659 illud
721 1623 898 1671 spatium,
928 1622 1033 1671 quod
1059 1621 1164 1670 prius
1193 1629 1272 1659 erat
1289 1634 1468 1671 vacuum,
1489 1623 1558 1660 sci-

495 1676 578 1712 licet
606 1675 717 1712 simul
752 1687 839 1712 cum
869 1687 915 1711 eo
952 1675 1127 1721 existens;
1161 1674 1256 1712 sicut
1288 1675 1319 1712 si
1352 1687 1452 1724 aqua
1479 1688 1558 1713 non

496 1729 645 1766 cederet
667 1728 790 1776 ligneo
820 1728 918 1764 cubo
947 1740 1071 1777 neque
1101 1740 1176 1774 aer,
1207 1728 1275 1765 sed
1301 1728 1371 1765 ista
1398 1741 1558 1778 corpora

494 1781 692 1818 transirent
714 1793 782 1830 per
800 1781 926 1829 ipsum
947 1793 1083 1830 corpus
1103 1781 1268 1829 ligneum
1294 1781 1483 1830 cubicum,
1509 1781 1558 1819 ita

496 1835 600 1883 quod
620 1847 684 1871 aer
703 1841 740 1871 et
767 1846 867 1883 aqua
891 1833 1141 1871 subintrarent
1168 1834 1294 1882 ipsum
1328 1846 1465 1883 corpus
1494 1847 1556 1871 cu-

495 1887 645 1935 bicum,
682 1895 716 1924 et
752 1894 876 1923 essent
904 1887 1014 1923 simul
1044 1899 1132 1923 cum
1161 1899 1220 1923 eo.

550 1940 627 1977 Sed
654 1941 728 1976 hoc
758 1947 812 1976 est
839 1939 1087 1988 impossibile,
1122 1939 1260 1976 scilicet
1288 1939 1392 1988 quod
1421 1952 1558 1990 corpus

497 1993 672 2030 cubicum
692 1993 858 2040 ligneum
878 1993 924 2029 sit
941 1992 1053 2029 simul
1069 2005 1157 2029 cum
1173 1992 1293 2041 spatio
1307 2005 1449 2030 vacuo:
1470 1993 1559 2041 quia

497 2058 635 2095 corpus
664 2045 839 2082 cubicum
868 2045 1035 2093 ligneum
1063 2045 1178 2082 habet
1201 2052 1344 2082 tantam
1372 2045 1557 2093 magnitu-

498 2099 646 2145 dinem,
677 2106 859 2146 quantam
896 2098 1011 2135 habet
1047 2110 1235 2145 vacuum,
1265 2098 1370 2147 quod
1405 2098 1559 2147 ponitur

497 2152 693 2201 quoddam
728 2151 892 2200 spatium
929 2151 1249 2188 dimensionatum
1284 2150 1364 2187 sine
1398 2163 1558 2200 corpore

497 2204 672 2242 sensibili.
702 2205 750 2241 Et
787 2203 962 2252 quamvis
1001 2216 1138 2252 corpus
1174 2203 1342 2251 ligneum
1381 2204 1557 2241 cubicum

497 2258 542 2295 sit
561 2257 725 2294 calidum
752 2257 814 2294 vel
836 2256 1023 2304 frigidum,
1044 2264 1109 2293 aut
1131 2269 1245 2304 grave
1264 2257 1326 2293 vel
1346 2257 1442 2303 leve,
1464 2256 1557 2293 nihi-

495 2310 662 2347 lominus
681 2317 810 2347 tamen
830 2309 955 2358 ipsum
972 2322 1107 2358 corpus
1127 2309 1304 2346 cubicum
1325 2309 1483 2346 alterum
1504 2317 1559 2346 est

497 2363 708 2400 secundum
733 2362 916 2399 rationem
936 2363 983 2399 ab
1013 2362 1192 2399 omnibus
1215 2361 1454 2411 passionibus
1474 2374 1558 2399 sen-

497 2416 664 2453 sibilibus
684 2415 753 2452 sibi
773 2415 1050 2452 accidentibus:
1079 2415 1256 2463 quamvis
1280 2427 1359 2451 non
1382 2414 1428 2451 sit
1450 2427 1557 2464 sepa-

496 2469 611 2506 rabile
640 2469 687 2505 ab
718 2469 770 2504 eis
799 2468 1010 2504 secundum
1043 2480 1137 2505 rem.
1173 2469 1259 2504 Hoc
1292 2475 1420 2504 autem
1454 2468 1557 2516 quod

498 2529 551 2559 est
571 2521 782 2558 secundum
803 2521 988 2557 rationem
1009 2522 1168 2557 alterum
1189 2533 1211 2557 a
1229 2520 1481 2570 passionibus,
1503 2528 1559 2557 est

495 2575 621 2624 ipsum
650 2585 785 2622 corpus
813 2573 930 2623 lignei
955 2574 1051 2620 cubi,
1071 2573 1168 2611 idest
1191 2573 1296 2622 quod
1323 2573 1484 2622 pertinet
1509 2573 1557 2610 ad

497 2627 785 2676 corporeitatem
806 2626 897 2663 eius.
928 2626 968 2663 Si
992 2639 1082 2674 ergo
1111 2633 1306 2674 separetur
1324 2626 1399 2662 hoc
1419 2637 1557 2674 corpus

496 2681 543 2717 ab
582 2679 759 2716 omnibus
792 2691 890 2727 quae
927 2687 1014 2715 sunt
1047 2679 1118 2716 alia
1151 2679 1199 2715 ab
1229 2678 1310 2726 ipso
1345 2677 1557 2714 secundum

496 2733 693 2779 rationem,
714 2732 764 2768 ita
784 2731 888 2781 quod
915 2743 994 2768 non
1022 2731 1067 2767 sit
1095 2743 1218 2779 neque
1242 2731 1262 2751 '¹‘
1289 2742 1403 2778 grave
1432 2742 1556 2779 neque

495 2787 592 2832 leve,
613 2785 780 2834 sequitur
803 2784 908 2832 quod
936 2783 1125 2820 contineat
1143 2783 1206 2820 vel
1226 2790 1386 2832 occupet
1406 2782 1453 2820 de
1473 2795 1557 2832 spa-

496 2838 547 2875 tio
575 2850 699 2875 vacuo
730 2836 870 2886 aliquid
899 2837 1056 2884 aequale
1085 2835 1167 2872 sibi.
1197 2836 1246 2871 Et
1274 2835 1326 2872 sic
1354 2835 1393 2872 in
1421 2836 1556 2873 eadem

495 2898 599 2940 parte
629 2890 698 2927 sibi
737 2888 904 2938 aequali,
934 2901 1031 2937 quae
1061 2895 1116 2925 est
1142 2900 1230 2936 pars
1258 2888 1331 2924 loci
1360 2896 1396 2925 et
1422 2889 1555 2936 vacui,

497 2943 564 2980 erit
592 2943 703 2979 simul
733 2954 869 2990 corpus
898 2941 1007 2988 lignei
1037 2940 1135 2978 cubi.

550 2996 638 3041 Quo
668 2994 885 3043 supposito,
906 3006 984 3030 non
1011 2993 1162 3030 videtur
1179 2993 1285 3042 quod
1304 2993 1350 3029 sit
1368 2993 1556 3040 assignare

497 3047 747 3085 differentiam
767 3047 862 3083 inter
882 3059 1018 3095 corpus
1039 3046 1135 3092 cubi,
1153 3053 1188 3082 et
1208 3045 1465 3083 dimensiones
1484 3045 1556 3082 loci

495 3102 557 3137 vel
576 3100 699 3138 vacui.
730 3100 832 3136 Nam
855 3099 949 3135 sicut
974 3098 1229 3136 dimensiones
1257 3098 1329 3134 loci
1356 3099 1418 3135 vel
1445 3097 1556 3135 vacui

497 3161 583 3191 sunt
616 3153 695 3190 sine
724 3152 962 3201 qualitatibus
991 3151 1244 3198 sensibilibus,
1270 3150 1318 3187 ita
1348 3158 1384 3187 et
1413 3150 1557 3187 dimen-

551 3317 576 3351 β)
595 3325 690 3351 corpus
708 3318 801 3343 cedere
819 3318 845 3343 in
865 3317 936 3350 quod
960 3317 1073 3342 alterum
1093 3323 1188 3349 corpus
1214 3316 1446 3341 immittitur.-lta
1465 3316 1538 3340 codd.
1549 3323 1555 3346 ;

497 3361 592 3385 corpus
610 3354 703 3378 cedere
721 3353 828 3385 corpori
847 3353 872 3378 in
892 3353 963 3385 quod
981 3353 1094 3377 alterum
1113 3359 1209 3384 corpus
1228 3351 1381 3376 immittitur
1399 3351 1456 3375 edd.
1470 3351 1512 3375 ab
1532 3355 1557 3375 et

497 3388 594 3412 Veneta
613 3387 686 3419 1545,
701 3389 770 3420 quod
790 3389 809 3412 Ρ
828 3389 864 3412 sic
883 3388 998 3420 corrigit:
1017 3395 1112 3420 corpus
1132 3387 1158 3412 in
1177 3386 1249 3419 quod
1266 3386 1380 3411 alterum
1398 3393 1494 3418 corpus
1508 3386 1555 3410 im-

499 3423 613 3447 mittitur
631 3424 722 3448 cedere
740 3423 847 3454 corpori
866 3423 990 3448 immisso.

551 3457 577 3490 γ)
597 3465 652 3482 esse
670 3458 745 3482 allud
764 3459 870 3482 tertium
891 3459 930 3483 vel
949 3458 1028 3483 etiam
1048 3460 1172 3490 quartum
1191 3463 1325 3489 corpus.-
1337 3463 1391 3481 esse
1409 3463 1462 3480 om.
1477 3455 1555 3480 Aen<

499 3492 673 3521 OSTVXYZ;
693 3501 740 3524 pro
758 3493 841 3521 aliud,
861 3494 931 3525 quod
950 3501 1002 3517 om.
1018 3493 1058 3523 M,
1079 3492 1188 3524 aliquod
1202 3491 1270 3522 Palm
1288 3491 1367 3516 etiam
1387 3491 1504 3515 addimus
1526 3498 1556 3515 cx

499 3526 727 3557 BEFGRSVZsA,
746 3528 862 3552 orn.Pab
882 3533 906 3552 et
925 3533 973 3553 cet.

553 3560 577 3588 ὃ)
588 3569 642 3586 esse
654 3562 732 3586 simul
741 3563 815 3587 aliud
828 3571 922 3594 corpus
937 3563 1064 3588 sensibile.
1074 3577 1091 3581 —
1101 3569 1155 3588 esse
1164 3562 1242 3587 simul
1253 3561 1362 3594 aliquod
1370 3560 1488 3586 sensibile
1497 3567 1555 3586 cor-

494 3603 548 3628 pus
564 3596 617 3620 Pub
628 3604 635 3623 ,·
647 3597 755 3628 aliquod
768 3597 843 3622 habet
854 3598 930 3622 etiam
941 3598 977 3628 R;
992 3605 1046 3623 esse
1055 3598 1130 3623 aliud
1143 3604 1239 3630 corpus
1252 3596 1331 3623 simul
1344 3596 1462 3621 sensibile
1472 3595 1555 3621 ΗΜΝ.

1614 420 1715 456 116111,
1736 416 1823 445 511111
1849 408 1942 445 31136
1972 409 2020 446 311
2049 409 2269 446 huiusmodi
2291 410 2541 458 passionibus.
2562 413 2672 449 Duae

1614 468 1741 498 autem
1769 461 2045 509 magnitudines
2065 461 2230 510 aequalis
2250 462 2463 510 quantitatis
2482 476 2560 502 non
2584 477 2672 514 pos-

1613 521 1699 551 sunt
1727 514 1895 562 differre,
1924 514 1996 551 nisi
2029 514 2241 552 secundum
2278 515 2403 554 situm.
2441 517 2533 554 Non
2570 517 2672 555 enim

1611 573 1736 615 potest
1762 566 1958 626 imaginari
1986 567 2091 616 quod
2123 567 2218 604 haec
2245 567 2344 605 linea
2363 568 2410 605 sit
2435 568 2507 606 alia
2533 569 2581 606 ab
2609 570 2672 607 illa

1613 619 1683 656 sibi
1702 620 1860 668 aequali,
1877 620 1947 657 nisi
1965 620 2191 680 inquantum
2205 620 2459 668 imaginamur
2470 628 2671 671 utramque

1612 671 1651 708 in
1669 672 1742 709 alio
1775 680 1812 709 61
1830 672 1902 709 3110
1922 672 2006 711 situ.
2027 673 2138 710 Unde
2157 673 2187 710 si
2205 681 2396 722 ponantur
2411 673 2509 711 duae
2529 674 2672 722 magni-

1612 724 1760 767 tudines
1775 725 1898 773 simul,
1914 738 1993 762 non
2011 725 2162 763 videtur
2181 726 2286 775 quod
2301 729 2320 746 ⁴*
2334 726 2483 775 possint
2502 726 2671 764 differre:

1614 777 1720 814 etsie
1739 777 1770 814 si
1799 778 1876 815 duo
1901 790 2063 827 corpora
2086 779 2257 828 aequalia
2292 779 2568 817 dimensionata
2601 779 2673 816 sint

1612 829 1736 877 simul,
1757 829 1836 867 sive
1857 830 1929 868 sint
1948 843 2035 868 curn
2058 831 2298 880 passionibus
2326 832 2563 870 sensibilibus
2591 832 2672 870 sive

1610 895 1702 929 non,
1718 883 1887 932 sequitur
1900 884 2005 933 quod
2026 884 2102 921 duo
2129 897 2289 933 corpora
2308 884 2381 922 sint
2397 897 2531 932 unum.
2561 885 2630 923 Vel
2651 886 2671 907 *
2697 893 2709 905 ’
2726 892 2790 916 Unde
2801 894 2837 917 rb-

1612 935 1643 972 si
1662 935 1786 973 adhuc
1805 948 1943 985 corpus
1963 936 2156 984 cubicum,
2179 944 2215 974 et
2233 937 2395 986 spatium
2415 938 2521 987 quod
2544 945 2600 975 est
2618 938 2671 975 10-

1613 1000 1678 1025 6115
1697 989 1758 1025 vel
1776 1001 1956 1037 vacuum,
1972 997 2193 1026 remaneant
2212 990 2288 1027 duo
2309 997 2345 1026 et
2363 990 2474 1027 simul
2493 990 2576 1039 sint,
2593 1003 2671 1029 non

1611 1047 1736 1090 potest
1754 1041 1933 1090 assignari
1952 1041 2044 1079 ratio
2074 1054 2189 1091 quare
2218 1054 2296 1079 non
2316 1055 2580 1092 quaecumque
2600 1044 2672 1081 alia

1613 1106 1772 1142 corpora
1790 1094 1901 1131 simul
1919 1094 2066 1143 possint
2089 1107 2171 1132 esse
2190 1094 2228 1132 in
2249 1094 2398 1132 eodem.
2427 1096 2476 1132 Et
2495 1095 2562 1143 ita,
2577 1095 2672 1133 sicut

1613 1158 1750 1195 corpus
1784 1147 1960 1184 cubicum
1993 1147 2104 1184 simul
2138 1155 2193 1184 est
2226 1159 2314 1184 cum
2349 1147 2470 1196 spatio
2507 1148 2580 1185 loci
2608 1155 2672 1185 aut

1611 1199 1735 1246 vacui,
1752 1199 1802 1236 ita
1830 1199 1943 1236 etiam
1972 1199 2084 1236 simul
2105 1211 2193 1237 curn
2212 1206 2373 1248 utroque
2391 1200 2529 1249 poterit
2547 1200 2673 1238 adhuc

1613 1264 1695 1288 esse
1724 1251 1826 1289 aliud
1853 1252 2004 1289 tertium
2030 1251 2093 1289 vel
2122 1252 2236 1289 etiam
2270 1260 2446 1301 quartum
2480 1265 2616 1302 corpus
2635 1258 2670 1290 ⁷:

1611 1304 1716 1352 quod
1736 1312 1791 1341 est
1808 1304 2052 1353 impossibile.
2083 1305 2175 1341 Non
2194 1304 2296 1342 enim
2314 1312 2440 1354 potest
2467 1305 2539 1343 dici
2567 1305 2672 1356 quod

1612 1357 1723 1394 simul
1752 1369 1840 1393 curn
1861 1369 2019 1406 corpore
2040 1356 2173 1394 cubico
2201 1357 2325 1405 ligneo
2345 1370 2423 1395 non
2449 1358 2568 1407 possit
2589 1371 2671 1396 esse

1611 1409 1722 1446 simul
1751 1409 1853 1446 aliud
1872 1421 2009 1458 corpus
2037 1409 2210 1447 sensibile
2230 1407 2255 1457 ὃ,
2273 1418 2429 1460 propter
2452 1411 2671 1449 materiam:

1612 1462 1699 1510 quia
1728 1461 1877 1512 corpori
1905 1474 1982 1499 non
2002 1462 2160 1500 debetur
2178 1463 2284 1500 locus
2311 1463 2456 1500 ratione
2479 1463 2671 1511 materiae,

1611 1515 1681 1552 nisi
1710 1515 1919 1552 secundum
1948 1515 2052 1564 quod
2081 1515 2239 1553 materia
2270 1515 2482 1553 continetur
2514 1517 2585 1554 sub
2619 1516 2672 1554 di—

1612 1568 1883 1605 mensionibus.
1900 1568 2011 1606 Unde
2030 1568 2136 1617 quod
2155 1568 2232 1606 duo
2253 1581 2414 1618 corpora
2432 1581 2510 1606 non
2527 1569 2674 1619 possint

1613 1633 1694 1658 6556
1722 1621 1854 1668 51111111,
1888 1633 1966 1658 11011
1996 1629 2052 1658 651
2082 1634 2128 1658 ex
2154 1629 2260 1671 parte
2292 1621 2472 1660 materiae
2498 1622 2561 1660 vel
2587 1634 2673 1672 pas-

1612 1674 1764 1711 sionum
1784 1674 2027 1722 sensibilium,
2057 1674 2124 1712 sed
2152 1675 2277 1712 solum
2298 1687 2343 1711 ex
2362 1675 2506 1712 ratione
2526 1674 2672 1712 dimen-

1612 1728 1784 1775 sionum,
1818 1727 1856 1764 in
1884 1727 2023 1775 quibus
2050 1740 2129 1764 non
2156 1735 2280 1776 potest
2308 1739 2389 1764 esse
2418 1727 2614 1766 diversitas
2642 1727 2674 1765 si

1612 1780 1684 1817 sint
1711 1780 1907 1828 aequales,
1936 1780 2007 1816 nisi
2045 1780 2255 1818 secundum
2288 1780 2422 1828 situm,
2455 1787 2498 1817 ut
2530 1780 2672 1818 dictum

1613 1841 1677 1870 est.
1707 1832 1818 1870 Unde
1838 1844 1926 1869 cum
1947 1833 2202 1870 dimensiones
2230 1833 2303 1870 sint
2328 1834 2367 1870 in
2400 1833 2521 1883 spatio
2548 1845 2673 1871 vacuo

1613 1885 1707 1923 sicut
1725 1885 1763 1922 in
1788 1897 1947 1934 corpore
1976 1885 2151 1933 sensibili,
2181 1886 2276 1923 516111
2303 1887 2379 1924 duo
2409 1898 2570 1935 corpora
2588 1898 2673 1924 sen-

1613 1938 1732 1976 sibilia
1764 1951 1842 1975 non
1874 1946 2033 1988 possunt
2065 1950 2147 1975 esse
2179 1939 2311 1987 simul,
2348 1939 2399 1976 113
2429 1951 2501 1976 1166
2529 1951 2673 2013 ‘corpus

1613 1990 1787 2028 sensibile
1806 1991 1918 2028 simul
1944 2003 2032 2028 cum
2051 1991 2171 2040 spatio
2190 2004 2327 2029 vacuo.
2348 1992 2435 2029 Hoc
2453 1999 2509 2029 est
2526 1991 2673 2051 igitur*

1613 2056 1734 2081 unum
1752 2043 2025 2081 inconveniens
2046 2052 2081 2080 et
2099 2044 2343 2093 impossibile,
2374 2044 2477 2094 quod
2505 2044 2653 2094 sequitu
2654 2056 2673 2081 r

1613 2110 1657 2134 ex
1677 2097 1886 2146 praemissa
1913 2097 2113 2146 positione,
2140 2097 2243 2145 quod
2264 2098 2340 2134 duo
2361 2109 2522 2146 corpora
2549 2104 2636 2134 sunt
2651 2097 2672 2119 '¹‘
2696 2105 2848 2128 ‘memb-

1613 2150 1735 2187 simul.

1666 2215 1701 2239 2.
1733 2201 1949 2239 Secundam
1978 2201 2163 2239 rationem
2182 2201 2289 2251 ponit
2315 2201 2387 2239 ibi:
2415 2201 2587 2250 Amplius
2605 2213 2674 2240 au-

1611 2261 1684 2292 tem
1712 2255 1950 2304 manifestum
1973 2260 2028 2291 est
2052 2262 2121 2291 etc.
2151 2255 2200 2291 Et
2223 2254 2311 2292 dicit
2329 2254 2571 2292 manifestum
2590 2266 2673 2292 6556

1612 2310 1717 2356 quod
1746 2308 1877 2355 cubus,
1907 2307 1971 2356 qui
1999 2314 2269 2344 transmutatur
2289 2315 2325 2344 et
2341 2307 2496 2356 ponitur
2523 2307 2562 2344 in
2589 2319 2673 2356 spa-

1611 2361 1705 2398 tium
1725 2372 1903 2407 vacuum,
1925 2360 2047 2396 *habet
2072 2360 2147 2397 hoc
2171 2360 2276 2408 quod
2294 2361 2436 2397 habent
2454 2360 2583 2397 omnia
2601 2359 2673 2398 alia

1612 2425 1785 2462 corpora,
1815 2413 1953 2449 scilicet
1981 2412 2251 2450 dimensiones.
2282 2412 2322 2450 Si
2351 2425 2440 2460 ergo
2470 2412 2673 2451 dimensio-

1611 2479 1678 2503 nes
1699 2465 1867 2514 corporis
1888 2465 2008 2502 cubici
2032 2478 2111 2502 non
2131 2465 2308 2502 differunt
2331 2477 2354 2502 a
2373 2465 2673 2502 dimensionibus

1610 2519 1684 2556 loci
1721 2518 1931 2555 secundum
1970 2518 2175 2565 rationem,
2214 2530 2330 2567 quare
2369 2524 2517 2566 oportet
2548 2518 2671 2555 facere

1611 2572 1776 2620 aliquem
1795 2572 1924 2607 locum
1944 2570 2168 2620 corporibus
2197 2578 2299 2608 extra
2315 2570 2514 2619 proprium
2534 2583 2672 2620 corpus

1610 2623 1916 2672 uniuscuiusque,
1932 2623 1962 2660 si
1982 2624 2087 2660 106115
2106 2623 2196 2660 1111111
2211 2623 2312 2660 aliud
2328 2631 2383 2660 est
2401 2635 2518 2672 quam
2534 2635 2672 2672 corpus

1611 2676 1844 2725 impassibile,
1866 2676 1961 2713 idest
1980 2677 2123 2724 absque
2144 2676 2384 2725 passionibus
2405 2674 2671 2714 sensibilibus?

1611 2730 1668 2766 Ex
1688 2741 1764 2777 quo
1786 2729 1887 2766 enim
1909 2741 2046 2777 corpus
2073 2729 2188 2766 habet
2210 2729 2382 2778 proprias
2402 2728 2671 2776 dimensiones,

1611 2782 1658 2819 ad
1678 2781 1767 2819 nihil
1786 2781 1935 2819 videtur
1963 2794 2044 2818 esse
2073 2781 2329 2819 necessarium
2357 2781 2461 2830 quod
2483 2789 2674 2831 ponantur

1611 2835 1708 2871 circa
1727 2834 1851 2894 ipsum
1872 2834 2054 2883 aliquae*
2074 2834 2166 2871 aliae
2187 2834 2443 2871 dimensiones
2467 2833 2576 2884 spatii
2608 2846 2709 2872 ae-·
2722 2847 2838 2876 quaeda·-
2862 2857 2872 2865 ·v
2895 2845 2906 2879 j

1610 2887 1728 2936 qualis
1748 2887 1824 2924 suis
1846 2887 2157 2924 dimensionibus.
2187 2887 2333 2924 Accidit
2361 2887 2481 2935 igitur,
2502 2886 2533 2924 si
2550 2899 2671 2946 pona-

1610 2948 1670 2976 tur
1695 2952 1864 2977 vacuum
1897 2940 1959 2977 vel
1991 2941 2097 2976 locus
2131 2941 2150 2961 *
2171 2952 2252 2977 6556
2281 2939 2478 2988 quoddam
2507 2939 2907 2988 spanum-tomm1
2948 2929 2950 2965 s

1610 2999 1841 3041 separatum,
1871 2992 1976 3041 quod
2000 3004 2079 3029 non
2108 3000 2163 3029 est
2189 2998 2200 3013 ‘
2227 2991 2481 3030 necessarium
2509 3003 2671 3041 corpora

1611 3057 1692 3082 esse
1721 3045 1758 3081 in
1786 3046 1882 3081 1060.

1665 3099 1699 3134 3.
1730 3097 1899 3134 Tertiam
1928 3096 2112 3133 rationem
2140 3097 2248 3145 ponit
2274 3096 2342 3134 ibi:
2369 3096 2541 3145 Amplius
2559 3108 2669 3145 opor-

1610 3155 1659 3186 tet
1685 3157 1776 3196 etc.;
1807 3157 1842 3186 et
1871 3148 1958 3186 dicit
1989 3149 2094 3197 quod
2123 3149 2153 3186 si
2181 3149 2321 3198 aliquid
2355 3157 2452 3186 esset
2478 3161 2667 3198 vacuum,

1661 3315 1683 3349 ε)
1702 3315 1773 3348 quod
1792 3321 1842 3340 non
1863 3318 1910 3340 est.
1923 3329 1942 3334 -
1954 3315 1995 3340 vel
2012 3314 2083 3347 quod
2097 3322 2148 3340 nou
2167 3317 2207 3340 est
2225 3314 2279 3339 Pas
2298 3319 2324 3339 et
2337 3314 2411 3340 codd.
2431 3321 2485 3339 exc.
2498 3314 2602 3347 pHs1L;
2621 3313 2668 3340 sed
2686 3325 2690 3328 -

1609 3358 1702 3375 sensus
1721 3358 1773 3375 non
1791 3351 1892 3375 videtur
1910 3349 2044 3375 admittere
2062 3350 2214 3382 particulam
2233 3350 2281 3374 veI.
2306 3350 2343 3374 Ex
2362 3357 2394 3374 60
2412 3349 2481 3374 6111111
2500 3350 2571 3382 quod
2589 3356 2668 3374 omne

1609 3393 1701 3417 corpus
1721 3385 1797 3410 habet
1815 3385 1931 3418 proprias
1948 3385 2130 3415 dimensiones,
2146 3392 2211 3417 quae
2230 3385 2297 3409 iuxta
2317 3385 2382 3409 dicta
2400 3385 2426 3409 in
2444 3385 2603 3417 praecedenti
2619 3391 2667 3409 nu-

1608 3428 1680 3445 mero
1700 3425 1787 3445 essent
1805 3421 1881 3445 simul
1902 3427 1961 3445 cum
1980 3419 2183 3445 dimensionibus
2202 3420 2289 3453 spatii,
2309 3420 2362 3444 imo
2381 3427 2433 3444 non
2452 3419 2672 3452 distinguerentur

1608 3456 1750 3480 secundum
1769 3456 1894 3480 rationem
1914 3455 1944 3480 ab
1965 3456 2015 3485 eis,
2040 3455 2200 3480 concluditur
2219 3455 2366 3487 simpliciter
2385 3460 2410 3480 et
2433 3462 2484 3479 non
2502 3454 2550 3479 sub
2570 3454 2666 3478 disiun-

1607 3491 1698 3520 ctione,
1718 3496 1805 3515 contra
1824 3495 1949 3523 ponentes
1967 3498 2078 3515 vacuum
2098 3491 2138 3515 vel
2159 3495 2284 3523 ponentes
2303 3490 2389 3514 locum
2413 3496 2471 3514 esse
2494 3488 2606 3521 spatium
2624 3495 2665 3512 se—

1609 3531 1737 3558 paratum,
1758 3526 1827 3558 quod
1846 3534 1898 3550 non
1918 3531 1957 3550 651
1976 3525 2151 3550 necessarium
2169 3532 2276 3557 corpora
2295 3532 2354 3550 esse
2372 3525 2397 3549 in
2415 3524 2487 3554 loco,
2506 3530 2553 3548 6611
2571 3522 2666 3547 habere

1610 3561 1695 3585 locum
1710 3561 1855 3586 distinctum
1868 3568 1882 3586 a
1897 3561 2007 3593 propriis
2021 3559 2233 3585 dimensionibus.
2248 3559 2286 3585 ef.
2300 3560 2357 3585 lect.
2370 3566 2404 3590 xi,
2418 3566 2489 3584 num.
2502 3564 2515 3582 2
2527 3562 2553 3582 et
2566 3558 2622 3582 lect.
2635 3564 2668 3588 x,

1609 3603 1679 3621 num.
1699 3594 1724 3621 8.

2699 735 2839 763 ‘quomodo
2853 741 2892 759 η.
2913 726 2916 733 ⁴

2697 2000 2916 2050 ww*
