2898 3996
39 220 43 228 “
59 199 61 203 Δ
30 85 59 180 Ὄίζΐεῦἷ»
30 61 59 72 ἠ

50 1098 62 1128 ’ᾗ
74 1098 84 1109 ·
99 1098 123 1118 et
134 1101 263 1118 communes

73 1129 121 1146 0111.
132 1129 166 1144 u.

74 1306 86 1317 ⁶
102 1305 271 1327 decer-ruinam

57 1334 59 1346 ·’
74 1337 258 1355 Διωιιικιιετπ.
272 1310 286 1325 r

54 1402 58 1403 ’
75 1411 86 1422 .
99 1410 181 1438 aoexptt
192 1409 245 1431 rab.

44 1550 54 1576 ’Ἴ
75 1566 188 1594 ·Lect.1=,
196 1572 235 1588 nn.
242 1571 285 1594 3‚5.

49 1803 52 1806 ‚
75 1778 87 1789 ⁸
99 1777 162 1800 auus
175 1777 228 1799 rab.

44 2038 46 2042 ’
77 2042 87 2052 ·
107 2043 132 2063 et
152 2043 288 2067 tremorpz.

77 2095 88 2105 ⁶
102 2096 126 2115 et
146 2094 170 2115 in
183 2099 238 2120 nex,
253 2094 276 2113 et

77 2123 120 2142 cet.

0 2150 1 2157 ¹
41 2161 45 2167 ·
75 2151 125 2172 'et
136 2157 208 2172 nuno.

0 2255 1 2271 l
43 2261 46 2263 ·
78 2259 88 2267 ·
99 2257 162 2279 Lect.
177 2263 210 2285 xl,
225 2263 248 2278 n.
259 2263 288 2279 12.

6 3659 42 3686 ³21:

1144 234 1255 271 CAP.
1286 233 1355 280 IX,
1386 233 1536 270 LECT.
1566 234 1638 280 xx

362 317 511 344 ὃγΝοΡεῐε.
529 331 563 335 -
584 324 608 342 ι.
623 313 725 342 Prima
747 314 821 342 ratio
842 314 879 342 ad
899 313 1083 350 probandum
1097 312 1192 350 logice
1210 311 1288 348 quod
1304 320 1367 338 mo-

307 362 354 384 tus
376 354 518 383 circularis
539 353 575 382 sit
600 354 753 382 continuus
775 360 803 381 et
832 353 950 390 primus.
973 352 1076 380 Omnis
1097 358 1193 379 motus
1219 350 1268 387 qui
1295 359 1369 378 nun-

310 403 397 432 quam
418 400 461 422 est
481 393 511 421 in
524 393 666 430 principio
681 400 708 421 et
726 393 792 428 fine,
808 399 850 421 est
868 392 1037 426 continuus3
1052 392 1102 419 sed
1117 396 1213 418 motus
1227 389 1370 418 circularis

310 441 352 462 est
372 433 555 468 huiusmodi3
577 442 645 470 ergo
667 439 720 461 etc.
743 434 797 460 Per
810 432 887 460 idem
911 431 1039 459 medium
1060 431 1199 467 probatur
1213 429 1292 466 quod
1307 437 1370 456 rno-

309 480 356 502 tus
374 479 468 502 rectus
489 482 550 501 non
571 479 665 509 potest
685 481 747 500 esse
768 472 931 500 continuus.
947 487 966 492 -
980 478 1008 498 2.
1031 470 1164 498 Secunda
1186 469 1269 496 ratio.
1292 469 1370 495 Haec

310 513 369 541 duo
398 519 618 547 convertuntur,
640 521 744 548 nempe
772 511 851 548 quod
879 517 975 538 motus
1003 509 1146 537 circularis
1174 507 1209 536 sit
1237 515 1372 535 mensura

310 552 443 581 omnium
460 558 602 587 motuum,
615 558 642 579 et
657 551 737 588 quod
752 550 787 578 sit
800 550 910 587 primus
921 555 1069 577 motuum:
1085 547 1183 576 omnia
1197 546 1274 574 enirn
1290 555 1371 573 men-

311 598 445 620 surantur
464 591 558 628 primo
586 591 630 618 sui
651 590 771 627 generis.
794 590 851 617 Sed
879 595 975 617 motus
996 587 1140 616 circularis
1166 593 1209 614 est
1236 594 1372 613 mensura

311 631 443 660 omnium
454 630 578 659 aliorum
591 637 725 658 motuum
736 629 782 664 (cf.
794 629 843 657 lib.
854 629 900 663 IV,
909 628 973 655 lect.
989 635 1068 662 xxm,
1079 636 1108 654 n.
1125 635 1133 654 1
1145 627 1179 661 1):
1193 634 1260 662 ergo
1276 631 1372 652 motus

311 669 455 699 circularis
466 676 508 698 est
518 670 628 707 primus
643 675 786 697 motuum.
799 684 818 689 -
834 668 859 695 3.
881 667 979 695 Tertia
993 666 1076 694 ratio.
1092 666 1188 693 Motus
1204 664 1253 701 qui
1268 671 1310 692 est
1325 674 1373 692 su-

310 719 362 746 per
382 709 488 738 lineam
502 715 618 743 rectam,
634 718 695 736 non
708 713 802 744 potest
817 715 879 734 esse
893 705 1037 743 regularis,
1053 714 1104 733 seu
1119 703 1276 741 aequaliter
1289 703 1371 731 velox

311 758 363 786 per
382 755 492 777 totum:
515 748 539 777 si
560 748 636 776 enim
651 754 693 776 est
708 746 855 781 naturalis,
870 745 961 782 magis
982 744 1140 773 intenditur
1160 744 1189 771 in
1204 743 1276 778 fine;
1292 743 1315 771 si
1330 749 1372 771 est

301 788 463 824 ⁴violentus,
478 787 634 816 intenditur
650 787 681 815 in
694 785 845 823 principio.
860 785 917 812 Sed
931 791 1027 812 motus
1042 783 1185 812 circularis
1202 789 1295 820 potest
1310 791 1372 810 esse

432 916 435 924 ,
455 902 495 927 μ,
577 885 751 927 ostquam
762 877 1017 926 Philosophus
1032 876 1195 913 ostendit
1208 888 1277 924 per
1285 887 1372 924 pro-

383 927 404 948 “’
443 938 462 965 ε’
540 930 674 979 prias
702 929 877 976 rationes,
899 930 1002 978 quod
1031 937 1159 965 motus
1184 927 1372 965 circularis

520 984 528 997 ³
577 991 632 1019 θεῖ
651 982 851 1020 continuus
880 991 916 1019 et
943 982 1102 1031 primus3
1131 981 1192 1018 hic
1212 979 1373 1017 ostendit

377 1059 400 1065 a
463 1064 468 1075 .,
520 1029 556 1067 3²¹¹
576 1035 680 1072 idem
716 1047 785 1084 per
819 1036 1005 1083 quasdam
1033 1034 1173 1081 logicas
1202 1041 1239 1070 θῖ
1267 1044 1371 1069 com-

313 1100 448 1126 munes
477 1088 496 1109 *
525 1088 700 1125 rationes.
734 1089 783 1124 Et
814 1088 922 1137 ponit
948 1096 1022 1124 tres
1060 1086 1233 1123 rationes.
1265 1085 1374 1122 Circa

313 1153 476 1189 quarum
509 1140 675 1189 primam
704 1140 808 1188 dicit,
838 1141 943 1188 quod
980 1138 1247 1177 rationabiliter
1280 1137 1374 1174 acci-

314 1194 368 1231 dit
399 1193 505 1242 quod
541 1202 668 1230 motus
697 1193 886 1231 circularis
919 1193 965 1230 sit
985 1205 1084 1229 unus
1113 1199 1149 1228 et
1177 1191 1375 1228 continuus

311 1246 350 1283 in
375 1254 605 1295 perpetuum
621 1276 630 1294 ,
664 1259 743 1283 non
775 1254 903 1283 autem
936 1254 1064 1283 motus
1107 1252 1240 1281 rectus.
1275 1243 1375 1290 Quia

312 1299 350 1336 in
378 1307 481 1336 recto
516 1299 787 1336 determinatur
814 1300 834 1320 ²⁸
862 1298 1110 1348 principium,
1143 1296 1312 1334 medium
1340 1303 1376 1332 et

313 1351 422 1399 finis,
461 1352 498 1388 et'
524 1351 652 1388 omnia
683 1352 779 1388 haec
815 1351 884 1388 tria
919 1359 974 1388 est
1006 1351 1196 1398 assignare
1227 1349 1267 1386 in
1295 1348 1376 1397 ipsa

313 1404 411 1450 linea
430 1411 546 1441 recta:
569 1412 604 1441 et
621 1404 709 1441 ideo
731 1412 785 1441 est
804 1405 843 1442 in
857 1404 938 1453 ipsa
956 1404 1054 1441 linea
1072 1403 1174 1440 unde
1193 1401 1345 1450 incipiat
1357 1401 1377 1422 '¹‘

313 1464 451 1503 motus,
482 1464 518 1494 et
534 1457 601 1493 ubi
617 1456 798 1503 'finiatur;
819 1457 908 1506 quia
927 1456 1051 1493 omnis
1074 1463 1201 1493 motus
1221 1453 1378 1503 quiescit

313 1509 415 1558 apud
433 1509 628 1556 terminos,
640 1509 778 1546 scilicet
790 1511 891 1546 vela
905 1522 982 1559 quo
1001 1510 1063 1546 vel
1082 1508 1131 1546 ad
1151 1520 1266 1556 quem
1289 1508 1377 1554 (has

313 1561 415 1599 enim
444 1562 537 1599 duas
567 1562 712 1610 quietes
740 1575 854 1612 supra
876 1561 914 1599 in
939 1561 1068 1611 quinto
1089 1562 1108 1593 ³¹⁸
1130 1560 1376 1605 distinxerat).

314 1613 392 1651 Sed
418 1614 458 1651 in
485 1614 583 1652 linea
612 1615 781 1652 circulari
808 1615 958 1652 termini
977 1627 1056 1652 non
1084 1621 1171 1651 sunt
1199 1612 1376 1650 distincti:

314 1667 429 1704 Nulla
457 1667 558 1704 enim
573 1675 628 1705 est
656 1668 749 1705 ratio
770 1680 888 1716 quare
915 1680 1036 1704 unum
1053 1674 1237 1715 punctum
1257 1665 1377 1713 signa-

313 1727 399 1758 tum
423 1719 463 1756 in
489 1720 588 1757 linea
616 1720 803 1767 circulari,
833 1720 877 1757 sit
905 1720 1024 1768 magis
1052 1719 1232 1756 terminus
1261 1730 1379 1766 quam

314 1771 414 1809 aliud
436 1773 470 1818 *3
496 1772 584 1820 quia
603 1773 906 1822 unumquodque
927 1772 1095 1809 similiter
1115 1779 1170 1808 est
1189 1779 1225 1807 et
1243 1770 1378 1819 princi-

312 1824 419 1873 pium
449 1833 485 1861 et
520 1826 690 1862 medium
720 1833 755 1862 et
788 1825 885 1862 finis.
924 1826 974 1862 Et
1001 1825 1054 1861 sic
1090 1823 1378 1872 quodammodo

314 1876 419 1924 quod
447 1885 626 1920 movetur
645 1878 881 1925 circulariter,
902 1890 1053 1927 semper
1072 1885 1126 1914 est
1145 1877 1183 1913 in
1197 1876 1379 1925 principio

315 1937 350 1967 et
377 1929 416 1966 in
442 1930 541 1978 fine,
570 1931 795 1980 inquantum
815 1931 953 1968 scilicet
972 1930 1168 1979 quodlibet
1194 1937 1379 1978 punctum

315 1982 503 2030 signatum
535 1983 574 2020 in
608 1983 746 2028 circulo
780 1991 905 2032 potest
933 1983 1052 2032 accipi
1083 1991 1124 2019 ut
1155 1982 1380 2032 principium

314 2035 377 2072 vel
412 2037 432 2057 *⁵
468 2035 575 2072 finis:
615 2044 651 2073 et
687 2036 977 2085 quodammodo
1015 2048 1213 2085 nunquam
1251 2043 1307 2072 est
1342 2035 1381 2072 in

315 2087 500 2136 principio
515 2089 705 2135 vel'ssfine,
716 2089 942 2136 inquantum
963 2088 1101 2125 scilicet
1120 2089 1266 2125 nullum
1284 2100 1380 2136 pun-

317 2148 420 2177 ctum
436 2141 562 2177 circuli
578 2149 632 2178 est
645 2141 871 2190 principium
891 2140 1078 2178 veltfinis
1098 2140 1136 2177 in
1151 2147 1247 2177 actu.
1269 2140 1380 2177 Unde

317 2193 485 2242 sequitur
503 2194 608 2242 quod
635 2195 796 2243 sphaera
815 2193 1105 2241 quodammodo
1137 2200 1324 2239 movetur,
1346 2200 1381 2228 et

316 2246 604 2294 quodammodo
626 2246 798 2294 quiescit:
821 2246 908 2295 quia
923 2246 1017 2283 sicut
1035 2246 1073 2282 in
1093 2253 1197 2282 sexto
1209 2247 1228 2267 '¹‘
1240 2245 1380 2282 dictum

316 2307 383 2346 est,
400 2300 561 2347 sphaera
581 2299 672 2336 dum
688 2306 866 2336 movetur
885 2311 1035 2347 semper
1055 2298 1197 2335 obtinet
1214 2298 1380 2335 eundern

315 2352 444 2388 locum
473 2352 683 2389 secundum
703 2352 936 2398 subiectum,
967 2359 1002 2387 et
1030 2359 1215 2399 quantum
1240 2351 1288 2388 ad
1306 2351 1381 2387 hoc

317 2403 493 2453 quiescit;
522 2405 638 2441 alium
665 2413 795 2441 tamen
824 2412 860 2441 et
887 2404 1004 2440 alium
1031 2403 1243 2440 secundum
1272 2403 1380 2440 ratio-

315 2469 419 2504 nem,
443 2464 478 2493 et
515 2466 699 2505 quantum
726 2457 775 2494 ad
811 2458 886 2493 hoc
913 2464 1102 2493 movetur.
1133 2456 1223 2493 Ideo
1253 2463 1379 2492 autem

315 2509 355 2546 in
381 2509 462 2558 ipsa
480 2509 578 2546 linea
598 2510 764 2546 circ'ulari
783 2522 862 2547 non
891 2509 1124 2556 distinguitur
1142 2509 1378 2558 principium,

317 2562 488 2599 medium
517 2570 554 2598 et
580 2562 678 2610 finis,
707 2563 795 2610 quia
813 2563 909 2599 haec
936 2562 1005 2598 tria
1023 2561 1208 2610 pertinen-t
1227 2562 1276 2598 ad
1296 2573 1380 2597 cen-

315 2622 438 2660 trum3
467 2626 489 2650 a
516 2627 593 2663 quo
630 2614 725 2651 sicut
752 2627 774 2652 a
800 2615 983 2663 principio
1020 2615 1232 2662 procedunt
1259 2614 1380 2651 lineae

317 2667 367 2704 ad
382 2667 734 2714 circumferentiam,
745 2674 780 2703 et
795 2668 843 2704 ad
857 2667 982 2716 ipsum
997 2667 1244 2704 terminantur
1257 2667 1379 2704 lineae

317 2733 340 2757 a
360 2719 656 2756 circumferentia
674 2727 905 2768 protractae;
936 2727 971 2756 et
995 2727 1050 2756 est
1070 2719 1182 2756 etiarn
1208 2719 1378 2756 medium

317 2772 429 2809 totius
453 2772 718 2820 magnitudinis
746 2771 956 2808 secundum
980 2771 1307 2820 aequidistantiam
1330 2771 1383 2808 ad⁴

319 2825 447 2862 omnia
475 2825 580 2873 signa
609 2824 941 2862 circumferentiae.
972 2825 1020 2860 Et
1043 2824 1141 2871 ideo,
1169 2824 1257 2871 quia
1280 2824 1381 2874 prin--

320 2878 461 2927 cipium
490 2886 526 2914 et
556 2877 642 2914 finis
672 2877 858 2914 circularis
886 2877 1154 2924 magnitudinis
1189 2885 1243 2913 est
1271 2882 1379 2913 extra

319 2931 611 2975 circulationem,
629 2930 766 2967 scilicet
785 2930 823 2967 in
843 2937 983 2976 centro,
1010 2929 1057 2966 ad
1077 2930 1181 2977 quod
1199 2941 1278 2966 non
1296 2941 1380 2978 per-

318 2983 423 3031 tingit
437 2983 541 3032 quod
562 2983 787 3020 circulariter
813 2990 1005 3028 movetur3
1027 2994 1105 3019 non
1121 2989 1175 3018 est
1189 2982 1379 3029 assignare

320 3035 359 3073 in
386 3044 494 3073 motu
522 3036 688 3072 circulari
716 3035 781 3072 ubi
809 3035 975 3084 quiescat
1002 3035 1091 3072 illud
1119 3035 1224 3082 quod
1252 3035 1378 3081 fertur,

321 3101 409 3125 cum
436 3088 650 3137 pervenerit
678 3088 727 3125 ad
754 3088 897 3137 ipsum:
918 3088 1006 3136 quia
1025 3087 1129 3136 quod
1157 3087 1381 3124 circulariter

321 3148 508 3188 movetur,
530 3142 825 3190 semperlfertur
854 3140 951 3177 circa
984 3140 1176 3187 medium,
1207 3141 1274 3177 sed
1302 3152 1380 3176 non

321 3194 439 3238 fertur
464 3194 513 3230 ad
540 3189 733 3240 ultimum,
763 3193 851 3242 quia
878 3205 956 3229 non
992 3193 1106 3228 fertur
1134 3192 1181 3229 ad
1209 3192 1380 3229 medium

322 3246 427 3295 quod
455 3253 510 3282 est
528 3245 754 3294 principium
784 3253 820 3282 et
842 3245 1029 3281 ultimum.
1051 3245 1098 3281 Et
1120 3252 1275 3293 propter
1293 3245 1378 3291 hoc,

321 3306 443 3335 totum
487 3298 590 3347 quod
627 3298 820 3346 sphaerice
863 3305 1059 3343 movetur,
1090 3297 1380 3344 quodammodo

324 3363 475 3400 semper
503 3350 678 3399 quiescit,
709 3358 744 3386 et
771 3349 1061 3399 quodammodo
1096 3349 1270 3386 continue
1298 3361 1380 3386 mo-

379 3481 406 3516 α)
425 3479 469 3505 Vel
480 3480 536 3505 si
546 3480 759 3505 motuum—Hoc
770 3488 823 3505 om.
836 3480 946 3505 BDEGI.
956 3493 975 3498 -
984 3480 1034 3504 Pro
1049 3479 1140 3509 dictas,
1155 3479 1276 3504 inductas
1289 3480 1382 3504 codd.-

325 3517 376 3542 Pro
394 3516 521 3545 aliorum,
540 3516 657 3540 omnium
676 3515 790 3540 aliorum
809 3515 888 3540 DEG.

379 3550 402 3587 β)
424 3551 647 3585 irregulariter....
661 3550 795 3584 adfinem.
805 3564 823 3569 -
837 3550 998 3583 regulariter
1016 3549 1168 3582 PEpGOab,
1184 3549 1251 3574 male
1270 3554 1297 3574 ut
1312 3554 1381 3582 patet

468 3603 535 3636 Opp.
556 3603 586 3627 D.
601 3603 714 3627 Tamum:
733 3602 764 3626 T.
783 3602 812 3626 11.

2395 244 2475 279 441

1423 310 1574 347 regularis:
1586 310 1667 339 nulla
1679 310 1756 339 enim
1767 316 1809 339 est
1820 310 1896 339 ratio
1907 319 1997 347 quare
2012 310 2175 338 intendatur
2184 310 2228 337 vel
2238 309 2412 345 remittatur-3
2425 310 2492 346 quia

1423 349 1453 377 in
1468 349 1574 377 circulo
1597 350 1772 386 principium
1789 356 1816 377 et
1832 350 1896 378 finis
1911 359 1972 378 non
1988 356 2029 378 est
2044 350 2073 377 in
2088 350 2150 386 ipsa
2163 349 2356 384 circulatione,
2372 358 2445 386 quae
2460 350 2491 377 fit

1423 398 1474 425 per
1485 388 1755 424 circumferentiam,
1770 390 1819 417 sed
1838 396 1880 417 est
1894 396 1972 417 extra
1986 389 2209 424 circulationem,
2221 398 2326 425 nempe
2336 389 2365 416 in
2380 395 2488 424 centro,

1424 428 1470 456 cui
1491 437 1605 464 semper
1637 429 1794 465 aequaliter
1815 429 2027 465 appropinquat
2048 429 2128 465 quod
2155 428 2328 456 circulariter
2347 435 2488 457 movetur.

1425 468 1521 495 Motus
1536 474 1633 496 autem
1650 468 1786 505 regularis
1801 475 1842 496 est
1857 468 1947 505 magis
1961 478 2036 496 unus
2047 477 2134 505 quam
2150 467 2326 505 irregularis;
2342 477 2410 504 ergo
2425 477 2488 496 mo-

1424 513 1470 534 tus
1485 506 1628 535 circularis
1641 514 1683 535 est
1697 507 1777 544 prior
1797 508 1962 536 naturaliter
1977 517 2064 544 quam
2086 514 2194 535 rectus:
2213 514 2321 544 quanto
2343 507 2419 535 enim
2438 507 2490 535 ali-

1425 546 1495 582 quid
1510 553 1552 574 est
1567 546 1657 583 magis
1672 557 1762 574 unum
1773 569 1780 581 ,
1796 554 1877 575 tanto
1892 547 2058 575 naturaliter
2072 553 2113 575 est
2126 547 2214 583 prius.
2231 564 2248 568 -
2262 556 2290 581 4.
2306 548 2360 574 Per
2375 546 2489 583 opinio-

1425 595 1476 613 nes
1497 586 1684 622 antiquorum
1699 586 1940 622 philosophorum
1957 586 2117 615 ostenditur
2131 587 2210 622 quod
2229 592 2326 614 motus
2340 586 2437 614 localis
2453 586 2490 614 sit

1425 624 1534 661 primus
1557 632 1699 653 motuum.
1714 625 1834 662 Antiqui
1855 635 1981 662 namque
2003 626 2053 662 qui
2075 626 2110 653 de
2124 632 2206 653 motu
2228 625 2404 653 mentionem
2415 626 2489 653 fece-

1425 670 1500 699 runt,
1516 664 1616 700 primis
1627 665 1773 701 principiis
1790 665 1948 693 attribuunt
1962 665 2041 702 quod
2056 671 2190 693 moveant
2205 671 2287 692 motu
2303 665 2395 692 locali.
2408 665 2490 693 Reci-

1425 710 1522 731 tantur
1543 704 1695 740 opiniones
1717 704 1920 741 antiquorum,
1942 711 1969 732 et
1990 714 2023 732 ex
2044 704 2099 732 illis
2114 704 2274 732 ostenditur
2287 704 2488 740 propositum:

1427 744 1506 779 quod
1517 743 1603 771 etiam
1619 744 1815 771 manifestatur
1825 753 1858 772 ex
1873 744 2022 772 communi
2037 745 2126 772 modo
2148 743 2294 780 loquendi.
2313 760 2332 765 -
2349 744 2373 771 5.
2390 744 2495 780 Epilo—¹

1425 792 1478 819 gus
1500 791 1601 811 eorum
1624 793 1697 820 quae
1719 784 1867 820 hucusque
1889 783 1919 811 in
1940 784 1996 812 hoc
2017 783 2090 811 libro
2111 783 2300 811 determinata
2320 789 2395 811 sunt.

1427 883 1548 923 vetur,
1563 883 1604 912 ut
1624 875 1764 913 dictum
1785 884 1849 913 est.
1866 897 1890 903 -
1906 877 1963 912 Ex
1979 875 2035 912 his
2057 888 2144 923 ergo
2161 888 2259 924 quae
2275 875 2372 912 dicta
2391 882 2489 922 sunt,

1429 928 1481 964 sic
1509 928 1602 965 ratio
1632 929 1774 965 extrahi
1801 936 1935 977 potest.
1971 929 2108 965 Omnis
2141 936 2267 965 motus
2303 928 2367 977 qui
2395 940 2491 964 nun-

1429 993 1545 1028 quam
1574 989 1628 1017 θεῖ
1655 981 1694 1017 in
1721 981 1904 1030 principio
1930 989 1967 1018 et
1984 982 2073 1028 fine,
2095 989 2150 1018 est
2178 981 2392 1017 continuus:
2422 981 2490 1017 sed

1429 1040 1556 1069 motus
1585 1033 1773 1070 circularis
1794 1042 1848 1070 θεῖ
1875 1034 2113 1070 huiusmodi:
2144 1046 2231 1081 ergo
2254 1041 2320 1070 etc.
2347 1034 2395 1070 Et
2421 1045 2491 1082 per

1429 1085 1531 1122 idem
1559 1086 1731 1123 medium
1759 1088 1941 1135 probatur
1968 1087 2072 1135 quod
2101 1094 2227 1129 motus
2260 1094 2382 1123 rectus
2411 1098 2490 1123 non

1428 1145 1548 1187 possst
1577 1150 1658 1174 esse
1688 1138 1900 1175 continuus.

1485 1203 1519 1228 2.
1553 1190 1701 1228 Deinde
1732 1204 1820 1228 curn
1859 1191 1962 1227 dicit:
1991 1191 2137 1227 Accidit
2170 1197 2294 1228 autem
2336 1202 2488 1227 conver-

1429 1244 1499 1280 sim
1529 1251 1611 1291 etc.,
1630 1243 1738 1292 ponit
1766 1243 1973 1280 secundam
2003 1243 2199 1290 rationem,
2230 1244 2357 1280 dicens
2386 1243 2490 1292 quod

1430 1298 1525 1333 haec
1545 1296 1621 1333 duo
1643 1296 1859 1333 conversim
1879 1308 1918 1332 εθ
1939 1304 2146 1344 sequuntur
2166 1298 2201 1342 ²⁹,
2223 1296 2360 1333 scilicet
2385 1296 2490 1344 quod

1430 1357 1558 1386 motus
1586 1349 1773 1386 circularis
1802 1349 1847 1386 sit
1874 1361 2053 1386 mensura
2090 1349 2264 1385 omnium
2292 1357 2488 1395 motuum,

1433 1410 1468 1439 θῖ
1494 1402 1599 1451 quod
1627 1402 1672 1439 sit
1699 1402 1844 1450 primus
1871 1409 2069 1438 motuum:
2097 1402 2226 1438 omnia
2254 1401 2355 1438 enim
2384 1414 2488 1438 men-

1431 1462 1607 1492 surantur
1631 1454 1755 1504 primo
1786 1455 1843 1492 sui
1870 1454 2032 1502 generis,
2061 1461 2103 1491 ut
2121 1454 2159 1491 in
2179 1455 2214 1491 X
2232 1455 2446 1502 Metaphys.
2469 1456 2488 1475 ἢ

1431 1508 1649 1545 ostenditur.
1671 1509 1720 1545 Et
1739 1507 1791 1544 sie
1819 1508 1887 1544 ista
1906 1506 2114 1556 propositio
2145 1506 2396 1544 convertibilis
2418 1514 2488 1544 est:

1433 1574 1549 1598 omne
1577 1561 1682 1609 quod
1711 1568 1765 1597 est
1793 1573 1988 1607 mensura,
2017 1567 2071 1596 est
2098 1560 2265 1609 primum
2293 1559 2350 1596 sui
2379 1572 2489 1607 gene-

1433 1614 1498 1660 ris;
1519 1621 1555 1650 et
1583 1626 1697 1650 omne
1717 1613 1821 1662 quod
1851 1621 1906 1650 est
1923 1613 2103 1661 primum,
2125 1621 2179 1649 est
2203 1624 2391 1649 mensura.
2414 1612 2490 1650 Sed

1431 1674 1558 1704 motus
1592 1666 1776 1703 circularis
1814 1674 1869 1703 est
1904 1677 2083 1702 mensura
2120 1666 2293 1702 omnium
2331 1665 2491 1702 aliorum

1433 1727 1621 1766 motuum,
1641 1727 1683 1756 ut
1700 1726 1803 1767 patet
1822 1731 1866 1755 ex
1885 1719 1943 1755 his
1963 1731 2060 1767 quae
2079 1718 2118 1754 in
2136 1718 2214 1754 fine
2235 1717 2355 1767 quarti
2372 1720 2390 1739 ss
2407 1726 2492 1755 sunt

1434 1772 1547 1809 dicta:
1578 1784 1666 1819 ergo
1687 1779 1815 1808 motus
1844 1771 2030 1808 circularis
2057 1779 2112 1808 est
2138 1771 2283 1819 primus
2302 1779 2489 1808 motuum.

1433 1825 1503 1862 Vel
1533 1825 1563 1861 si
1591 1832 1826 1873 supponatur
1853 1824 1957 1872 quod
1986 1832 2112 1861 motus
2133 1823 2319 1860 circularis
2348 1824 2393 1860 sit
2418 1823 2492 1872 pri-

1434 1890 1520 1915 mus
1540 1885 1716 1914 motuum
1731 1884 1748 1898 α
1762 1884 1917 1925 propter
1931 1878 2073 1925 supra*
2085 1877 2200 1913 dictas
2216 1876 2387 1924 rationes,
2405 1889 2492 1913 con-

1435 1930 1605 1967 cludetur
1632 1930 1736 1978 quod
1765 1931 1810 1966 sit
1837 1941 2016 1966 mensura
2045 1929 2204 1966 aliorum
2232 1936 2420 1966 motuum.

1491 1984 1524 2020 3.
1546 1983 1716 2019 Tertiam
1736 1983 1921 2019 rationem
1941 1982 2047 2031 ponit
2074 1982 2141 2018 ibi:
2170 1982 2342 2030 Amplius
2369 1987 2492 2018 autem

1435 2041 1471 2072 et
1496 2035 1712 2086 regularem
1742 2042 1823 2082 ete„
1852 2035 1979 2072 dicens
2008 2034 2112 2083 quod
2141 2035 2242 2071 solus
2270 2041 2397 2071 motus
2426 2034 2493 2071 cir-

1434 2088 1521 2125 laris
1547 2096 1673 2137 potest
1701 2100 1783 2124 θεεθ
1802 2088 2001 2135 regularis:
2023 2087 2111 2137 quia
2138 2100 2234 2135 quae
2254 2087 2292 2123 in
2320 2087 2419 2124 linea
2438 2100 2493 2123 re-

1436 2148 1494 2176 cta
1530 2148 1755 2187 moventur,
1782 2140 2030 2188 irregulariter
2057 2141 2225 2177 feruntur
2262 2152 2284 2176 a
2310 2140 2492 2189 principio

1434 2193 1624 2241 usque-ad
1644 2193 1762 2229 finem
1781 2191 1809 2229 β.
1831 2194 1899 2229 Εεῖ
1919 2193 2020 2229 enim
2040 2201 2166 2229 motus
2194 2193 2424 2240 irregularis,
2452 2200 2494 2229 ut

1434 2246 1473 2282 in
1488 2245 1618 2294 quinto
1635 2247 1654 2266 ‘¹‘
1671 2245 1812 2282 dictum
1834 2253 1899 2292 est,
1915 2246 1979 2294 qui
1994 2257 2071 2282 non
2092 2253 2146 2282 θεῖ
2165 2245 2368 2294 aequaliter
2381 2246 2493 2282 velox

1434 2311 1503 2347 per
1529 2306 1671 2335 toturn:
1706 2297 1812 2346 quod
1848 2309 2002 2334 necesse
2032 2305 2086 2334 est
2121 2298 2290 2334 accidere
2318 2298 2356 2334 in
2389 2298 2494 2334 omni

1436 2358 1544 2388 motu
1563 2358 1684 2396 recto;
1714 2350 1803 2399 quia
1820 2350 1859 2387 in
1886 2350 2052 2387 motibus
2081 2350 2322 2397 naturalibus,
2352 2359 2491 2399 quanto

1436 2404 1560 2453 aliqua
1580 2415 1676 2452 quae
1697 2411 1900 2440 moventur
1917 2404 2001 2451 plus
2022 2402 2157 2439 distant
2175 2415 2197 2439 a
2215 2403 2338 2451 prima
2356 2403 2492 2452 quiete,

1436 2469 1458 2493 a
1477 2469 1552 2505 qua
1571 2456 1699 2504 incipit
1726 2463 1864 2502 motus,
1888 2456 2056 2492 velocius
2080 2461 2299 2500 moventur;
2325 2455 2362 2492 in
2386 2463 2493 2492 motu

1436 2516 1562 2546 autem
1576 2509 1756 2555 violento,
1774 2515 1915 2557 quanto
1931 2509 2014 2557 plus
2033 2507 2168 2544 distant
2183 2509 2229 2544 ab
2243 2509 2375 2552 ultima
2390 2508 2492 2556 quie-

1435 2569 1482 2608 te,
1504 2561 1551 2598 ad
1572 2574 1687 2610 quam
1707 2561 1926 2598 terminatur
1944 2568 2082 2608 motus,
2102 2568 2204 2597 tanto
2223 2560 2391 2597 velocius
2410 2573 2493 2596 mo-

1434 2622 1582 2651 ventur.
1608 2615 1711 2650 Nam
1739 2621 1866 2650 motus
1894 2613 2081 2661 naturalis·
2098 2613 2301 2650 intenditur
2332 2613 2369 2649 in
2397 2613 2491 2649 fine:

1435 2667 1624 2704 violentus
1644 2674 1771 2703 autem
1791 2666 1829 2702 in
1847 2666 2042 2714 principio.
2065 2667 2150 2702 Hoc
2169 2673 2295 2703 autem
2319 2666 2358 2702 in
2386 2673 2493 2702 motu

1437 2719 1606 2756 circulari
1633 2720 1761 2756 locum
1781 2732 1858 2755 non
1877 2719 2006 2755 habet:
2037 2718 2125 2767 quia
2144 2718 2182 2755 in
2203 2718 2339 2755 circulo
2359 2718 2493 2766 princi-

1434 2772 1543 2820 pium
1572 2779 1607 2820 et
1634 2772 1720 2809 finis
1749 2784 1828 2808 non
1857 2779 1911 2808 θεῖ
1938 2779 2068 2808 natum
2098 2783 2178 2808 esse
2206 2771 2301 2807 inter
2327 2772 2346 2791 ‘¹‘
2370 2771 2491 2819 ipsam

1437 2824 1730 2871 circulationem,
1760 2837 1856 2872 quae
1884 2825 1927 2861 fit
1953 2837 2021 2872 per
2050 2823 2400 2872 circumferentiam,
2429 2823 2494 2859 sed

1435 2883 1556 2923 extra,
1576 2877 1672 2914 idest
1690 2877 1729 2914 in
1751 2885 1890 2924 centro,
1911 2885 1952 2913 ut
1972 2877 2114 2913 dictum
2135 2884 2189 2913 est
2210 2878 2239 2912 ²¹².
2261 2876 2371 2913 Unde
2390 2876 2492 2912 nulla

1437 2937 1492 2966 est
1519 2930 1612 2977 ratio
1641 2942 1758 2978 quare
1787 2929 1999 2966 intendatur
2016 2930 2112 2966 vel*
2133 2930 2339 2966 remittatur
2366 2936 2492 2965 motus

2519 1301 2527 1310 '
2538 1303 2664 1328 sequentur
2678 1302 2732 1328 vab,

2518 1329 2692 1355 consequuntur
2704 1334 2734 1350 nt:

2518 1359 2572 1374 οιικ.

2518 1458 2526 1466 ·
2541 1456 2566 1478 S.
2581 1456 2731 1482 Th.1ect.11;

2517 1483 2577 1509 Did„
2587 1483 2627 1504 lib.
2639 1489 2669 1511 lx,
2679 1490 2720 1512 cap
2729 1498 2734 1503 .

2516 1515 2531 1536 1,
2547 1515 2585 1531 nn.
2600 1516 2620 1537 7,
2635 1510 2657 1532 8.
2727 1511 2730 1513 '

2518 1728 2526 1737 ·
2537 1727 2696 1755 Lect.xxm‚n.
2704 1735 2731 1750 11.

2619 1891 2635 1906 α

2521 1917 2530 1925 ·
2545 1915 2616 1937 Νιιιῃ.
2639 1921 2731 1943 praec.;

2520 1942 2571 1963 lect.
2578 1948 2661 1969 praec„
2667 1942 2732 1969 nn.6,

2520 1974 2541 1996 7.

2619 2193 2634 2226 β

2522 2254 2530 2263 ·
2545 2253 2600 2275 Lect
2614 2259 2655 2280 vn,
2670 2260 2693 2275 n.
2708 2260 2730 2281 9.

2522 2780 2530 2789 ”
2543 2779 2608 2807 infra
2619 2785 2654 2804 ιεῡ,
2666 2779 2730 2800 intra

2520 2809 2563 2827 cet.
2574 2812 2622 2827 exe.
2632 2811 2730 2831 nLstr.

2519 2886 2528 2893 '
2543 2884 2615 2905 Num.
2629 2890 2645 2905 ι.-

2521 2942 2529 2950 '¹
2545 2942 2567 2961 et
2582 2944 2730 2964 maetxucn'v

2465 2981 2471 2987 .
2519 2966 2587 2987 xrab.

1436 2982 1624 3019 circularis
1644 2983 1750 3032 quasi
1769 2995 1837 3031 per
1871 2982 2238 3031 approximationem
2255 2983 2273 3003 ⁵¹*
2289 2982 2338 3018 ad
2356 2981 2490 3030 princi-

1435 3035 1542 3084 pium
1570 3036 1631 3072 vel
1659 3036 1794 3080 finem;
1825 3047 1912 3071 curn
1941 3047 2094 3083 semper
2125 3034 2329 3083 aequaliter
2356 3046 2491 3082 appro-

1435 3088 1592 3136 pinquat
1620 3095 1760 3135 centro,
1782 3087 1885 3136 quod
1905 3095 1960 3124 est
1977 3087 2202 3135 principium
2229 3094 2263 3122 et
2291 3086 2387 3123 finis.
2409 3087 2489 3122 Ma-

1436 3140 1612 3177 nifestum
1642 3148 1697 3177 est
1720 3148 1848 3177 autem
1869 3152 1914 3176 ex
1933 3139 1990 3176 his
2017 3151 2115 3187 quae
2147 3139 2184 3175 in
2213 3139 2342 3187 quinto
2358 3139 2377 3158 ’¹‘
2395 3138 2491 3174 dicta

1437 3200 1533 3240 sunt,
1554 3193 1658 3242 quod
1687 3200 1813 3230 motus
1832 3191 2009 3239 regularis
2037 3198 2092 3227 est
2111 3191 2229 3238 magis
2247 3203 2346 3227 unus
2375 3203 2489 3238 quam

1435 3245 1661 3293 irregularis:
1693 3253 1729 3281 et
1756 3245 1808 3281 sic
1836 3251 1961 3280 motus
2000 3243 2186 3279 circularis
2215 3250 2270 3279 θεῖ
2296 3242 2399 3291 prior
2426 3255 2490 3279 na-

1435 3298 1600 3334 turaliter
1619 3310 1734 3346 quarn
1754 3304 1880 3332 motus
1899 3303 2031 3332 rectus.
2053 3296 2205 3341 Quanto
2232 3295 2332 3332 enim
2353 3295 2489 3344 aliquid

1437 3358 1491 3387 est
1518 3350 1637 3398 magis
1665 3359 1797 3396 unum,
1818 3355 1920 3385 tanto
1946 3348 2161 3384 naturaliter
2186 3348 2289 3396 prius
2318 3355 2383 3385 est.

1436 3485 1611 3510 ex-contextu;
1631 3487 1677 3511 pro
1697 3479 1733 3503 ad
1744 3478 1842 3510 finem,
1863 3478 1889 3502 in
1907 3477 1991 3510 finem
2010 3477 2270 3508 ABDIKMQTVXY.
2285 3491 2303 3496 -
2318 3478 2368 3502 Pro
2387 3478 2489 3511 irregu-

1435 3515 1508 3543 laris,
1524 3514 1656 3548 regularis
1675 3514 1777 3538 codices
1792 3513 1901 3545 exceptis
1917 3513 2105 3544 CFLZsGHO;
2126 3518 2165 3537 est
2183 3513 2276 3545 pariter
2294 3513 2450 3538 mendum.—
2463 3514 2489 3538 in

1435 3550 1526 3582 quinto
1545 3550 1638 3574 omittit
1657 3549 1686 3574 P.

2284 3599 2314 3624 56

2520 2995 2528 3002 ·
2555 2992 2730 3019 appropinqua-

2519 3019 2603 3039 tionem
2625 3023 2730 3039 ΒυΕι-ῡι-ιι.

2519 3051 2597 3066 Νοιιει.

2519 3151 2527 3158 ·
2538 3149 2600 3170 Lect.
2615 3154 2652 3175 vn,
2663 3153 2686 3169 n.
2702 3153 2727 3169 u.
