2950 4004
11 831 12 834 ,
33 834 35 836 .
40 814 144 863 fouebat
152 818 197 834 Pae
211 815 232 834 et

17 864 35 880 ’ἵ
51 856 104 889 εἰπε
117 871 165 888 om.
180 865 231 887 rab.

37 1073 147 1097 ·aeliorum
166 1072 201 1095 ed.
216 1079 231 1094 a

30 1122 44 1132 ι
59 1099 127 1122 codd.
142 1105 190 1122 exc.
205 1106 232 1121 ει·-

19 1320 32 1363 J
45 1333 116 1357 Num.
125 1338 155 1355 12.

19 1544 22 1545 ⁷
33 1543 118 1568 ·Num.
127 1549 151 1572 9.

15 1778 21 1790 Ξ
47 1757 117 1781 Num.
127 1757 150 1780 8.

26 2011 33 2019 ι
49 2019 112 2043 Lect.
127 2026 154 2048 v,
169 2026 192 2042 n.
207 2025 234 2047 5;

22 2052 131 2074 ·-.vu,
145 2052 206 2075 n.13.

1105 306 1216 342 CAP.
1245 305 1314 352 VI,
1345 306 1494 343 LECT.
1525 308 1576 343 IX

261 392 330 431 cta,
349 384 543 432 ponebant
570 383 748 420 interesse
777 383 931 432 aliquod
955 385 1118 433 spatium
1138 396 1317 430 vacuum,

259 437 299 473 in
326 448 402 484 quo
431 437 576 472 nullum
598 449 662 473 ens
683 444 790 473 esset.
811 437 860 472 Et
886 437 973 485 quia
992 436 1232 474 Democritus
1250 448 1318 483 po-

260 489 375 525 nebat
394 500 554 537 corpora
574 489 751 537 componi
775 501 820 525 ex
838 489 963 525 multis
983 489 1204 537 corporibus
1224 488 1318 524 indi-

260 541 480 588 visibilibus,
495 542 663 590 ponebat
681 541 719 577 in
738 541 961 584 intermedio
981 539 995 563 δ
1013 542 1161 578 illorum
1186 552 1318 588 corpo-

261 606 346 630 rum
370 594 653 631 indivisibilium
673 605 755 630 esse
775 593 960 641 quasdam
984 593 1203 639 vacuitates,
1225 605 1318 641 quas

261 646 409 683 dicebat
429 658 564 695 poros,·
593 653 629 682 et
647 646 700 682 sic
719 645 849 682 omnia
869 658 1029 694 corpora
1047 645 1196 682 dicebat
1215 657 1318 681 com—

259 699 352 747 poni
373 711 418 735 ex
436 700 550 748 pleno
567 706 603 735 et
616 710 752 735 vacuo.
769 697 839 734 Vel
858 697 888 734 si
908 698 1020 734 etiam
1038 705 1160 734 totum
1181 710 1318 746 corpus

261 751 394 788 mundi
405 751 451 788 sit
465 751 698 797 continuum,
712 756 748 786 et
758 761 836 785 non
848 750 894 786 sit
903 750 999 786 inter
1011 757 1136 798 partes
1151 750 1317 787 universi

260 804 384 852 aliqua
403 804 582 849 vacuitas,
601 801 829 851 ponebant*
844 809 971 839 tamen
994 815 1160 839 vacuum
1185 815 1266 839 esse
1279 803 1319 824 ᾗ*

261 864 363 894 extra
381 863 503 893 toturn
527 855 727 892 mundum.
745 854 989 891 Manifestum
1010 863 1064 891 est
1082 855 1191 902 igitur
1214 856 1318 904 quod

258 908 437 958 praedicti
464 907 680 956 philosophi
707 907 879 944 volentes
907 908 1097 944 destruere
1128 920 1316 955 vacuum,

259 973 339 998 non
366 961 593 998 inducebant
621 959 806 996 rationem
831 960 880 997 ad
899 960 1161 1009 quaestionem
1185 973 1317 996 secun-

260 1012 353 1051 dum
374 1013 603 1062 positionem
623 1012 795 1048 aliorum.
811 1013 1040 1049 Debuissent
1065 1012 1166 1049 enim
1195 1019 1317 1049 osten-

260 1066 348 1104 dere
369 1065 474 1115 quod
501 1066 603 1102 nullo
623 1065 772 1101 illorum
792 1064 811 1085 ’¹‘
832 1065 1038 1102 modorum
1067 1065 1112 1102 sit
1139 1077 1316 1102 vacuum.

313 1121 348 1156 6.
379 1118 527 1156 Deinde
548 1130 636 1155 cum
657 1117 764 1154 dicit:
792 1118 858 1154 sed
881 1119 1115 1166 affirmantes
1138 1130 1215 1154 esse
1234 1125 1316 1165 etc.,

258 1172 366 1221 ponit
384 1171 546 1208 rationes
565 1170 789 1219 ponentium
818 1183 898 1207 esse
918 1183 1096 1207 vacuum.
1127 1171 1176 1206 Et
1193 1170 1317 1218 primo

260 1236 392 1261 eorum
421 1224 485 1273 qui
513 1223 626 1260 locuti
656 1230 742 1260 sunt
770 1223 816 1260 de
844 1236 968 1260 vacuo
1002 1223 1231 1268 naturaliter3
1262 1236 1318 1259 se-

260 1278 386 1315 cundo
415 1289 550 1314 eorum
569 1276 634 1324 qui
657 1276 771 1315 locuti
791 1283 878 1324 sunt
901 1288 980 1312 non
1003 1275 1227 1323 naturaliter,
1248 1275 1316 1312 ibi:

258 1333 351 1368 Esse
369 1336 493 1367 autem
507 1330 796 1378 affirmaverunt
807 1330 826 1350 ’¹‘
843 1335 910 1365 etc.
929 1328 1037 1365 Circa
1053 1328 1221 1377 primurn
1241 1329 1317 1365 duo

259 1384 364 1421 facit:
394 1383 517 1431 primo
542 1382 648 1430 ponit
676 1383 860 1420 rationem
890 1393 1023 1417 eorum
1042 1381 1106 1430 qui
1125 1381 1320 1429 ponebant

259 1448 427 1474 vacuum
457 1447 538 1471 esse
567 1434 761 1483 quoddam
790 1434 952 1483 spatium
973 1446 995 1470 a
1015 1433 1236 1482 corporibus
1262 1445 1318 1469 se-

258 1496 452 1539 paratum,
482 1488 650 1524 secundo
680 1500 814 1525 eorum
842 1486 905 1535 qui
933 1487 1128 1535 ponebant
1150 1498 1317 1523 vacuum

260 1543 299 1580 in
319 1540 551 1590 corporibus,
567 1539 634 1576 ibi:
653 1541 739 1577 Alio
757 1552 847 1577 vero
867 1539 976 1576 modo
996 1540 1015 1559 ’Β
1036 1546 1103 1575 etc.
1122 1539 1230 1575 Circa
1244 1538 1317 1587 pri-

261 1607 370 1633 mum
390 1594 466 1630 duo
486 1592 592 1629 facit:
621 1593 745 1640 primo
764 1592 871 1641 ponit
891 1591 1074 1628 rationem
1093 1591 1318 1639 ponentium

262 1660 344 1684 esse
371 1657 558 1690 vacuum3
588 1645 756 1682 secundo
784 1644 891 1693 ponit
917 1645 1114 1693 quomodo
1144 1643 1318 1680 Melissus

261 1712 282 1736 e
303 1709 487 1736 converso
507 1697 566 1733 illa
585 1699 729 1735 ratione
747 1698 932 1744 utebatur,
954 1696 1021 1733 ibi:
1041 1696 1218 1732 Melissus
1241 1697 1319 1744 qui-

261 1752 345 1789 dem
374 1752 490 1801 igitur
509 1751 527 1769 ⁶*
549 1756 617 1786 etc.
909 1788 913 1792 ‚

315 1817 350 1852 7.
381 1803 480 1840 Dicit
504 1814 592 1850 ergo
615 1803 757 1852 primo,
779 1801 882 1853 quod
911 1801 960 1837 illi
989 1801 1052 1850 qui
1080 1801 1320 1838 affirmabant

260 1869 428 1895 vacuum
449 1867 542 1902 esse,
564 1856 683 1903 magis
712 1854 941 1891 inducebant
968 1854 1130 1891 rationes
1159 1853 1206 1890 ad
1233 1866 1319 1902 pro-

260 1909 438 1959 positum.
469 1909 644 1955 Quarum
671 1920 748 1944 una
777 1915 871 1954 erat,
902 1907 1005 1955 quod
1034 1914 1159 1943 motus
1188 1919 1319 1943 secun-

262 1963 355 2000 dum
383 1963 525 2007 locum,
546 1961 610 2008 qui
631 1968 686 1997 est
713 1960 785 1997 loci
813 1959 971 1996 mutatio
997 1967 1033 1996 et
1051 1959 1318 2006 augmentatio,

261 2023 303 2052 ut
330 2027 444 2063 supra
463 2015 483 2035 ss
504 2013 646 2050 dictum
676 2021 741 2060 est,
767 2025 845 2049 non
873 2019 972 2048 esset
999 2012 1029 2049 si
1055 2024 1221 2048 vacuum
1241 2024 1319 2048 non

263 2075 370 2106 esset.
393 2067 510 2113 Quod
529 2067 581 2103 sic
601 2066 861 2103 ostendebant.
890 2064 929 2101 Si
949 2065 1050 2101 enim
1079 2064 1218 2113 aliquid
1238 2077 1319 2101 mo-

261 2128 371 2158 vetur
404 2119 616 2156 secundum
652 2119 800 2164 locum,
839 2129 918 2154 non
949 2124 1074 2166 potest
1106 2117 1254 2153 moveri
1281 2117 1321 2153 in

261 2174 436 2223 plenum;
465 2172 554 2220 quia
580 2173 686 2208 locus
710 2171 844 2219 plenus
862 2182 942 2206 uno
963 2182 1133 2218 corpore,
1155 2182 1233 2206 non
1252 2182 1319 2217 po—

262 2233 333 2263 test
357 2225 523 2273 recipere
551 2224 663 2261 aliud.
694 2223 794 2269 Quia
822 2222 851 2259 si
879 2222 1071 2271 reciperet,
1101 2226 1339 2270 sequeretur'

263 2280 340 2317 duo
370 2290 530 2326 corpora
560 2289 640 2313 esse
669 2276 707 2312 in
736 2276 872 2312 eodem
900 2275 1006 2321 loco;
1037 2282 1072 2311 et
1100 2275 1234 2311 eadem
1263 2287 1319 2311 ra-

262 2332 364 2368 tione
384 2337 603 2378 sequeretur
622 2329 668 2366 de
689 2339 949 2378 quocumque:
971 2340 1048 2364 non
1068 2327 1169 2364 enim
1197 2334 1321 2375 potest

262 2383 443 2431 assignari
480 2381 689 2419 differentia
725 2393 841 2429 quare
880 2380 956 2417 duo
995 2392 1155 2428 corpora
1183 2380 1255 2416 sint
1282 2380 1320 2416 in

263 2437 402 2474 eodem
436 2437 520 2473 loco
551 2442 587 2471 et
614 2447 693 2471 non
725 2434 845 2482 plura.
884 2434 933 2469 Et
960 2433 990 2469 si
1018 2434 1093 2469 hoc
1121 2432 1318 2480 contingit,

263 2489 401 2527 scilicet
428 2488 532 2537 quod
561 2494 819 2536 quotcumque
849 2497 1009 2534 corpora
1035 2485 1106 2522 sint
1125 2485 1162 2521 in
1182 2486 1320 2521 eodem

262 2543 360 2588 Ioco,
390 2547 567 2590 sequetur
594 2539 699 2588 quod
725 2538 972 2588 parvissimus
996 2539 1100 2574 locus
1119 2538 1238 2586 possit
1266 2550 1320 2574 re-

264 2595 387 2643 cipere
417 2593 628 2631 maximum
658 2604 812 2640 corpus;
843 2591 930 2640 quia
958 2591 1076 2627 multa
1094 2602 1212 2640 parva
1233 2603 1320 2627 con-

264 2648 419 2685 stituunt
453 2659 575 2683 unum
607 2657 802 2692 magnum.
837 2644 948 2681 Unde
986 2643 1014 2680 si
1049 2644 1167 2680 multa
1203 2655 1322 2691 parva

265 2700 435 2748 aequalia
471 2699 544 2735 sint
571 2698 610 2734 in
637 2709 714 2734 uno
743 2698 847 2743 loco,
883 2704 918 2733 et
946 2697 1064 2732 multa
1095 2696 1318 2743 inaequalia.

265 2753 328 2789 Sic
356 2764 444 2799 ergo
473 2751 633 2799 probata
651 2751 724 2786 hac
748 2748 1000 2795 conditionali,
1021 2748 1126 2796 quod
1145 2749 1174 2784 si
1195 2756 1320 2784 motus

266 2812 339 2851 est,
368 2816 535 2841 vacuum
565 2810 638 2849 est,
669 2802 875 2849 arguebant
902 2813 924 2837 a
951 2801 1138 2849 positione
1175 2809 1320 2837 antece-

265 2857 406 2894 dentis:
437 2863 564 2893 motus
593 2862 667 2900 est;
698 2866 786 2901 ergo
815 2866 981 2891 vacuum
1011 2861 1077 2890 est.

319 2911 353 2947 8.
370 2909 517 2946 Deinde
534 2920 621 2944 cum
638 2906 739 2944 dicit:
755 2907 931 2943 Melissus
946 2906 1092 2954 quidem
1108 2906 1224 2955 igitur
1239 2913 1320 2953 etc.,

265 2962 427 2999 ostendit
455 2962 558 3010 quod
587 2960 779 3006 Melissus,
809 2959 1002 3008 supposita
1031 2958 1166 2995 eadem
1195 2959 1322 2996 condi-

263 3015 412 3061 tionali,
447 3014 778 3062 argumentabatur
810 3024 830 3048 e
859 3019 988 3048 contra
1022 3024 1044 3048 a
1073 3011 1323 3048 destructione

265 3067 549 3115 consequentis:
575 3066 662 3115 quia
681 3065 711 3102 si
735 3072 860 3102 motus
879 3073 944 3111 est,
965 3077 1131 3101 vacuum
1157 3072 1228 3110 est;
1258 3065 1325 3101 sed

264 3197 459 3228 DEGHMNQR
478 3205 532 3223 om.
541 3197 610 3229 plus,
626 3197 696 3229 quod
719 3204 808 3221 revera
831 3201 890 3228 post
902 3197 988 3229 magis
1010 3204 1061 3220 non
1076 3200 1116 3220 est
1133 3196 1322 3226 necessarimm

2360 308 2429 355 175

1373 396 1538 421 vacuum
1559 397 1635 421 non
1656 392 1725 431 est;
1757 397 1845 433 ergo
1866 393 1991 422 motus
2011 398 2088 422 non
2109 393 2178 422 est:
2200 398 2288 433 ergo
2309 393 2430 423 toturn

1374 449 1440 473 ens
1457 445 1511 473 est
1525 437 1732 474 immobile.
1749 459 1773 465 -
1791 439 1861 474 Iste
1878 446 1933 475 est
1951 438 2060 486 igitur
2077 451 2174 475 unus
2194 438 2333 475 modus
2353 451 2429 487 quo

1374 489 1485 536 aliqui
1505 491 1716 537 probabant
1733 503 1899 527 vacuum
1921 503 2002 527 esse
2023 491 2128 539 quasi
2148 499 2375 540 separatum.

1427 554 1462 588 9.
1492 542 1639 578 Deinde
1660 555 1746 578 cum
1767 543 1875 579 dicit:
1904 543 1989 580 Alio
2012 555 2101 580 vero
2122 544 2244 590 modo,
2270 544 2358 592 quia
2376 545 2431 581 vi-

1372 593 1505 629 dentur
1520 601 1600 640 etc.,
1621 595 1727 642 ponit
1745 603 1819 631 tres
1839 596 2001 632 rationes
2020 596 2244 644 ponentium
2263 609 2428 633 vacuum

1374 658 1455 682 esse
1475 648 1512 682 in
1533 647 1765 694 corporibus.
1788 648 1960 694 Quarum
1979 649 2102 697 prima
2122 656 2236 685 estex
2254 649 2311 686 his
2332 662 2429 697 quae

1374 698 1662 736 condensantur.
1692 699 1875 736 Videntur
1904 700 2004 737 enim
2026 713 2158 737 eorum
2181 714 2277 750 quae
2297 702 2428 751 inspis-

1373 758 1511 797 santur,
1537 759 1661 799 partes
1691 752 1791 788 coire
1818 753 1880 789 vel
1909 753 2112 790 convenire
2140 753 2178 790 in
2197 754 2372 801 invicem,
2395 762 2430 791 et

1373 816 1412 839 se
1432 803 1596 840 invicem
1626 805 1767 840 calcare
1788 812 1823 840 et
1843 806 2107 853 comprimere,
2137 806 2187 842 ita
2212 807 2316 854 quod
2335 807 2430 844 sieut

1372 856 1498 903 fertur,
1528 856 1627 893 dolia
1655 864 1798 893 tantum
1829 857 1875 894 de
1896 858 1986 894 vino
2015 858 2198 906 recipiunt
2227 871 2313 895 cum
2341 860 2428 896 utri—

1373 909 1463 954 bus,
1500 916 1683 956 quantum
1712 909 1825 946 etiam
1858 910 1937 946 sine
1965 911 2128 958 utribus,
2164 918 2200 947 et
2225 912 2428 960 praecipue

1373 961 1403 996 si
1430 968 1531 996 utres
1560 961 1631 997 sint
1665 962 1835 1007 subtiles;
1872 970 2026 1011 propter
2058 964 2132 999 hoc
2164 965 2267 1012 quod
2294 964 2428 1002 vinum

1372 1012 1410 1049 in
1433 1013 1578 1049 utribus
1607 1014 1829 1051 condensari
1857 1014 2016 1052 videtur.
2047 1017 2157 1052 Hanc
2184 1023 2311 1053 autem
2341 1030 2428 1054 con-

1374 1065 1634 1102 densationem
1662 1062 1743 1102 fieri
1773 1067 2033 1104 existimabant
2057 1080 2100 1104 ac
2119 1068 2149 1105 si
2170 1068 2326 1105 densato
2347 1082 2427 1106 cor-

1372 1130 1478 1166 pore,
1498 1126 1622 1166 partes
1643 1119 1892 1155 subintrarent
1910 1120 1949 1156 in
1967 1121 2152 1168 quasdam
2172 1121 2389 1159 vacuitates.

1433 1183 1488 1206 10.
1512 1170 1727 1206 Secundam
1748 1171 1933 1207 rationem
1952 1173 2059 1220 ponit
2078 1174 2145 1210 ibi:
2171 1174 2342 1222 Amplius
2361 1187 2427 1211 au—

1350 1225 1444 1259 'tem
1478 1229 1514 1259 et
1538 1229 1782 1272 augmentum
1816 1231 1905 1260 etc.:
1940 1237 2038 1272 quae
2071 1226 2229 1262 sumitur
2262 1239 2307 1263 ex
2340 1239 2427 1274 aug-

1373 1283 1514 1312 mento.
1544 1277 1740 1323 Augentur
1768 1276 1868 1312 enim
1898 1289 2058 1325 corpora
2089 1290 2158 1326 per
2185 1279 2426 1327 alimentum,

1373 1329 1478 1376 quod
1507 1340 1643 1376 corpus
1672 1328 1867 1376 quoddam
1897 1336 1961 1365 est.
1996 1331 2084 1366 Duo
2114 1339 2240 1367 autem
2269 1344 2429 1380 corpora

1372 1393 1450 1418 non
1478 1388 1637 1429 possunt
1665 1393 1746 1417 esse
1780 1381 1818 1417 in
1853 1381 1990 1418 eodem
2018 1383 2124 1426 loco;
2159 1395 2247 1430 ergo
2281 1391 2429 1432 oportet

1373 1446 1455 1470 esse
1475 1433 1617 1481 aliquas
1635 1434 1841 1470 vacuitates
1870 1435 1908 1471 in
1931 1446 2090 1483 corpore
2118 1443 2370 1484 augmentato,
2391 1437 2429 1473 in

1373 1486 1509 1534 quibus
1537 1486 1736 1534 recipiatur
1764 1486 1997 1524 alimentum.
2031 1488 2080 1524 Et
2113 1488 2165 1524 sic
2193 1501 2345 1525 necesse
2375 1497 2430 1526 est

1373 1552 1455 1576 esse
1473 1551 1640 1576 vacuum
1660 1539 1709 1575 ad
1727 1540 1801 1575 hoc
1819 1539 1924 1587 quod
1943 1539 2142 1588 recipiatur
2159 1540 2391 1578 alimentum.

1431 1604 1488 1628 11.
1518 1592 1687 1628 Tertiam
1716 1591 1900 1628 rationem
1927 1593 2036 1640 ponit
2062 1592 2131 1629 ibi:
2164 1594 2428 1630 Testimonium

1372 1650 1496 1680 autem
1526 1651 1594 1681 etc.
1625 1644 1922 1690 Quae,sumitur
1950 1657 1995 1681 ex
2022 1657 2113 1682 vase
2140 1647 2253 1693 pleno
2283 1646 2427 1693 cinere,

1373 1697 1478 1744 quod
1505 1703 1650 1733 tanturn
1679 1696 1808 1745 recipit
1837 1697 1883 1733 de
1912 1709 2030 1745 aqua,
2060 1705 2244 1746 quantum
2274 1699 2302 1735 si
2332 1705 2429 1735 esset

1373 1761 1560 1785 vacuum:
1590 1748 1694 1796 quod
1722 1761 1800 1785 non
1824 1757 1921 1786 esset
1948 1750 2018 1786 nisi
2047 1758 2170 1787 essent
2197 1751 2343 1799 aliquae
2362 1764 2427 1788 va-

1375 1801 1528 1837 cuitates
1556 1801 1651 1837 inter
1677 1808 1801 1849 partes
1830 1801 1974 1838 cineris.

1433 1865 1489 1890 12.
1519 1853 1667 1890 Deinde
1696 1866 1783 1889 cum
1812 1854 1915 1890 dicit:
1944 1855 2036 1890 Esse
2062 1860 2186 1891 autem
2213 1857 2428 1904 affirmave-

1374 1912 1463 1942 runt
1479 1913 1561 1953 etc.,
1590 1906 1698 1954 ponit
1721 1906 1919 1954 opiniones
1947 1919 2025 1943 non
2053 1908 2278 1944 naturalium
2299 1908 2344 1944 de
2362 1920 2428 1944 va-

1375 1972 1459 1995 cuo.
1490 1960 1538 1995 Et
1566 1958 1653 1995 dicit
1680 1958 1783 2007 quod
1813 1959 1924 1995 etiam
1949 1959 2187 2007 Pythagorici
2216 1961 2429 1997 affirmave-

1375 2019 1460 2048 runt
1492 2024 1574 2048 esse
1607 2023 1794 2047 vacuum:
1834 2011 1938 2060 quod
1970 2011 2124 2060 quidem
2156 2012 2431 2060 ingrediebatur

1374 2065 1469 2101 infra
1496 2071 1620 2113 partes
1649 2064 1780 2100 mundi
1808 2077 1830 2100 a
1859 2065 1975 2112 caelo,
2004 2072 2158 2113 propter
2180 2078 2346 2102 vacuum
2375 2065 2429 2102 in-

1374 2117 1534 2163 finitum,
1564 2116 1668 2166 quod
1696 2117 1890 2165 ponebant
1918 2129 1998 2153 esse
2028 2125 2129 2154 extra
2157 2119 2304 2155 caelum
2323 2118 2430 2166 quasi

1375 2170 1567 2218 quendam
1596 2181 1724 2206 aerem
1752 2170 1813 2206 vel
1837 2169 2008 2218 spiritum
2034 2170 2240 2207 infinitum:
2269 2178 2310 2207 ut
2337 2171 2431 2207 sicut

1374 2223 1433 2259 ille
1461 2223 1526 2271 qui
1554 2222 1719 2270 respirat,
1751 2222 1882 2259 dividit
1908 2235 1977 2259 suo
2005 2223 2097 2259 flatu
2126 2223 2250 2271 aliqua
2278 2223 2431 2260 faciliter

1374 2274 1584 2321 divisibilia,
1613 2282 1654 2310 ut
1672 2286 1811 2322 aquarn
1831 2282 1894 2311 aut
1911 2275 2141 2321 huiusmodi,
2170 2275 2220 2311 ita
2240 2288 2284 2312 ex
2304 2276 2429 2324 aliquo

1374 2327 1481 2376 quasi
1509 2326 1733 2375 respirante,
1772 2327 2028 2374 ingrederetur
2060 2327 2244 2365 distinctio
2280 2329 2318 2365 in
2349 2341 2428 2375 res;

1374 2392 1490 2428 quam
1506 2392 1583 2416 non
1598 2379 1851 2426 intelligebant
1865 2380 1946 2416 fieri
1961 2380 2031 2417 nisi
2041 2386 2052 2400 ε
2066 2393 2134 2428 per
2146 2393 2325 2429 vacuum,
2337 2381 2431 2418 sicut

1376 2433 1422 2469 de
1451 2432 1670 2469 Democrito
1700 2431 1840 2468 dictum
1870 2440 1925 2469 est
1950 2434 1986 2469 *z
2015 2445 2060 2469 ac
2088 2433 2118 2469 si
2145 2442 2310 2470 vacuum
2340 2434 2430 2470 nihil

1376 2493 1473 2521 esset
1492 2485 1593 2521 aliud
1616 2496 1732 2533 quam
1762 2484 1945 2521 distinctio
1966 2497 2103 2522 rerum.
2135 2486 2183 2522 Et
2201 2486 2289 2534 quia
2307 2486 2431 2534 prima

1377 2537 1562 2574 distinctio
1593 2545 1628 2573 et
1654 2537 1844 2585 pluralitas
1872 2537 2060 2574 invenitur
2078 2538 2115 2574 in
2143 2538 2321 2586 numeris,
2343 2539 2429 2575 ideo

1374 2603 1541 2627 vacuum
1560 2589 1683 2638 primo
1712 2590 1905 2638 ponebant
1933 2590 1970 2627 in
1998 2590 2186 2627 numeris:
2215 2598 2256 2627 ut
2279 2603 2347 2639 per
2366 2603 2430 2628 na-

1375 2651 1498 2680 turam
1517 2642 1628 2679 vacui
1646 2654 1723 2678 una
1749 2642 1870 2679 unitas
1899 2643 2185 2690 distingueretur
2207 2644 2255 2679 ab
2280 2643 2361 2690 alia,
2382 2656 2429 2680 ne

1375 2707 1556 2732 numerus
1585 2695 1630 2731 sit
1658 2694 1875 2742 continuus,
1912 2696 1978 2732 sed
2005 2696 2143 2732 habeat
2174 2703 2346 2732 naturam
2377 2696 2428 2733 di-

1376 2755 1548 2785 scretam.
1567 2747 1643 2784 Sed
1659 2749 1678 2768 ’3
1694 2747 1781 2796 quia
1795 2747 1852 2784 isti
1867 2748 1974 2796 quasi
1997 2748 2203 2796 aequivoce
2223 2749 2429 2797 loqueban—

1375 2809 1435 2837 tur
1464 2801 1511 2837 de
1542 2813 1686 2847 vacuo,
1726 2802 1955 2849 appellantes
1993 2813 2119 2837 rerum
2154 2801 2429 2838 distinctionem

1374 2866 1553 2899 vacuum,
1583 2860 1737 2902 propter
1763 2854 1838 2890 hoc
1865 2853 1960 2890 infra
1983 2854 2030 2890 de
2048 2854 2119 2890 hac
2147 2853 2324 2902 opinione
2352 2866 2430 2891 non

1375 2906 1625 2955 prosequitur.

1431 2959 1572 2996 Ultimo
1602 2966 1727 2995 autern
1757 2958 1863 3006 quasi
1893 2959 2118 3007 epilogando
2148 2958 2344 3006 concludit,
2375 2959 2428 2995 di-

1380 3019 1482 3048 ctum
1503 3023 1584 3048 esse
1604 3018 1757 3060 propter
1775 3011 1866 3060 quid
1889 3011 2044 3060 quidam
2071 3012 2197 3048 dicunt
2218 3012 2237 3032 '¹‘
2256 3023 2337 3048 esse
2363 3024 2429 3048 va·
2456 3018 2654 3074 ζΖξΞΖΖΞΞζ-οω

2456 3084 2520 3099 DFLR.

1380 3077 1514 3111 cuum,
1545 3071 1581 3100 et
1609 3064 1764 3112 quidam
1792 3076 1870 3100 non
1899 3064 2027 3101 dicunt
2056 3065 2086 3100 ’ἦ

1429 3194 1454 3229 δ)
1475 3195 1500 3219 in
1521 3195 1685 3220 intermedio.
1698 3209 1717 3213 —
1731 3195 1799 3219 inter
1813 3195 1900 3220 media
1919 3195 2087 3223 PGHMNab,·
2102 3194 2257 3219 intermedia
2271 3194 2334 3224 FsC,
2348 3194 2428 3219 inter-

263 3240 379 3265 corpora
393 3233 456 3264 plus
470 3233 506 3258 ibi
523 3240 602 3265 quam
622 3233 658 3257 ibi
671 3232 704 3256 sl.
719 3232 787 3262 Quid
801 3232 828 3264 pl
841 3231 964 3261 habuerit,
980 3236 1005 3256 et
1019 3231 1152 3264 quomodo
1171 3230 1322 3263 compendia
1377 3230 1462 3255 medio
1481 3230 1590 3262 ERpCT
1610 3235 1728 3262 corrupte
1747 3238 1793 3262 pro
1813 3230 1838 3254 in
1859 3230 2021 3259 intermedio,
2042 3230 2112 3262 quod
2131 3230 2224 3254 habent
2243 3234 2290 3253 cet.

266 3268 291 3292 in
309 3268 377 3292 ACK
402 3267 518 3299 explicari
541 3267 663 3296 debeant.
682 3268 820 3292 nescimus.
833 3280 852 3284 —
864 3267 953 3291 Statim
976 3266 1065 3291 omnia
1083 3274 1136 3290 om.
1151 3266 1187 3296 E,
1207 3273 1322 3297 corpora

264 3311 319 3328 om.
338 3302 660 3334 ACDIKNOQTVXYab;
678 3310 725 3335 pro
745 3301 878 3331 distincta,
900 3301 1029 3326 distantia
1047 3301 1102 3325 EG.

1429 3264 1450 3298 ε)
1470 3273 1548 3297 quam
1569 3273 1619 3290 non
1641 3266 1822 3298 intelligebant
1839 3265 1904 3297 fieri
1923 3265 1981 3289 nisi.
1994 3278 2012 3284 -
2025 3265 2074 3288 Pro
2088 3272 2180 3296 quam,
2194 3264 2318 3296 quoniam
2338 3264 2378 3289 ed.
2391 3271 2425 3294 a,

1375 3307 1441 3332 quas
1459 3300 1489 3331 Ε,
1503 3307 1570 3332 quae
1590 3301 1620 3330 R,
1633 3300 1703 3332 quod
1722 3300 1797 3329 PHb;
1816 3300 1839 3324 H
1858 3300 1962 3332 insuper
1979 3307 2031 3324 om.
2047 3306 2097 3323 non
2118 3304 2143 3323 et
2161 3299 2220 3324 nisi.

872 3441 1452 3495 -ῳ-ἣθὲμ

2457 2442 2467 2453 “
2482 2441 2552 2463 Num.
2568 2447 2587 2469 5.

2456 2760 2466 2770 ⁸
2471 2759 2503 2781 Et
2509 2765 2665 2781 ntroannnvz.
