2898 3996
217 721 227 730 ·
243 719 312 741 Num.
327 718 348 740 6.

217 829 226 837 ·
241 833 319 848 omnes
329 826 380 848 add.
390 832 425 847 to.

314 927 328 960 β

217 1139 226 1147 ·
240 1137 330 1158 mobilis
345 1142 392 1158 om.
412 1142 425 1157 ε

217 1169 253 1185 rc.

217 1400 226 1408 ·
254 1400 328 1419 motus
357 1397 424 1419 codd.

217 1430 266 1446 exc.
281 1431 354 1446 uixsr.

217 1556 227 1565 ⁶
241 1561 314 1583 neque
327 1555 377 1576 aab.

217 1661 226 1669 '¹
241 1659 311 1681 Num.
324 1666 398 1687 praec.

224 2867 233 2875 '
248 2870 308 2893 quae
321 2865 370 2887 vab.

455 332 529 368 290

454 398 562 434 simul
583 404 702 434 curret
726 395 859 433 divisio
883 402 1008 432 motus
1028 395 1236 431 secundum
1263 400 1388 441 partes
1413 399 1504 428 tem-

452 450 555 499 poris
577 457 611 486 et
629 448 838 486 secundum
856 455 980 496 partes
999 446 1158 483 mobilis.

507 504 541 539 3.
558 502 704 539 Deinde
721 513 806 537 cum
823 499 923 537 dicit:
941 500 995 536 Sit
1009 499 1124 548 igitur
1138 498 1249 546 ipsius
1263 497 1410 545 quidem
1422 503 1502 542 etc„

453 554 663 592 manifestat
680 553 822 602 positos
842 552 994 589 modos:
1021 559 1056 587 et
1073 551 1195 599 primo
1220 549 1382 586 ostendit
1400 548 1504 596 quod

454 615 578 643 motus
603 605 789 642 dividatur
811 604 1019 641 secundum
1040 610 1164 651 partes
1183 601 1349 646 mobilis;
1374 612 1504 637 secun-

455 659 503 696 do
524 658 627 707 quod
648 658 833 694 dividatur
852 657 1060 693 secundum
1081 662 1205 702 partes
1224 653 1415 702 temporis,
1435 652 1503 688 ibi:

452 711 558 748 Alius
577 716 699 747 autem
713 710 913 747 secundum
929 714 1068 756 tempus
1080 709 1098 728 ²⁴²¹
1111 715 1178 744 etc.
1195 707 1366 743 Primum
1382 712 1504 741 osten-

454 763 506 801 dit
524 763 639 799 tribus
659 761 883 799 rationibus:
913 773 1073 808 quarum
1097 760 1219 808 prima
1246 759 1327 795 talis
1353 765 1416 794 est.
1447 758 1504 794 Ex

454 828 529 864 quo
549 822 652 852 moto
668 822 747 851 toto
766 821 968 851 moventur
980 814 1144 861 *partes,
1165 819 1291 848 motus
1310 811 1405 847 illius
1420 823 1503 860 par-

453 869 497 905 tis
516 879 613 916 quae
633 875 687 903 est
705 868 783 913 AB,
812 866 857 902 sit
875 866 961 910 DE;
992 873 1027 902 et
1051 872 1176 900 motus
1202 863 1350 900 alterius
1377 863 1503 912 partis,

454 932 550 969 quae
567 927 620 956 est
635 920 711 966 BC,
727 919 772 955 sit
786 919 849 955 EZ
869 917 896 954 β.
915 917 1018 954 Sicut
1033 929 1121 964 ergo
1141 923 1262 952 totum
1278 916 1420 952 mobile
1435 916 1502 952 AC

454 972 693 1021 componitur
713 983 756 1007 ex
774 971 839 1007 AB
861 978 895 1006 et
910 970 986 1016 BC,
999 969 1047 1006 ita
1062 976 1160 1006 totus
1176 976 1301 1005 motus
1317 969 1383 1005 DZ
1401 980 1504 1005 corn-

452 1025 604 1073 ponitur
623 1036 666 1060 ex
686 1024 755 1060 DE
776 1031 811 1059 et
829 1023 904 1059 EZ.
927 1023 1026 1058 Cum
1047 1034 1133 1069 ergo
1157 1029 1316 1069 utraque
1339 1021 1503 1070 partium

453 1077 601 1113 mobilis
612 1083 808 1112 moveatur
819 1074 1027 1111 secundum
1040 1081 1237 1122 utramque
1247 1074 1411 1122 partium
1422 1086 1504 1111 mo-

452 1137 522 1175 tus,
542 1129 591 1165 ita
607 1136 731 1164 tamen
752 1127 856 1176 quod
873 1134 1003 1163 neutra
1022 1139 1109 1174 pars
1129 1126 1278 1163 mobilis
1295 1128 1314 1148 ²³⁴
1329 1135 1506 1164 movetur

452 1181 659 1218 secundum
678 1188 826 1216 motum
850 1179 998 1215 alterius
1024 1179 1139 1227 partis
1164 1179 1270 1227 (quia
1295 1180 1504 1217 secundum

452 1234 525 1270 hoc
539 1240 636 1269 totus
655 1239 780 1269 motus
796 1239 892 1269 esset
905 1231 1016 1268 unius
1031 1231 1155 1279 partis,
1173 1243 1269 1280 quae
1288 1239 1506 1269 moveretur

453 1293 559 1322 motu
579 1297 646 1321 suo
673 1292 707 1321 et
730 1293 838 1321 motu
863 1284 1011 1320 alterius
1030 1284 1175 1332 partis),
1205 1292 1354 1332 oportet
1382 1285 1504 1321 dicere

453 1338 556 1386 quod
574 1345 673 1374 totus
691 1344 817 1374 motus
836 1337 902 1374 DZ
928 1337 973 1373 sit
991 1337 1103 1373 totius
1122 1336 1272 1372 mobilis
1291 1337 1377 1382 AC;
1399 1344 1434 1373 et
1453 1338 1505 1373 sic

453 1397 578 1426 motus
605 1389 716 1427 totius
745 1389 921 1426 dividitur
946 1401 1014 1438 per
1041 1396 1190 1426 motum
1212 1390 1230 1410 '³
1250 1388 1423 1437 partium.

505 1455 541 1490 4.
560 1442 774 1479 Secundam
789 1442 971 1478 rationem
985 1441 1092 1490 ponit
1106 1441 1168 1477 ibi:
1183 1441 1354 1489 Amplius
1367 1448 1503 1488 autem,

452 1496 486 1531 si
501 1495 620 1531 omnis
639 1500 758 1531 motus
781 1502 867 1531 etc.:
897 1506 992 1542 quae
1018 1494 1097 1530 talis
1122 1501 1186 1530 est.
1218 1494 1353 1530 Omnis
1378 1502 1505 1531 motus

454 1555 508 1584 est
527 1547 678 1584 alicuius
699 1547 866 1583 mobilis:
895 1553 993 1582 totus
1013 1553 1138 1581 autern
1159 1553 1284 1582 motus
1303 1547 1371 1582 DZ
1391 1559 1470 1584 non
1484 1547 1504 1568 ²*

455 1608 508 1636 est
535 1599 682 1636 alterius
701 1599 879 1647 partium;
904 1598 991 1645 quia
1017 1605 1147 1634 neutra
1171 1606 1347 1635 movetur
1374 1611 1505 1636 secun-

454 1653 545 1688 dum
555 1659 673 1688 toturn
691 1658 848 1697 motum,
861 1651 927 1687 sed
936 1658 1093 1698 utraque
1105 1658 1282 1687 movetur
1296 1652 1506 1690 secundum

451 1712 575 1752 partes
598 1711 739 1750 motuS,
768 1711 809 1739 ut
833 1703 973 1740 dictum
994 1711 1048 1739 est
1068 1705 1098 1739 ²³⁴.
1120 1703 1255 1752 Neque
1274 1703 1410 1741 iterum
1438 1717 1506 1754 po-

452 1764 522 1793 test
541 1756 612 1794 dici
630 1756 733 1804 quod
752 1755 797 1792 sit
815 1763 940 1792 motus
960 1755 1231 1803 cuiuscumque
1256 1756 1404 1794 alterius
1425 1770 1507 1794 mo-

453 1809 533 1845 bilis
554 1808 711 1857 separati
731 1809 778 1844 ab
793 1808 882 1844 AC:
904 1808 990 1856 quia
1010 1808 1040 1844 si
1059 1815 1158 1845 totus
1177 1809 1244 1844 iste
1263 1816 1390 1846 motus
1410 1817 1508 1846 esset

452 1861 562 1898 totius
578 1861 725 1898 alterius
740 1861 900 1907 mobilis,
913 1869 1132 1909 sequeretur
1146 1861 1250 1908 quod
1261 1869 1385 1910 partes
1396 1862 1507 1899 huius

453 1921 577 1950 motus
611 1921 734 1950 essent
763 1913 927 1962 partium
960 1913 1055 1949 illius
1083 1913 1255 1959 mobilis;
1289 1913 1357 1951 sed
1383 1923 1507 1963 partes

453 1967 561 2003 huius
581 1974 705 2003 motus
725 1966 789 2014 qui
812 1966 944 2003 dicitur
964 1966 1030 2002 DZ
1051 1971 1081 2012 ⁷,
1102 1973 1187 2002 sunt
1205 1966 1369 2014 partium
1397 1966 1507 2004 huius

453 2019 600 2056 mobilis
624 2031 721 2067 quae
745 2026 832 2055 sunt
854 2020 932 2065 AB,
953 2019 1030 2064 BC,
1056 2026 1092 2054 et
1116 2019 1303 2055 nullarum
1329 2019 1506 2065 aliarum3

453 2071 539 2119 quia
554 2071 584 2108 si
600 2079 722 2108 essent
737 2079 772 2108 et
785 2072 921 2108 harum
938 2078 973 2107 et
988 2071 1156 2118 aliarum,
1170 2079 1388 2120 sequeretur
1403 2072 1507 2121 quod

452 2136 550 2160 unus
577 2131 704 2160 motus
729 2131 825 2160 esset
851 2124 1026 2173 plurium,
1047 2125 1152 2172 quod
1181 2131 1235 2160 est
1263 2123 1506 2172 impossibile.

453 2176 686 2224 Relinquitur
710 2188 797 2224 ergo
817 2177 921 2224 quod
949 2183 1048 2213 totus
1073 2184 1198 2213 motus
1224 2176 1270 2213 sit
1296 2177 1408 2214 totius
1427 2189 1508 2214 ma-

453 2229 663 2276 gnitudinis,
694 2229 788 2266 sicut
820 2237 855 2266 et
877 2237 1001 2278 partes
1033 2229 1212 2277 partium3
1243 2236 1278 2265 et
1305 2229 1354 2266 ita
1381 2238 1508 2266 motus

452 2281 562 2318 totius
591 2281 767 2318 dividitur
794 2282 1003 2318 secundum
1021 2288 1145 2330 partes
1174 2281 1333 2318 mobilis.

510 2335 541 2370 5.
572 2334 739 2370 Tertiam
777 2334 960 2371 rationem
998 2334 1104 2382 ponit
1136 2334 1207 2370 ibi:
1240 2334 1412 2382 Amplius
1440 2347 1506 2371 au-

454 2392 546 2431 tem,
574 2387 607 2422 si
637 2392 690 2423 est
719 2387 865 2434 quidem
901 2394 990 2423 etc.:
1031 2399 1127 2435 quae
1160 2386 1241 2423 talis
1274 2395 1339 2424 est.
1379 2388 1506 2424 Omne

455 2439 558 2487 quod
589 2447 783 2486 movetur,
813 2440 928 2476 habet
956 2439 1119 2488 aliquem
1139 2447 1308 2476 motum:
1343 2440 1372 2476 si
1400 2440 1509 2488 igitur

454 2498 552 2527 totus
580 2499 704 2528 motus
738 2491 800 2540 qui
829 2499 884 2528 est
910 2493 994 2538 DZ,
1033 2505 1111 2529 non
1136 2492 1180 2528 sit
1211 2492 1324 2529 totius
1358 2492 1508 2530 mobilis

456 2543 560 2591 quod
588 2551 642 2580 est
668 2545 758 2591 AC,
793 2552 940 2593 oportet
967 2546 1070 2594 quod
1099 2545 1230 2593 aliquis
1258 2545 1352 2582 alius
1380 2553 1507 2583 motus

457 2596 501 2632 sit
524 2596 623 2642 eius;
654 2604 689 2632 et
707 2597 751 2633 sit
771 2597 828 2633 ille
852 2605 977 2634 motus
997 2598 1060 2634 TI.
1087 2598 1147 2634 Ab
1167 2599 1240 2634 hoc
1261 2610 1347 2646 ergo
1368 2607 1475 2635 motu
1495 2597 1508 2620 δ

456 2649 507 2685 ΤΙ
534 2649 746 2686 auferantur
771 2662 840 2698 per
863 2650 1087 2687 divisionem
1110 2658 1237 2687 motus
1264 2658 1507 2699 utrarumque

456 2701 629 2749 partium,
651 2714 746 2749 quos
766 2709 913 2751 oportet
937 2715 1016 2739 esse
1037 2703 1213 2751 aequales
1241 2702 1283 2739 iis
1307 2715 1404 2751 quae
1425 2712 1510 2741 sunt

457 2754 579 2800 DEZ,
612 2755 683 2790 hac
711 2754 890 2791 rationet·
909 2755 997 2803 quia
1028 2755 1138 2791 unius
1166 2755 1316 2792 mobilis
1348 2769 1426 2793 non
1455 2764 1510 2794 est

457 2805 526 2842 nisi
554 2818 650 2843 unus
669 2815 813 2853 motus3
841 2808 942 2843 unde
962 2819 1039 2844 non
1066 2815 1190 2855 potest
1214 2807 1284 2844 dici
1304 2809 1407 2857 quod
1427 2821 1508 2846 rno-

457 2865 516 2894 tus
549 2859 730 2906 partium,
765 2859 828 2907 qui
858 2860 877 2879 ⁹⁵
906 2859 1123 2896 auferuntur
1159 2872 1180 2896 a
1209 2867 1314 2896 motu
1343 2862 1415 2909 TI,
1445 2862 1509 2911 qui

458 2911 608 2958 ponitur
625 2923 704 2947 esse
721 2911 844 2957 totius,
861 2911 932 2958 sint
951 2912 1113 2948 maiores
1133 2920 1195 2949 aut
1215 2913 1378 2950 minores
1394 2927 1508 2963 quarn

459 2963 529 2998 DE
549 2970 584 2999 et
602 2963 685 3009 EZ,
705 2963 768 3011 qui
787 2964 1025 3012 ponebantur
1048 2972 1172 3001 motus
1202 2966 1407 3004 earundem
1426 2980 1509 3016 par-

459 3014 564 3051 tium.
598 3017 674 3051 Aut
705 3027 792 3062 ergo
826 3023 952 3053 motus
984 3017 1145 3065 partium
1184 3026 1410 3056 consumunt
1441 3033 1510 3069 per

461 3066 684 3103 divisionem
718 3075 838 3104 toturn
871 3069 945 3115 TI,
981 3077 1044 3106 aut
1076 3069 1252 3107 deficiunt
1280 3071 1326 3107 ab
1356 3084 1418 3119 eo,
1448 3081 1510 3110 aut

459 3206 563 3231 credidit
576 3207 781 3240 transponendo:
801 3207 966 3241 manifestum
980 3211 1019 3233 est
1033 3208 1103 3239 quod
1121 3208 1170 3233 BC
1182 3209 1259 3240 prius
1274 3211 1450 3241 pertransibit
1462 3212 1510 3237 hoc

459 3243 562 3275 signum
582 3242 610 3266 F
623 3249 699 3274 quam
718 3242 774 3267 AB.

512 3275 537 3308 β)
555 3276 590 3302 sit
609 3277 689 3302 EZ.—
706 3277 741 3302 sit
760 3277 812 3302 EF
826 3277 903 3302 Pinna
921 3277 946 3302 in
964 3277 1013 3302 hoc
1031 3285 1151 3308 numero;
1176 3278 1290 3304 similiter
1303 3287 1350 3312 pro
1370 3281 1424 3310 DZ,
1445 3281 1508 3311 DF3

463 3311 508 3336 sed
528 3312 551 3336 in
570 3312 734 3344 sequentibus
754 3313 865 3337 numeris
884 3312 986 3337 P·redit
1005 3313 1036 3337 ad
1056 3313 1190 3338 lectionem
1209 3314 1334 3340 codicum.

512 3346 539 3379 Υ)
558 3346 602 3378 ‘1¹¹1'
621 3346 717 3372 dicitur
737 3347 793 3373 DZ.
810 3361 826 3366 -
843 3347 894 3371 Pro
913 3347 969 3380 qui,
989 3355 1055 3380 quae
1068 3348 1230 3378 AlKLQYa;
1248 3356 1295 3381 pro
1309 3349 1420 3381 dicitur,
1439 3351 1508 3383 quod

460 3388 512 3405 om.
532 3381 553 3411 Ι,
571 3384 609 3406 ese
627 3386 674 3406 cet.
694 3389 746 3407 exc.
765 3382 964 3412 ADKNOQTY.
976 3396 995 3403 -
1014 3383 1099 3415 Pergit
1118 3383 1154 3408 N:
1173 3390 1239 3416 quae
1256 3387 1318 3409 sunt
1337 3388 1429 3416 partes
1443 3393 1509 3418 par-

461 3415 525 3439 tium
545 3415 620 3441 huius
638 3416 738 3442 mobilis
756 3417 826 3449 quod
844 3417 942 3443 dicitur
954 3418 1013 3447 AC,
1029 3425 1095 3450 quae
1112 3422 1175 3443 sunt
1191 3418 1241 3443 AB
1258 3422 1284 3444 et
1302 3419 1363 3448 Bc,-
1381 3428 1429 3452 pro
1443 3428 1508 3453 par-

463 3450 535 3477 tium,
551 3451 668 3481 partium
684 3455 776 3483 partes
795 3452 849 3482 EG,
865 3456 957 3484 partes
976 3458 1022 3478 cet.
1042 3460 1095 3479 exc.
1114 3453 1259 3484 BHLRS&
1283 3461 1330 3487 pro
1348 3454 1396 3479 AB
1410 3455 1459 3481 BC
1475 3457 1509 3481 le-

464 3489 525 3515 gunt
543 3485 616 3509 ΑΒΕ
631 3485 708 3511 Pinna
726 3491 750 3511 et
768 3486 791 3511 b.

515 3517 539 3548 ὃ)
558 3519 596 3543 Ab
615 3519 661 3544 hoc
679 3527 742 3553 ergo
762 3525 832 3546 motu
851 3527 925 3547 etc.-
940 3522 989 3547 Pro
1008 3528 1080 3555 ergo,
1101 3524 1170 3556 quod
1189 3531 1242 3549 orn.
1261 3523 1319 3554 NR,
1338 3527 1426 3550 autem
1446 3526 1508 3550 BCF

464 3552 596 3581 Hvaz‚
614 3561 677 3586 ergo
704 3559 790 3580 autem
810 3557 844 3587 E;
870 3565 916 3589 pro
936 3561 1006 3582 motu
1030 3557 1078 3587 TI,
1105 3562 1175 3583 motu
1195 3559 1239 3591 qui
1257 3562 1296 3584 est
1318 3558 1356 3583 ΤΙ
1372 3559 1439 3589 Pub,-
1462 3568 1509 3594 pro

464 3588 629 3619 auser-antur,
647 3590 786 3622 auferatur
804 3591 856 3616 Pab
875 3596 900 3616 et
919 3593 992 3617 codd.
1011 3600 1063 3617 exc.
1084 3594 1255 3625 BCFMVXZ3
1280 3602 1327 3626 pro
1345 3602 1423 3627 quos,
1444 3602 1509 3628 quas

464 3621 522 3653 FN;
541 3629 587 3654 pro
605 3626 713 3654 oportet,
733 3628 851 3656 oporteat
870 3626 922 3651 Pub
941 3632 966 3651 et
984 3627 1057 3652 codd.
1076 3635 1128 3653 exc.
1147 3628 1350 3655 EFGHLNZsB.

1071 314 1414 353 PHYSICORUM
1441 312 1788 350 ARISTOTELIS
1819 313 1912 349 LlB.
1941 313 1992 349 VI

1560 391 1869 439 superexcedunt.
1902 389 1940 426 Si
1971 396 2201 427 consumunt
2226 396 2348 426 totum
2377 390 2447 438 TI,
2478 396 2515 427 et
2541 402 2620 428 non

1561 443 1745 480 excedunt
1772 455 1842 480 nec
1865 442 2055 489 deficiunt,
2085 442 2252 491 sequitur
2279 442 2382 490 quod
2411 450 2538 480 motus
2565 444 2625 480 ΤΙ-

1560 495 1604 532 sit
1631 495 1797 544 aequalis
1825 494 1946 532 motui
1966 494 1986 515 ²³⁸
2005 495 2085 542 DZ,
2115 494 2180 543 qui
2209 501 2265 531 est
2287 502 2414 531 motus
2440 495 2617 543 partium,

1560 556 1596 584 et
1622 560 1702 597 non
1729 547 1876 584 differat
1904 548 1952 584 ab
1981 559 2039 584 eo.
2077 546 2117 584 Si
2145 554 2272 584 autem
2301 554 2428 584 motus
2455 548 2618 596 partium

1560 599 1739 637 deficiunt
1767 613 1789 636 a
1817 601 1882 647 T1,
1911 599 1962 636 ita
1984 599 2088 648 quod
2117 600 2169 636 TI
2200 598 2355 636 excedat
2382 599 2449 636 DZ
2479 600 2517 637 in
2545 600 2618 648 KI,

1559 653 1627 689 ista
1654 665 1741 701 pars
1769 660 1896 689 motus
1921 664 2017 701 quae
2047 659 2102 688 est
2120 652 2183 699 KI,
2204 652 2340 689 nullius
2368 652 2520 689 mobilis
2540 653 2617 690 erit.

1559 706 1650 742 Non
1679 705 1781 742 enim
1811 712 1866 742 est
1892 713 2019 742 motus
2047 704 2158 741 totius
2185 705 2275 752 AC,
2305 715 2428 754 neque
2455 705 2620 754 partium

1560 757 1658 803 eius;
1689 758 1778 806 quia
1795 757 1907 794 unius
1935 770 2013 795 non
2033 764 2087 794 est
2108 757 2178 794 nisi
2195 756 2294 794 unus
2318 764 2458 806 motus,
2488 764 2524 794 et
2541 764 2620 795 tam

1559 810 1625 846 toti
1641 822 1759 858 quam
1777 810 1945 858 partibus
1965 810 2172 857 assignatus
2193 818 2248 847 est
2266 810 2343 847 iam
2363 810 2455 847 alius
2479 817 2618 847 motus.

1559 864 1696 911 Neque
1717 863 1851 899 iterum
1870 869 1995 911 potest
2015 862 2086 900 dici
2106 863 2211 911 quod
2231 862 2276 900 sit
2295 862 2450 899 alicuius
2469 862 2620 900 alterius

1558 915 1726 961 mobilis;
1747 915 1835 964 quia
1853 921 1954 951 totus
1974 922 2101 951 motus
2122 916 2141 936 ³⁹
2162 915 2213 952 TI
2244 922 2299 952 est
2316 915 2474 964 quidam
2492 922 2620 953 motus

1559 968 1775 1014 continuus3
1806 974 1842 1003 et
1869 974 1996 1003 motus
2025 967 2222 1004 continuus
2256 975 2404 1016 oportet
2436 967 2541 1016 quod
2575 967 2622 1004 sit

1560 1020 1842 1067 continuorum,
1870 1027 1913 1056 ut
1939 1019 1978 1056 in
2005 1019 2136 1068 quinto
2156 1020 2176 1040 *
2195 1027 2389 1057 ostensum
2413 1028 2479 1057 est.
2508 1020 2620 1058 Unde

1559 1086 1638 1110 non
1655 1080 1780 1122 potest
1805 1084 1885 1109 esse
1914 1072 2020 1121 quod
2045 1083 2134 1120 pars
2153 1072 2264 1109 huius
2293 1079 2420 1109 motus
2441 1072 2619 1120 continui,

1560 1138 1658 1174 quae
1678 1133 1732 1162 est
1760 1126 1810 1162 KI
1830 1130 1857 1172 ¹,
1887 1124 1933 1161 sit
1960 1123 2116 1161 alicuius
2134 1124 2285 1161 mobilis
2304 1124 2408 1173 quod
2433 1137 2512 1161 non
2531 1137 2621 1162 con-

1560 1179 1721 1215 tinuetur
1749 1189 1836 1214 cum
1864 1177 1977 1213 ABC.
2014 1176 2194 1214 Similiter
2226 1176 2338 1213 etiam
2372 1177 2541 1225 sequitur
2567 1177 2621 1214 in-

1559 1230 1805 1277 conveniens,
1827 1229 1857 1266 si
1877 1229 2019 1266 dicatur
2038 1229 2142 1278 quod
2161 1236 2288 1266 motus
2310 1229 2475 1278 partium
2503 1227 2625 1267 excell

1558 1284 1609 1319 lat
1644 1283 1856 1320 secundum
1894 1281 2142 1328 divisionem;
2180 1282 2269 1330 quia
2305 1289 2484 1330 sequetur
2516 1282 2623 1330 quod

1557 1343 1682 1384 partes
1711 1335 1894 1372 excedant
1920 1342 2063 1381 totum,
2092 1335 2198 1383 quod
2226 1342 2280 1371 est
2306 1334 2550 1384 impossibile.
2581 1334 2623 1372 Si

1560 1400 1647 1436 ergo
1676 1389 1751 1424 hoc
1781 1395 1835 1424 est
1862 1387 2106 1436 impossibile,
2127 1386 2232 1435 quod
2257 1387 2412 1433 excedat
2437 1388 2501 1424 vel
2529 1386 2622 1438 defi?

1559 1441 1642 1487 ciat,
1662 1453 1816 1477 necesse
1839 1447 1895 1477 est
1920 1439 2026 1488 quod
2054 1447 2181 1476 motus
2207 1439 2372 1488 partium
2391 1440 2437 1477 sit
2455 1439 2623 1488 aequalis

1560 1501 1595 1530 et
1627 1493 1729 1530 idem
1762 1492 1883 1529 motui
1910 1493 2070 1530 totius.-
2087 1493 2194 1529 Haec
2219 1492 2330 1541 igitur
2357 1492 2372 1518 ζ
2398 1492 2534 1530 divisio
2566 1499 2623 1530 est

1560 1545 1771 1583 secundum
1800 1553 1927 1582 motus
1954 1545 2136 1594 partium3
2173 1551 2208 1581 et
2235 1557 2390 1583 necesse
2426 1552 2481 1582 est
2514 1543 2625 1594 quod¹

1559 1598 1642 1635 talis
1677 1598 1825 1648 partitio
1863 1598 2074 1635 inveniatur
2107 1598 2147 1635 in
2184 1606 2313 1645 motu,
2355 1605 2510 1647 propter
2545 1597 2622 1635 hoe

1561 1651 1666 1700 quod
1694 1663 1810 1690 omne
1839 1651 1943 1700 quod
1971 1658 2148 1688 movetur
2177 1657 2233 1687 est
2258 1650 2440 1700 partibile.

1615 1705 1650 1741 6.
1680 1703 1828 1740 Deinde
1862 1716 1950 1740 cum
1979 1703 2086 1741 dicit:
2119 1704 2227 1741 Alius
2259 1709 2383 1740 autem
2415 1702 2620 1749 secundum

1561 1762 1703 1804 tempus
1731 1763 1817 1802 etc.‚
1848 1756 2009 1793 ostendit
2029 1758 2048 1778 ²²⁴
2067 1757 2172 1805 quod
2199 1763 2327 1793 motus
2347 1755 2536 1793 dividatur
2562 1767 2620 1793 se-

1563 1808 1730 1845 eundum
1751 1808 1976 1845 divisionem
2001 1809 2194 1857 temporis,
2215 1808 2277 1845 tali
2297 1809 2452 1846 ratione.
2483 1807 2621 1846 Omnis

1562 1868 1689 1898 motus
1719 1869 1774 1897 est
1800 1860 1839 1897 in
1866 1869 2059 1910 ternpore:
2089 1868 2126 1897 et
2153 1874 2270 1898 omne
2297 1869 2448 1910 tempus
2477 1868 2533 1898 est
2565 1860 2620 1899 di·

1561 1913 1724 1961 visibile,
1753 1921 1794 1950 ut
1819 1914 2023 1962 probatum
2052 1921 2108 1950 est
2127 1914 2158 1950 *.
2189 1914 2289 1950 Cum
2318 1925 2406 1961 ergo
2425 1913 2464 1950 in
2481 1913 2621 1953 minori

1561 1974 1734 2014 tempore
1755 1966 1800 2002 sit
1818 1966 1944 2003 minor
1962 1973 2100 2013 motus,
2122 1978 2276 2003 necesse
2297 1973 2352 2003 est
2370 1965 2476 2015 quod
2494 1965 2620 2004 omnis

1563 2027 1690 2055 motus
1718 2018 1906 2055 dividatur
1933 2019 2144 2056 secundum
2171 2027 2334 2067 tempus.

1616 2084 1652 2120 7.
1682 2071 1828 2108 Deinde
1863 2083 1951 2108 cum
1980 2070 2087 2108 dicit:
2107 2071 2312 2114 'Quoniam
2349 2076 2473 2108 autem
2510 2082 2622 2108 omne

1563 2124 1663 2172 quod
1679 2129 1851 2160 movetur
1870 2131 1951 2171 etc„
1975 2124 2138 2160 ostendit
2156 2136 2253 2172 quae
2273 2124 2384 2161 simul
2405 2123 2622 2161 dividantur

1563 2181 1652 2213 c‘um
1681 2183 1800 2213 motu.
1830 2177 1879 2212 Et
1907 2176 2004 2213 circa
2031 2177 2106 2213 hoc
2133 2176 2202 2213 tria
2229 2175 2332 2213 facit:
2360 2175 2486 2225 primo
2514 2174 2623 2226 ponit

1562 2229 1728 2277 quinque
1750 2241 1846 2277 quae
1875 2229 1987 2265 simul
2007 2229 2240 2275 dividunum
2270 2229 2439 2266 secundo
2459 2228 2623 2278 ostendit

1563 2278 1732 2330 quod'in
1762 2281 1939 2318 omnibus
1958 2281 2158 2330 praedictis
2186 2281 2297 2318 simul
2321 2281 2511 2319 invenitur
2536 2281 2622 2323 fini-

1561 2342 1643 2370 tum
1663 2342 1699 2370 et
1718 2334 1918 2381 infinitum,
1947 2334 2018 2371 ibi:
2047 2335 2098 2371 Et
2115 2335 2151 2371 in
2172 2335 2250 2383 ipso
2267 2335 2382 2383 finita
2405 2331 2486 2371 esse
2497 2334 2518 2356 ⁸
2533 2341 2621 2381 etc.;
2649 2350 2659 2360 ·

1562 2387 1668 2423 tertio
1698 2386 1860 2424 ostendit
1887 2387 1924 2424 in
1952 2399 2028 2436 quo
2062 2388 2202 2424 horum
2233 2387 2358 2437 primo
2393 2387 2583 2424 invenitur
2606 2391 2623 2410 ¹·

1563 2439 1696 2477 divisio
1717 2447 1753 2476 et
1779 2439 1984 2486 infinitum,
2013 2439 2085 2476 ibi:
2119 2441 2293 2477 Secutum
2311 2445 2436 2477 autem
2455 2439 2624 2477 maxime

1562 2499 1614 2529 est
1634 2494 1652 2514 ⁴⁴
1674 2500 1740 2529 etc.
1772 2492 1882 2529 Circa
1904 2492 2071 2542 primum
2101 2492 2178 2530 duo
2206 2493 2307 2529 facit:
2336 2492 2462 2542 primo
2481 2494 2626 2542 propo-v

1561 2545 1615 2582 nit
1632 2546 1737 2595 quod
1757 2545 1927 2592 intendit;
1948 2546 2115 2583 secundo
2135 2545 2348 2583 manifestat
2364 2544 2621 2594 propositum,

1562 2598 1631 2635 ibi:
1659 2598 1878 2647 Accipiatur
1904 2599 2002 2635 enim
2031 2603 2173 2646 tempus
2193 2599 2213 2620 *ἒ
2233 2606 2302 2635 etc.

1615 2651 1714 2688 Dicit
1742 2663 1829 2699 ergo
1849 2650 1973 2700 primo
1995 2651 2026 2699 ¹⁸,
2047 2651 2151 2699 quod
2175 2651 2262 2700 'quia
2282 2662 2397 2688 omne
2416 2649 2520 2700 quod
2538 2660 2622 2687 mo-
2649 2665 2659 2674 ·

1562 2712 1682 2751 vetur,
1703 2711 1881 2741 movetur
1899 2704 1936 2741 in
1956 2703 2093 2752 aliquo,
2122 2703 2219 2741 idest
2238 2703 2450 2741 secundum
2470 2701 2622 2753 aliquod

1563 2769 1680 2804 genus
1698 2757 1760 2794 vel
1779 2756 1964 2805 speciem,
1994 2765 2030 2793 et
2056 2756 2191 2794 iterum
2219 2755 2258 2793 in
2286 2756 2413 2806 aliquo
2431 2763 2621 2805 tempore3

1564 2817 1600 2846 et
1636 2810 1771 2846 iterum
1809 2809 2006 2846 cuiuslibet
2043 2809 2194 2846 mobilis
2227 2816 2282 2846 est
2313 2807 2446 2858 aliquis
2477 2815 2624 2854 motus:

1563 2874 1716 2899 necesse
1737 2869 1792 2899 est
1810 2862 1915 2911 quod
1938 2862 2006 2900 ista
2029 2861 2196 2912 quinque
2220 2861 2332 2899 simul
2360 2861 2576 2899 dividantur
2592 2858 2625 2909 ’,ν

1563 2915 1702 2952 scilicet
1733 2922 1904 2964 tempus,
1931 2922 1967 2952 et
1993 2923 2137 2962 motus,
2172 2922 2208 2952 et
2234 2914 2361 2964 ipsum
2393 2913 2557 2961 moveri,
2587 2920 2624 2950 et

1563 2968 1705 3004 mobile
1733 2967 1838 3016 quod
1866 2974 2062 3014 movetur,
2093 2975 2129 3004 et
2159 2967 2198 3005 id
2225 2967 2265 3004 in
2293 2979 2370 3016 quo
2399 2973 2455 3003 est
2480 2966 2620 3012 motus,

1563 3021 1625 3057 vel
1655 3021 1761 3057 locus
1788 3021 1850 3057 vel
1878 3020 2035 3070 qualitas
2058 3021 2119 3057 vel
2152 3019 2348 3068 quantitas.
2385 3019 2461 3056 Sed
2494 3026 2622 3056 tamen

1564 3085 1642 3110 non
1661 3080 1715 3110 est
1735 3072 1872 3110 eodem
1901 3073 2020 3110 modo
2056 3072 2191 3110 divisio
2219 3071 2393 3110 omnium
2417 3082 2551 3108 eorum
2584 3070 2623 3108 in

1614 3213 1636 3246 ε)
1655 3219 1722 3245 quae
1734 3215 1773 3238 est
1786 3212 1915 3245 KL-qm'
1932 3215 1971 3238 est
1987 3212 2026 3238 TI
2039 3212 2117 3237 Pinna
2129 3216 2154 3237 et
2171 3219 2189 3237 a
2199 3212 2226 3242 b,
2241 3219 2293 3237 non
2308 3211 2413 3244 quidem
2426 3211 2498 3243 false,
2513 3212 2559 3238 sed
2573 3212 2622 3238 mi-

1562 3255 1610 3273 nus
1629 3247 1765 3280 perspicue
1783 3255 1861 3280 quam
1880 3247 1962 3277 codd..
1982 3255 2095 3280 quorum
2115 3247 2173 3272 leet.
2192 3246 2343 3272 determinat
2365 3246 2474 3272 verbum
2489 3254 2572 3280 par-85
2589 3247 2621 3273 cf.

1562 3283 1638 3315 pnulo
1651 3290 1730 3316 supra
1744 3283 1796 3308 isra
1810 3289 1877 3314 pars
1897 3285 1983 3308 motus
1997 3282 2131 3307 ete-Pro
2145 3289 2196 3307 non
2212 3282 2389 3311 continuetur,
2405 3289 2456 3308 non
2471 3282 2622 3308 continetur

1562 3318 1734 3349 CDHQTnG,
1752 3317 1904 3344 continetur
1921 3317 2000 3351 EpG,
2019 3325 2070 3343 ras.
2089 3317 2135 3350 pF.

1613 3352 1640 3385 ζ)
1653 3353 1728 3378 Haec
1742 3353 1834 3386 igitur.
1843 3366 1863 3372 -
1877 3352 1924 3377 His
1938 3353 2103 3386 praemittunt
2117 3352 2174 3378 edd.
2187 3352 2278 3378 Venet-
2293 3351 2358 3384 ¹504
2373 3357 2398 3378 et
2411 3357 2552 3386 sequentes
2567 3351 2621 3378 De-

1562 3387 1622 3412 inde
1640 3388 1781 3417 concludit,
1801 3388 1872 3421 quod
1885 3388 1971 3413 nullus
1984 3388 2063 3413 codex
2078 3395 2125 3413 nec
2138 3394 2156 3412 a
2165 3388 2180 3413 b
2194 3387 2297 3419 habent,
2312 3387 2423 3421 ideoque
2441 3387 2621 3420 expungimus.

1615 3423 1641 3455 η)
1657 3423 1747 3455 primo
1765 3423 1907 3449 invenitur.
1930 3436 1949 3443 —
1966 3423 2056 3456 primo
2075 3430 2127 3448 om.
2151 3422 2205 3448 Pab
2224 3429 2249 3448 et
2267 3423 2341 3448 codd.
2361 3430 2415 3448 exc.
2434 3422 2621 3448 BCDFHMNT

1562 3457 1694 3488 VXZle;
1714 3458 1759 3483 EG
1779 3457 1838 3484 hab.
1859 3459 1984 3483 lacunam.
2008 3458 2045 3483 Ex
2064 3458 2155 3483 ultimo
2169 3465 2240 3484 num.
2259 3457 2375 3483 lectionis
2398 3457 2563 3483 manifestum
2581 3462 2623 3483 est

1563 3493 1632 3525 quod
1647 3493 1737 3525 primo
1751 3501 1802 3518 non
1816 3493 1892 3518 debet
1909 3493 2000 3518 omitti.
2140 3523 2143 3525 ,

1615 3526 1638 3559 0)
1658 3528 1736 3552 simul
1755 3528 1995 3554 dividantur.-1ta
2014 3528 2098 3558 EGK,
2117 3528 2239 3554 stmiliter
2255 3528 2310 3554 sive
2323 3527 2570 3554 stmu1dfvfdamur
2588 3527 2620 3558 N,

1562 3561 1683 3587 similiter
1697 3563 1854 3588 dividantur
1868 3563 1921 3588 Pa»
1934 3567 1960 3588 et
1973 3568 2022 3588 cet.
2036 3563 2122 3588 codd:
2137 3564 2183 3588 sed
2196 3568 2251 3588 tum
2261 3564 2286 3588 in
2298 3562 2423 3588 divisione
2434 3567 2518 3588 textu·
2532 3570 2557 3588 n.
2569 3563 2620 3595 pri·

1563 3604 1606 3621 mo
1625 3603 1649 3622 et
1667 3605 1746 3630 supra
1763 3598 1788 3623 in
1808 3598 1857 3623 hoc
1876 3605 1956 3627 num..
1975 3602 2031 3623 tum
2049 3598 2113 3623 infra
2131 3598 2157 3623 in
2171 3605 2247 3631 seqq.
2258 3605 2369 3628 numm..
2384 3603 2410 3623 et
2423 3597 2499 3623 codd.
2515 3601 2542 3622 et
2560 3597 2621 3622 edd.

1563 3631 1657 3657 habent
1681 3640 1732 3657 non
1754 3633 1877 3659 similiter
1895 3634 1941 3658 sed
1959 3633 2047 3659 simul.
2058 3646 2078 3653 -
2095 3633 2146 3658 Pro
2165 3633 2206 3658 vel
2223 3633 2311 3663 Iocus,
2336 3635 2366 3658 ut
2384 3633 2456 3658 locus
2473 3630 2622 3658 EFNRZeI.

2646 506 2655 515 ·
2667 504 2740 527 motui
2747 510 2796 527 om.
2803 505 2857 527 rab.
2868 514 2870 516 v

2648 925 2657 935 ·
2667 925 2874 958 ηιοΜοω.ιάῡ.;

2647 1033 2657 1042 ·
2667 1031 2731 1054 αα.
2741 1037 2780 1059 vn,
2791 1037 2815 1054 n.
2824 1037 2846 1055 ι.
2865 1047 2868 1049 >

2648 1748 2875 1792 ‘'cot-emme

2647 1928 2656 1938 ¹
2671 1926 2735 1949 Leet.
2745 1932 2780 1949 ux.

2649 2512 2659 2522 ·
2668 2510 2740 2534 Nun.
2753 2515 2786 2534 ιι.
