2950 4004
0 355 3 369 ³
19 366 23 367 ⁷
38 375 50 386 ·
62 373 103 405 ‚cc
117 372 157 395 nb.
171 371 202 399 v,
216 371 248 393 ie-

0 362 29 498 }
37 404 163 448 &nautam
173 429 249 446 BffGfl

23 488 26 493 ἱ
37 457 108 476 “0¹2-

38 533 50 547 ¹
62 532 152 555 scilicet
163 530 215 553 rab.

35 947 42 967 ·’»
56 949 144 974 accidit
150 950 202 972 rab.

32 1003 123 1027 Leet.
137 1010 160 1030 v,
174 1009 197 1025 n.
211 1003 234 1024 6.

27 1213 40 1239 „⁴
62 1217 133 1241 Num.
143 1217 248 1246 praeced.

37 1316 52 1332 *
64 1318 197 1341 commum.
211 1323 249 1339 ne.

28 1511 49 1536 '⁹
65 1523 99 1544 aa
119 1522 146 1544 id
165 1522 203 1544 ed.
224 1527 250 1547 a,-

37 1549 106 1572 als'ud
115 1549 170 1571 add.
179 1548 249 1570 codd.

38 1581 88 1598 GKC-
102 1581 151 1597 ua.

61 1947 112 1970 eius
125 1953 235 1976 orn-vpa.

1126 283 1237 319 CAP.
1267 282 1314 330 V,
1346 282 1496 319 LECT.
1525 283 1594 320 VII

275 373 363 412 pars
397 361 477 399 eius
506 369 561 398 est
587 362 713 398 habita
731 361 762 407 ³⁸,
778 360 875 398 idest
902 368 1177 409 consequenter
1204 373 1244 397 se
1272 361 1336 396 ha-

277 417 382 462 bens,
403 414 451 452 ad
471 414 583 451 aliam
595 415 657 451 ²¹².-
679 414 882 461 Quaedam
900 426 994 451 vero
1011 414 1222 450 secundum
1241 412 1336 449 acci-

277 468 371 505 dens
394 474 481 504 sunt
498 467 537 504 in
564 467 662 514 loco,
684 466 778 503 sicut
797 466 924 503 anima
953 474 988 503 et
1007 478 1141 503 omnes
1169 466 1335 502 formae:

277 527 314 557 et
325 521 401 557 hoc
421 519 534 556 etiam
549 520 668 557 modo
685 520 844 566 caelum,
865 519 994 556 idest*
1014 518 1146 555 ultima
1165 518 1336 566 sphaera,

277 579 334 609 est
359 573 398 609 in
425 573 523 620 loco,
544 572 769 621 inquantum
790 583 924 608 omnes
945 570 1024 607 eius
1043 577 1167 619 partes
1195 578 1282 606 sunt
1299 570 1338 606 in

275 625 374 674 loco,
396 637 441 662 ex
460 637 506 662 eo
528 625 633 674 quod
652 635 902 673 unaquaeque
921 635 1008 672 pars
1028 623 1108 659 eius
1128 622 1339 659 continetur

277 678 347 715 sub
367 678 439 715 alia
458 678 670 715 secundum
690 676 982 713 circulationem.
998 674 1043 712 In
1062 687 1221 724 corpore
1237 675 1338 711 enim

276 743 355 768 non
383 730 550 767 circulari
568 742 656 779 pars
677 736 843 766 extrema
862 735 1034 765 remanet
1052 740 1131 765 non
1150 735 1336 774 contenta,

277 783 345 820 sed
383 783 577 820 continens
605 789 769 819 tantum:
804 780 871 818 sed
907 781 945 817 in
983 778 1141 829 corpore
1171 780 1339 817 circulari

278 836 467 885 quaelibet
478 847 567 884 pars
583 842 638 871 est
652 834 847 871 continens
863 840 900 870 et
919 840 1104 881 contenta,
1121 833 1159 870 in
1172 833 1340 882 potentia

276 896 416 926 tamen.
428 888 539 925 Unde
560 887 704 924 ratione
720 886 894 923 omnium
907 886 1071 935 partium
1087 898 1242 923 suarum
1258 899 1339 923 cor-

276 953 348 990 pus
377 940 556 977 circulare
577 947 633 977 est
651 940 690 976 in
707 940 805 976 1000.
822 940 871 975 Εῖ
884 939 958 976 hoc
977 938 1111 987 accipit
1130 940 1150 960 ³⁸
1171 951 1252 975 esse
1270 951 1340 987 per

277 992 464 1040 accidens,
480 991 624 1029 scilicet
630 1005 700 1042 per
712 999 849 1041 partes,
866 992 960 1028 sicut
973 1004 1088 1040 supra
1103 993 1134 1038 ²⁷³,
1148 1004 1236 1028 cum
1251 991 1341 1028 dixit

276 1045 382 1095 quod
389 1053 516 1095 partes
531 1045 700 1094 corporis
714 1051 919 1082 moventur
926 1056 995 1093 per
1005 1044 1178 1081 accidens
1189 1044 1227 1080 in
1241 1044 1338 1080 1000.

337 1110 393 1146 14.
414 1098 563 1136 Deinde
589 1110 677 1135 cum
697 1097 804 1135 dicit:
835 1097 940 1135 Unde
958 1102 1129 1134 movetur
1148 1096 1340 1133 circulari-

277 1158 333 1189 ter
360 1159 442 1198 etc.,
463 1151 606 1189 inducit
633 1150 827 1200 quandam
847 1149 1131 1187 conclusionem
1161 1161 1205 1185 ex
1232 1161 1339 1198 prae-

277 1204 394 1242 dictis.
416 1204 517 1251 Quia
546 1204 648 1241 enim
675 1204 851 1241 dixerat*
865 1204 970 1251 quod
990 1215 1128 1251 corpus
1147 1203 1252 1250 quod
1273 1202 1339 1238 cir-

277 1257 450 1294 culariter
477 1263 674 1304 movetur,
705 1268 784 1293 non
812 1262 961 1305 oportet
993 1268 1075 1292 esse
1102 1255 1141 1292 in
1169 1255 1254 1291 loco
1283 1267 1339 1291 εθ-

277 1309 446 1347 cundum
474 1316 609 1357 totum,
630 1308 699 1346 sed
717 1310 842 1346 solum
863 1309 883 1330 *
900 1321 970 1358 per
988 1308 1174 1355 accidens,
1195 1307 1339 1344 ratione

275 1362 460 1411 partium,
490 1361 680 1399 concludit
707 1362 811 1411 quod
839 1373 976 1410 eorpus
1004 1373 1227 1409 supremum
1255 1372 1338 1396 mo-

275 1422 387 1453 vetur
415 1415 538 1457 solum
559 1414 796 1461 circulariter,
816 1422 972 1463 propter
990 1414 1064 1450 hoc
1089 1413 1192 1462 quod
1211 1413 1337 1461 ipsum

277 1475 401 1504 totum
438 1479 517 1504 non
555 1474 610 1504 est
646 1467 800 1514 alicubi;
829 1467 918 1516 quia
954 1466 1059 1516 quod
1087 1474 1142 1503 est
1179 1466 1336 1514 alicubi,

277 1520 403 1570 ipsum
424 1528 479 1557 est
497 1519 649 1569 aliquid,
671 1527 706 1556 et
719 1521 834 1557 habet
853 1519 994 1568 aliquid
1010 1521 1030 1541 ³²
1047 1526 1148 1556 extra
1167 1531 1206 1555 se
1222 1531 1244 1556 a
1259 1531 1336 1567 quo

278 1573 505 1619 continetur;
535 1572 602 1610 sed
631 1579 733 1609 extra
760 1579 883 1610 totum
902 1572 992 1609 nihil
1021 1579 1087 1609 est.
1108 1573 1158 1608 Et
1183 1579 1339 1620 propter

275 1626 351 1663 hoc
370 1625 500 1662 omnia
529 1625 702 1662 dicuntur
721 1637 803 1662 esse
830 1625 869 1662 in
897 1625 1002 1662 caelo
1022 1624 1116 1661 sicut
1143 1624 1182 1661 in
1204 1625 1337 1661 ultimo

277 1677 503 1724 continente,
525 1677 613 1726 quia
632 1678 780 1714 caelum
808 1677 974 1715 fortassis
995 1685 1049 1713 est
1077 1676 1180 1725 quod
1209 1684 1264 1714 θεῖ
1282 1685 1338 1713 ῖο-

276 1738 358 1767 tum
388 1730 597 1767 continens.
626 1730 725 1767 Dicit
752 1738 881 1767 autem
900 1730 1096 1778 sortassz'S,
1127 1729 1216 1777 quia
1244 1742 1338 1766 non-

278 1783 371 1820 dum
397 1784 603 1832 probatum
632 1789 687 1820 est
714 1783 819 1832 quod
848 1789 951 1819 extra
988 1783 1134 1819 caelum
1162 1782 1252 1818 nihil
1281 1782 1336 1819 sit.

277 1837 370 1873 Non
389 1843 443 1873 est
457 1843 585 1873 autem
605 1835 658 1872 sic
676 1835 970 1883 intelligendum,
986 1835 1091 1883 quod
1110 1834 1236 1883 ipsum
1257 1847 1338 1871 cor-

275 1901 348 1938 pus
377 1888 470 1926 caeli
497 1889 542 1926 sit
568 1889 691 1926 locus:
721 1889 788 1926 sed
816 1888 1006 1937 quaedam
1035 1887 1254 1936 superficies
1281 1888 1337 1924 ul-

276 1941 369 1979 tima
396 1941 477 1979 eius
494 1943 515 1963 *
531 1954 665 1979 versus
684 1954 774 1988 nos;
804 1949 840 1978 et
859 1948 914 1978 est
941 1940 1036 1977 sicut
1054 1940 1236 1977 terminus
1259 1947 1338 1977 tan-

276 2007 368 2043 gens
397 2006 558 2044 corpora
585 1994 742 2031 mobilia
770 2006 866 2043 quae
886 1994 925 2030 in
952 1994 1035 2042 ipso
1065 2001 1162 2030 sunt.
1183 1994 1233 2030 Et
1250 2005 1337 2042 pro-

276 2054 360 2097 pter
385 2048 461 2084 hoc
489 2047 648 2084 dicimus
685 2047 790 2097 quod
817 2054 915 2084 terra
944 2054 998 2083 est
1025 2046 1063 2083 in
1091 2059 1210 2095 aqua,
1240 2058 1337 2094 quae

2379 285 2449 333 169

1393 367 1449 397 est
1476 360 1514 397 in
1543 373 1639 408 aere,
1661 361 1726 410 qui
1746 369 1801 398 est
1829 362 1867 398 in
1886 363 2045 408 aethere,
2066 362 2161 399 idest
2188 362 2286 410 igne,
2308 362 2372 410 qui
2398 370 2452 399 est

1392 412 1430 449 in
1460 413 1577 460 caelo,
1608 414 1712 462 quod
1740 426 1819 451 non
1848 422 1903 451 est
1929 415 2083 452 ulterius
2111 415 2150 452 in
2178 415 2263 452 alio.

1453 467 1508 502 15.
1539 466 1759 503 Secundum
1787 479 1880 503 vero
1909 467 2156 504 intentionem
2175 467 2367 515 Averrois,
2394 468 2451 504 lit-

1392 524 1471 554 tera
1499 518 1566 554 ista
1594 518 1700 555 aliter
1728 520 1953 568 exponenda
1991 527 2056 557 est.
2091 521 2194 557 Nam
2233 521 2450 569 exemplum

1394 570 1441 606 de
1461 582 1559 618 aqua
1587 571 1691 619 quod
1709 571 1834 620 primo
1863 572 2014 620 inducit,
2035 585 2113 609 non
2134 580 2188 609 est
2211 573 2450 610 referendum

1393 623 1603 660 secundum
1632 624 1756 672 ipsum
1786 624 1834 661 ad
1860 625 2035 661 ultimam
2063 626 2276 674 sphaeram,
2306 626 2374 662 sed
2403 626 2452 662 ad

1392 682 1515 712 totum
1533 675 1770 713 universum:
1791 679 1896 725 quod
1919 678 2074 726 quidem
2094 685 2271 715 movetur
2293 677 2451 727 inquan-

1392 735 1474 764 tum
1493 736 1617 777 partes
1646 729 1725 766 eius
1753 738 1968 777 moventur,
1990 730 2178 779 quaedam
2198 731 2354 779 quidem
2383 731 2451 767 cir-

1394 781 1584 828 culariter,
1623 789 1664 818 ut
1701 794 1860 830 corpora
1900 783 2091 830 caelestia,
2131 783 2320 831 quaedam
2356 795 2450 820 vero

1394 841 1502 870 motu
1530 847 1681 871 sursum
1708 836 1771 871 vel
1801 835 1992 882 deorsum,
2012 842 2054 872 ut
2072 835 2249 872 inferiora
2277 848 2449 884 corpora.

1394 886 1510 932 Quod
1530 899 1623 924 vero
1647 888 1896 936 postmodum
1915 887 2112 934 inducitur,
2134 888 2238 937 quod
2262 888 2451 937 quaedam

1394 946 1480 975 sunt
1502 939 1540 975 in
1559 940 1644 976 loco
1665 947 1761 987 actu,
1782 940 1973 989 quaedam
1991 940 2176 989 potentia,
2205 953 2284 977 non
2313 949 2367 977 est
2395 953 2451 977 re-

1394 991 1594 1028 ferendum
1614 992 1663 1028 ad
1681 992 1784 1041 prius
1800 993 1908 1040 dicta,
1930 993 1997 1030 sed
2017 1000 2166 1042 oportet
2178 1001 2220 1030 ut
2237 1000 2393 1042 propter
2412 1005 2451 1029 se

1395 1043 1537 1080 dictum
1566 1044 1747 1092 accipere.
1778 1045 1878 1092 Quia
1906 1045 2007 1082 enim
2037 1046 2178 1082 dixerat
2205 1046 2310 1095 quod
2338 1057 2452 1095 quae-

1396 1096 1485 1133 dam
1514 1104 1600 1132 sunt
1627 1097 1666 1133 in
1685 1097 1768 1133 loco
1789 1098 2000 1135 seeundum
2022 1106 2159 1147 partes,
2181 1098 2371 1147 quaedam
2395 1111 2452 1134 se-

1396 1148 1564 1185 cundum
1583 1156 1717 1196 totum,
1740 1158 2013 1198 consequenter
2032 1151 2197 1199 adiungit
2214 1152 2319 1199 quod
2338 1163 2452 1199 quae-

1396 1201 1485 1238 dam
1519 1209 1605 1238 sunt
1637 1202 1676 1238 in
1712 1202 1797 1238 loco
1836 1203 2047 1240 secundum
2080 1211 2228 1251 actum,
2262 1203 2453 1253 quaedam

1395 1254 1606 1291 secundum
1625 1254 1846 1304 potentiam:
1869 1263 1903 1291 et
1922 1256 2091 1303 ulterius,
2110 1257 2129 1277 '¹‘
2143 1256 2247 1304 quod
2262 1256 2452 1304 quaedam

1394 1314 1482 1344 sunt
1508 1307 1548 1343 in
1575 1308 1660 1344 loco
1687 1320 1757 1356 per
1776 1320 1827 1354 se,
1849 1308 2039 1356 quaedam
2067 1321 2134 1356 per
2163 1309 2347 1345 accidens.
2378 1308 2453 1345 Ubi

1394 1360 1604 1397 notandum
1638 1367 1693 1396 est
1734 1361 1838 1408 quod
1881 1361 2027 1397 caelum
2069 1361 2279 1398 secundum
2327 1361 2453 1409 ipsum

1394 1412 1590 1461 dupliciter
1609 1412 1788 1461 accipitur
1810 1412 1886 1449 hic:
1916 1426 2006 1450 nam
2031 1414 2156 1461 primo
2183 1414 2329 1450 caelum
2359 1413 2453 1450 acci-

1392 1465 1493 1514 pitur
1509 1478 1580 1514 pro
1608 1465 1850 1503 universitate
1881 1478 2098 1514 corporum,
2116 1473 2152 1502 et
2180 1466 2345 1502 maxime
2371 1477 2454 1502 cae-

1392 1518 1563 1564 lestium;
1593 1518 1761 1555 secundo
1789 1530 1860 1566 pro
1879 1518 2012 1555 ultima
2040 1519 2210 1567 sphaera.
2232 1518 2331 1555 Dicit
2364 1530 2452 1565 ergo

1392 1571 1498 1620 quod
1515 1583 1585 1620 per
1612 1583 1652 1608 se
1686 1578 1772 1607 sunt
1800 1571 1838 1608 in
1857 1571 1955 1618 1000,
1977 1583 2074 1620 quae
2096 1578 2302 1609 moventur
2321 1583 2453 1607 secun-

1394 1624 1486 1660 dum
1514 1624 1663 1671 locum,
1693 1624 1774 1661 sive
1803 1624 2014 1661 secundum
2051 1630 2173 1661 totum
2211 1623 2291 1661 sive
2320 1635 2452 1660 secun—

1393 1677 1485 1713 dum
1521 1683 1662 1725 partes,
1691 1684 1733 1713 ut
1761 1677 1920 1724 caelum,
1949 1676 2045 1714 idest
2069 1678 2088 1698 ²³⁴
2115 1676 2355 1714 universum:
2384 1687 2454 1724 per

1393 1729 1567 1765 accidens
1596 1737 1723 1765 autem
1752 1737 1838 1766 sunt
1865 1729 1903 1766 in
1935 1730 2038 1776 1000,
2067 1737 2109 1766 ut
2141 1729 2269 1766 anima
2301 1736 2337 1765 et
2370 1741 2452 1764 cae-

1392 1781 1484 1828 lum,
1509 1781 1605 1818 idest
1636 1781 1768 1818 ultima
1806 1782 1977 1830 sphaera.
2008 1782 2108 1829 Quia
2150 1788 2299 1830 oportet
2327 1780 2451 1818 dicere

1394 1833 1500 1882 quod
1528 1846 1664 1870 omnes
1691 1842 1816 1882 partes
1844 1834 2012 1871 universi
2040 1834 2113 1871 sint
2140 1836 2159 1854 ⁴*
2178 1834 2303 1883 aliquo
2332 1833 2450 1869 modo

1393 1886 1432 1923 in
1460 1887 1558 1934 1000,
1578 1886 1710 1923 ultima
1730 1886 1886 1934 quidem
1906 1887 2065 1935 sphaera
2083 1899 2151 1935 per
2175 1886 2359 1932 accidens,
2381 1886 2452 1922 alia

1392 1952 1486 1976 vero
1509 1951 1670 1987 corpora
1696 1952 1766 1988 per
1793 1951 1844 1985 se,
1865 1939 2090 1988 inquantum
2110 1939 2157 1975 ab
2179 1938 2350 1975 exteriori
2371 1951 2451 1975 cor-

1392 2004 1486 2041 pore
1525 1992 1776 2029 continentur.
1814 1993 1863 2028 Et
1896 1993 1971 2029 hoc
2007 1991 2220 2029 manifestat
2254 2003 2377 2039 usque
2413 1990 2452 2027 in

1392 2046 1522 2082 finem.

421 3665 490 3698 Opp.
509 3665 540 3689 D.
555 3665 667 3689 ΤΗοΜΑΕ
681 3664 712 3688 Τ-.
732 3664 760 3688 11.

2224 3662 2256 3679 22

2480 1262 2491 1272 ³
2510 1261 2619 1289 adiungit
2632 1261 2686 1283 add.

2480 1294 2605 1309 tremens.

2480 1685 2489 1694 ·
2507 1686 2531 1705 et
2543 1685 2587 1706 pal·
2594 1689 2616 1707 et
2624 1685 2693 1708 codd.

2479 1717 2692 1738 exc.nzmnoa;om.

2479 1743 2502 1758 o.

2480 1841 2490 1852 *¹
2507 1841 2555 1862 sint
2572 1847 2620 1863 om.
2639 1842 2677 1863 ab

2480 1871 2502 1889 et
2515 1873 2638 1895 AIK'rvxpC.
