2898 3996
222 2099 230 2106 ’
265 2096 416 2124 Philosophus

219 2129 266 2144 om.
281 2129 296 2143 a
311 2127 333 2144 et
346 2123 414 2144 codd.

219 2155 268 2170 exc.
282 2155 318 2170 ur.

218 2413 226 2420 ·
241 2411 310 2432 Num.
325 2418 373 2439 seq.

218 2513 226 2521 ”
241 2511 310 2533 Num.
325 2517 345 2539 3.

218 2617 273 2637 'non
281 2616 425 2644 addatntva.

218 3041 226 3047 '
238 3038 424 3066 Cf.lcct.praec.,

215 3071 278 3086 num.
294 3071 313 3092 1,
329 3071 348 3087 2.

216 3144 224 3151 ”
240 3149 353 3170 nunquam
368 3150 425 3166 Λςκι.

215 3175 376 3214 Ἲορετνχνρι
404 3175 424 3192 et

219 3249 226 3255 ·
242 3250 277 3268 est
289 3249 365 3270 asab.

218 3302 225 3308 ·
239 3299 299 3320 Lect.
312 3302 425 3328 praeced„

217 3331 280 3347 num.
292 3332 319 3348 η.

461 289 534 326 352

459 366 525 396 Καὶ
550 364 578 395 εἰ
602 363 691 396 ἔστιν
719 362 852 407 ἀριθμός
877 362 897 397 ἡ
925 362 1035 402 οὐσία,
1056 362 1176 392 πλείων
1202 362 1258 391 καὶ
1277 359 1432 393 ἐλάττων
1452 361 1518 404 ἀρι-

527 407 606 452 θμὸς
632 401 839 451 ὀμοιοειδής,
868 406 940 438 ἀλλ’
972 404 1139 448 ἀνώνυμον
1165 404 1206 436 τὸ
1228 404 1360 444 κοινόν,
1393 406 1451 435 καὶ
1476 403 1517 435 τὸ

529 451 687 495 ἑκάτερον
716 449 845 491 [ποιόν
877 449 918 481 τὸ
943 449 1003 493 μὲν
1036 447 1172 488 ποιόν,]
1200 446 1310 492 ὥσπερ
1335 448 1376 480 τὸ
1402 449 1516 479 πλεῖον

528 495 632 532 πάθος
659 493 679 531 ἦ
706 494 746 526 τὸ
772 492 935 538 ὑπερέχον
960 493 1088 536 μᾶλλον
1115 491 1175 531 [τὸ
1192 486 1230 523 δὲ
1246 491 1350 523 ποσὸν
1369 490 1515 534 μεῖζον].

514 602 662 628 SYNopsrs.
680 615 713 620 —
735 609 758 627 1.
779 600 989 635 Argumentum
1010 604 1038 625 et
1058 597 1160 626 divisio
1181 603 1283 625 textus.
1298 613 1317 618 —
1334 598 1377 624 De
1399 605 1516 632 compa-

461 639 571 668 ratione
585 645 716 667 motuum
731 638 761 666 in
775 637 932 666 communi.
948 637 1044 664 Motus
1058 645 1149 673 aeque
1163 636 1275 664 veloces
1289 643 1363 671 sunt,
1378 645 1430 672 per
1444 644 1517 671 quos

461 678 567 707 mobile
589 677 700 714 aequali
720 684 851 713 tempore
871 676 1009 712 percurrit
1029 675 1178 712 aequalem
1193 675 1401 712 longitudinem
1416 683 1516 702 secun—

461 719 531 746 dum
546 717 734 745 mutationem
749 716 877 744 eiusdem
892 715 1004 751 speciei.
1020 731 1039 736 -
1054 722 1080 742 2.
1096 716 1138 742 De
1153 714 1370 750 comparatione
1384 720 1517 741 motuum

461 757 639 785 dlversorum
660 765 807 793 generum.
831 755 904 782 Cum
919 754 975 782 loci
996 754 1117 782 mutatio
1132 763 1192 781 non
1214 753 1249 781 sit
1264 753 1391 781 eiusdem
1413 751 1517 789 speciei

461 806 527 825 curn
542 795 717 830 alteratione,
733 803 794 823 non
808 800 874 822 sunt
888 793 1095 829 comparabiles
1109 793 1272 821 velocitates
1282 801 1393 820 eorum.
1404 807 1423 812 —
1436 792 1461 820 3.
1474 793 1517 819 De

461 835 676 871 comparatione
697 840 828 862 motuum
850 832 977 861 eiusdem
998 832 1125 869 generis,
1147 838 1176 859 et
1195 831 1290 868 primo
1318 837 1458 868 quantum
1480 831 1518 859 ad

460 875 516 903 Ioci
543 874 736 902 mutationem.
758 889 777 895 -
797 873 904 900 Textus
932 871 1096 900 subdivisio.
1117 886 1136 891 -
1158 870 1425 899 Praetermittuntur
1447 879 1515 907 aug-

460 920 590 942 mentum
612 920 639 942 et
660 911 825 947 diminutio,
847 911 914 948 quia
936 911 1036 939 eadem
1058 910 1130 939 ratio
1152 916 1194 938 est
1214 910 1244 938 in
1265 909 1310 938 his
1330 916 1359 938 et
1379 909 1408 938 in
1434 916 1517 938 motu

456 952 553 981 locali.
574 969 594 974 -
613 962 641 988 4.
664 952 693 980 Si
715 960 816 980 omnes
837 950 891 978 loci
914 950 1086 978 mutationes
1107 949 1246 986 contingit
1270 958 1331 978 esse
1356 958 1448 986 aeque
1469 958 1517 977 ve-

460 993 550 1027 loces,
572 991 699 1028 sequitur
720 991 799 1027 quod
813 989 869 1018 sint
889 990 1021 1026 aequales
1042 995 1138 1017 motus
1152 995 1244 1017 rectus
1266 994 1293 1017 et
1314 988 1468 1024 circularis,
1490 995 1518 1016 et

459 1031 534 1059 linea
548 1038 624 1059 recta
645 1037 672 1058 et
693 1029 850 1064 circularis;
872 1029 952 1065 quod
973 1036 1015 1056 est
1035 1028 1250 1057 inconveniens.
1273 1045 1290 1049 -
1309 1029 1335 1056 5.
1359 1029 1454 1056 Causa
1474 1027 1519 1056 in-

460 1069 712 1106 comparabilitatis
732 1074 828 1097 motus
849 1068 917 1096 recti
939 1074 966 1096 et
987 1068 1131 1096 circularis
1152 1073 1194 1096 est
1214 1074 1276 1095 turn
1297 1077 1331 1096 ex
1351 1073 1431 1104 parte
1453 1077 1516 1096 mo-

459 1116 504 1138 tus
525 1109 631 1143 localis,
646 1115 707 1136 tum
728 1117 761 1136 ex
782 1114 861 1144 parte
873 1107 1091 1144 magnitudinis:
1114 1108 1202 1136 ambo
1217 1107 1293 1135 enirn
1308 1107 1474 1135 dividuntur
1487 1106 1516 1135 in

458 1149 550 1177 varias
576 1148 692 1185 species.
721 1147 796 1182 Quia
822 1156 891 1175 vero
920 1147 1067 1175 diversitas
1094 1146 1198 1184 speciei
1223 1146 1254 1175 in
1275 1146 1331 1175 loci
1358 1146 1516 1175 mutatione

459 1194 590 1216 causatur
611 1197 644 1215 ex
664 1187 825 1215 diversitate
846 1185 951 1222 speciei
971 1186 1002 1214 in
1022 1186 1228 1223 magnitudine,
1247 1186 1314 1214 ideo
1335 1185 1516 1223 incompara-

458 1227 551 1255 bilitas
566 1226 709 1263 praedicta
723 1226 814 1254 oritur
826 1225 921 1262 primo
932 1235 966 1254 ex
979 1225 1138 1254 differentia
1151 1225 1365 1262 magnitudinis.
1375 1242 1394 1247 -
1403 1226 1430 1254 6.
1446 1225 1516 1253 Loci

458 1266 578 1295 mutatio
599 1275 660 1294 non
681 1266 884 1294 diversificatur
904 1265 998 1302 specie
1017 1266 1175 1294 secundum
1197 1265 1308 1293 diversa
1328 1265 1517 1293 instrumenta

458 1312 563 1334 motus.
579 1323 597 1327 -
612 1315 639 1342 7.
663 1305 852 1333 Concluditur
873 1305 953 1342 quod
974 1311 1070 1332 motus
1085 1305 1188 1333 locales
1209 1314 1300 1341 aeque
1314 1304 1426 1332 veloces
1440 1310 1515 1339 sunt,

458 1354 509 1382 per
530 1355 603 1382 quos
625 1345 743 1373 mobilia
763 1345 792 1372 in
813 1344 925 1382 aequali
945 1350 1076 1380 ternpore
1098 1350 1250 1372 moventur
1271 1343 1429 1372 secundum
1455 1353 1516 1372 ma-

458 1384 636 1421 gnitudinem
657 1385 787 1420 eandem,
809 1385 865 1412 hoc
886 1390 928 1412 est
948 1384 1096 1420 aequalem
1119 1389 1147 1411 et
1168 1383 1295 1411 eiusdem
1317 1381 1429 1419 speciei.
1452 1383 1516 1411 Mo-

458 1431 503 1452 tus
524 1433 592 1461 ergo
613 1423 775 1452 differentes
797 1432 900 1460 genere
921 1423 965 1450 vel
986 1422 1079 1459 specie
1100 1432 1159 1451 non
1181 1429 1248 1450 sunt
1268 1421 1486 1458 comparabiles.
1499 1439 1516 1444 -

458 1464 486 1491 8.
510 1463 710 1491 Corollarium.
738 1464 834 1491 Genus
862 1472 922 1490 non
944 1469 985 1490 est
1011 1462 1118 1498 aliquid
1145 1471 1235 1490 unum
1258 1461 1437 1498 simpliciter,
1465 1463 1516 1490 sed

457 1503 566 1539 species
591 1509 633 1530 est
658 1502 767 1539 aliquid
793 1511 883 1530 unum
910 1501 1083 1538 simpliciter.
1113 1502 1187 1529 Nam
1215 1501 1324 1538 species
1351 1501 1475 1529 sumitur
1498 1510 1516 1530 a

456 1542 550 1570 forma
571 1542 679 1576 ultima,
695 1550 768 1578 quae
790 1541 955 1577 simpliciter
976 1547 1017 1569 est
1037 1550 1096 1568 una
1116 1540 1147 1568 in
1167 1549 1264 1568 rerum
1285 1547 1403 1576 natura;
1425 1550 1516 1578 genus

456 1588 552 1609 autem
578 1591 639 1610 non
665 1581 786 1608 sumitur
811 1581 847 1608 ab
872 1580 968 1617 aliqua
994 1580 1087 1607 forma
1117 1589 1191 1616 quae
1218 1580 1253 1608 sit
1277 1589 1335 1608 una
1362 1581 1391 1608 in
1419 1589 1515 1608 rerum

457 1627 566 1655 namra,
582 1621 632 1648 sed
648 1629 721 1656 quae
736 1627 778 1648 est
791 1629 850 1647 una
870 1620 1028 1648 secundum
1044 1619 1186 1647 rationem
1201 1626 1329 1648 tantum:
1344 1619 1410 1648 ideo
1425 1629 1516 1657 genus

456 1666 498 1687 est
512 1669 603 1687 unum
619 1659 722 1698 logice,
738 1660 788 1687 sed
802 1668 862 1687 non
872 1659 1008 1697 physice.
1023 1675 1042 1680 -
1057 1660 1177 1695 Propter
1190 1660 1247 1687 hoc
1263 1660 1316 1687 sub
1330 1668 1434 1696 genere
1449 1660 1518 1688 latet

456 1699 611 1727 multorum
634 1698 841 1735 aequivocatio,
863 1699 1020 1726 secundum
1043 1698 1183 1726 maiorem
1204 1699 1249 1727 vel
1269 1698 1413 1727 minorem
1437 1698 1516 1727 simi-

454 1738 605 1766 litudinem
619 1744 647 1766 et
660 1738 870 1774 proximitatem
885 1738 922 1766 ad
936 1738 1075 1766 unitatem
1096 1738 1217 1775 generis.
1232 1755 1252 1759 -
1267 1747 1294 1775 9.
1315 1739 1398 1766 Unde
1413 1738 1448 1766 sit
1463 1738 1516 1766 dif-

450 1777 573 1806 'ferentia
602 1777 768 1814 specierum.
797 1778 962 1805 Secundum
988 1777 1152 1806 Platonicos
1173 1784 1314 1814 ponentes
1339 1787 1429 1815 genus
1455 1787 1516 1806 esse

455 1827 546 1845 unum
568 1817 745 1853 simpliciter,
767 1817 927 1845 differentia
947 1817 1107 1854 specierum
1128 1817 1284 1845 attenditur
1305 1827 1338 1845 ex
1360 1818 1416 1846 hoc
1437 1818 1516 1854 quod

455 1857 563 1893 aliquid
583 1857 659 1884 idem
680 1863 722 1884 est
743 1856 772 1884 in
794 1856 850 1884 alio
865 1862 893 1884 et
913 1856 970 1884 alio
992 1855 1180 1892 susceptibili:
1202 1863 1273 1893 puta
1286 1857 1390 1885 albedo
1412 1863 1440 1885 et
1453 1858 1516 1885 dul-

456 1897 528 1924 cedo
549 1896 683 1924 differunt
698 1905 748 1932 per
769 1896 825 1924 hoc
847 1896 927 1932 quod
949 1896 1079 1932 qualitas,
1102 1905 1176 1933 quae
1191 1902 1233 1924 est
1246 1905 1314 1932 una,
1336 1896 1470 1933 recipitur
1487 1897 1516 1924 in

456 1936 566 1964 diverso
581 1935 717 1963 subiecto.
740 1936 798 1963 Sed
814 1935 882 1972 quia
895 1935 997 1964 falsum
1020 1942 1062 1963 est
1077 1936 1157 1972 quod
1170 1945 1260 1972 genus
1277 1936 1314 1964 sit
1329 1945 1388 1964 una
1404 1943 1516 1971 natura,

455 1975 521 2004 ideo
542 1985 602 2004 non
616 1981 734 2012 propter
747 1975 803 2003 hoc
818 1981 860 2003 est
880 1974 936 2003 alia
956 1974 1064 2012 species
1085 1974 1154 2012 quia
1173 1975 1251 2003 idem
1268 1982 1311 2003 est
1330 1975 1361 2003 in
1380 1976 1451 2012 alio3
1466 1977 1516 2004 sed

573 2106 608 2132 ΊΥι,
674 2107 689 2127 ,»
719 2091 895 2132 ostquam
905 2083 1186 2132 Philosophus*
1191 2083 1400 2121 ostenditin
1412 2097 1515 2121 com-

573 2164 609 2187 ὣς
672 2135 702 2167 ἓν
719 2136 843 2183 muni,
873 2136 964 2184 quid
992 2136 1204 2185 requiratur
1230 2137 1279 2174 ad
1307 2138 1382 2174 hoc
1409 2138 1515 2186 quod

599 2184 702 2242 K}
718 2189 842 2237 aliqua
871 2189 943 2226 sint
968 2189 1250 2238 comparabilia,
1281 2190 1443 2239 applicat
1460 2190 1514 2227 in-

520 2267 525 2270 ·
633 2280 637 2282 ,
658 2236 699 2269 ‘ks
717 2249 872 2279 ventam
900 2241 1098 2279 veritatem
1118 2243 1167 2279 ad
1188 2243 1514 2291 comparationem

457 2302 642 2341 motuum,
664 2294 710 2331 de
736 2307 811 2343 qua
838 2294 900 2331 hic
923 2294 1089 2331 intendit.
1120 2296 1169 2331 Et
1194 2295 1319 2344 primo
1343 2295 1382 2332 in
1411 2308 1514 2333 com-

455 2347 579 2393 muni3
618 2348 785 2385 secundo
821 2347 1082 2396 comparando
1116 2355 1242 2385 motus
1273 2348 1512 2386 diversorum

455 2411 648 2447 generum,
679 2400 750 2437 ibi:
776 2401 817 2437 Si
833 2407 958 2438 autem
986 2400 1091 2437 aliud
1111 2402 1130 2422 '³‘
1151 2409 1242 2447 etc.;
1271 2401 1378 2438 tenio
1409 2414 1513 2439 com-

453 2453 623 2500 parando
660 2461 786 2490 motus
813 2454 926 2490 unius
957 2453 1104 2501 generis
1142 2454 1190 2490 ad
1224 2454 1404 2501 invicem,
1438 2454 1510 2492 ibi:

459 2506 583 2546 Quare
609 2506 643 2542 si
668 2518 764 2554 quae
783 2507 819 2543 in
839 2507 1023 2554 aequali*
1039 2514 1106 2542 ete.
1136 2507 1236 2544 Dicit
1259 2519 1348 2555 ergo
1367 2507 1510 2556 primo,

454 2558 558 2606 quod
586 2558 679 2595 sicut
706 2559 744 2596 in
772 2559 851 2596 aliis
890 2559 1087 2608 requiritur
1114 2560 1162 2596 ad
1190 2561 1265 2597 hoc
1302 2560 1407 2608 quod
1440 2560 1513 2598 sint

455 2611 732 2660 comparabilia,
762 2612 866 2660 quod
886 2624 964 2649 non
984 2611 1056 2648 sint
1079 2613 1302 2661 aequivoca,
1319 2620 1356 2650 et
1374 2614 1477 2663 quod
1491 2614 1512 2635 *

453 2663 499 2700 sit
516 2663 618 2701 idem
638 2665 805 2713 primum
833 2664 1104 2713 susceptivum,
1122 2673 1157 2702 et
1181 2666 1285 2714 quod
1304 2666 1350 2702 sit
1374 2667 1509 2703 eadem

453 2717 616 2765 species;
646 2717 698 2754 sic
718 2725 754 2754 et
781 2718 877 2755 circa
905 2725 1054 2755 motum
1083 2730 1204 2766 aeque
1232 2719 1346 2756 velox
1377 2718 1511 2756 dicitur

452 2769 539 2805 illud
568 2770 672 2819 quod
701 2778 877 2808 movetur
894 2771 932 2807 in
951 2771 1098 2819 aequali
1126 2778 1311 2820 tempore,
1339 2783 1408 2820 per
1429 2779 1509 2809 tan-

452 2829 532 2858 tum
553 2830 588 2858 et
607 2824 762 2871 aequale
777 2829 794 2844 ‘²‘
809 2823 959 2860 alterius
977 2823 1229 2871 longitudinis,
1250 2825 1287 2861 in
1310 2825 1393 2871 hac,
1414 2825 1510 2862 idest

453 2876 661 2912 secundum
689 2876 938 2913 mutationem
968 2876 1138 2914 eiusdem
1167 2877 1316 2926 speciei.

507 2939 541 2964 2.
562 2928 709 2965 Deinde
739 2941 826 2967 cum
847 2929 953 2966 dicit:
983 2930 1025 2965 Si
1050 2935 1174 2966 autem
1202 2930 1308 2967 aliud
1324 2937 1410 2977 etc.,
1436 2931 1510 2978 agit

453 2979 499 3016 de
529 2980 809 3029 comparatione
839 2990 1013 3019 motuum
1043 2982 1282 3020 diversorum
1311 2995 1505 3030 generum.

453 3033 501 3068 Et
516 3032 602 3069 dicit
617 3034 825 3071 secundum
840 3036 1046 3083 praemissa
1061 3036 1091 3081 ³²,
1104 3037 1209 3084 quod
1232 3036 1263 3073 si
1282 3048 1402 3073 unum
1423 3049 1506 3073 mo-

453 3084 525 3121 bile
545 3085 727 3133 alteretur,
758 3087 857 3124 aliud
877 3100 970 3125 vero
990 3090 1159 3134 ducatur,
1180 3089 1276 3126 idest
1295 3090 1506 3127 secundum

452 3137 579 3175 locum
599 3146 808 3186 moveatur,
825 3141 1008 3190 numquid
1026 3142 1045 3163 ss
1060 3149 1183 3190 potest
1203 3142 1275 3179 dici
1295 3142 1398 3191 quod
1419 3143 1506 3179 alte-

452 3190 544 3226 ratio
565 3190 610 3227 sit
629 3203 749 3240 aeque
767 3193 879 3229 velox
898 3194 970 3230 loci
999 3193 1229 3231 mutationi?
1257 3194 1334 3232 Sed
1358 3195 1432 3232 hoc
1453 3195 1505 3232 di-

454 3254 534 3279 cere
564 3251 660 3280 esset
680 3246 699 3264 *
724 3245 1006 3283 inconveniens.
1039 3247 1156 3283 Cuius
1185 3259 1298 3284 causa
1322 3255 1387 3294 est,
1418 3248 1506 3296 quia

453 3303 577 3331 motus
596 3297 708 3332 habet
728 3297 894 3335 diversas
915 3299 1069 3347 species,
1093 3307 1128 3336 et
1148 3299 1223 3336 iarn
1250 3300 1392 3336 dictum
1418 3309 1472 3337 est
1485 3301 1505 3322 ⁵*

453 3347 554 3393 quod
584 3360 627 3384 ea
655 3361 752 3396 quae
781 3363 857 3387 non
886 3359 971 3388 sunt
998 3352 1109 3388 unius
1138 3352 1288 3401 speciei,
1318 3364 1395 3390 non
1420 3362 1505 3390 sunt

454 3401 731 3447 comparabilia.
749 3402 847 3448 Quia
867 3415 953 3451 ergo
974 3404 1045 3441 loci
1065 3404 1222 3442 mutatio
1243 3417 1321 3442 non
1337 3412 1391 3442 est
1411 3405 1504 3442 eius-

508 3562 534 3585 α)
551 3568 599 3592 per
619 3565 719 3587 tantum
739 3567 764 3588 et
782 3566 1060 3596 aequale-PBCFSQA
1081 3573 1105 3592 et
1124 3569 1174 3598 ab5
1191 3576 1243 3601 per
1261 3572 1363 3593 tantum
1383 3572 1408 3594 et
1426 3571 1502 3602 quale

454 3594 656 3627 ΑΚΙΜΤΥΧΥς
666 3605 716 3629 per
731 3602 832 3624 tantum
846 3601 954 3632 aequaIe
969 3602 1122 3633 EGOQRZ3
1134 3611 1184 3635 per
1195 3604 1310 3635 spatium
1325 3605 1434 3636 aequale
1446 3605 1501 3635 HN,

1075 284 1419 322 PHYSICORUM
1446 283 1795 321 ARISTOTELIS
1824 283 1918 319 LIB.
1947 282 2017 319 Vll

1571 361 1612 391 Et
1634 360 1659 390 si
1683 366 1729 390 est
1751 369 1903 390 numerus
1926 359 2109 398 substantia,
2133 359 2235 390 maior
2253 367 2284 391 et
2295 360 2402 391 minor
2424 371 2575 392 numerus
2594 361 2633 392 si-

1637 403 1720 434 milis
1744 403 1868 443 speciei.
1892 403 1954 434 Sed
1971 410 2017 433 est
2031 403 2268 434 innominatum
2290 405 2379 445 quod
2402 414 2573 436 commune
2587 411 2635 435 est

1637 454 1668 478 et
1682 453 1870 488 utrumque;
1888 446 1968 477 sicut
1983 457 2065 487 quae
2088 447 2160 487 plus
2184 447 2289 488 passio
2313 454 2367 479 aut
2386 449 2548 488 excellens,
2567 459 2633 479 ma-

1636 491 1694 530 gis,
1718 497 1875 531 quantum
1898 497 2005 521 autem
2027 490 2141 522 maius.
2270 490 2278 498 '

1571 595 1640 632 quia
1661 601 1703 623 est
1716 595 1775 623 alia
1790 601 1895 624 natura
1915 595 1946 624 in
1960 595 2018 625 alio
2032 595 2218 632 susceptibili.
2229 611 2248 617 -—
2261 596 2345 624 Unde
2365 596 2483 633 propria
2504 596 2633 626 definitio

1572 634 1720 663 declarans
1740 634 1864 671 speciem
1892 641 1948 671 est,
1972 644 2031 672 qua
2050 644 2205 672 possumus
2226 635 2386 664 discernere
2406 642 2504 664 utrum
2525 635 2634 673 aliquid

1572 673 1608 702 sit
1628 674 1714 702 idem
1726 674 1771 702 vel
1791 673 1878 709 aliud,
1900 673 2065 711 simpliciter
2085 681 2113 703 et
2133 675 2293 703 secundum
2314 683 2354 704 se.
2375 691 2396 696 -
2420 683 2464 704 ro.
2488 676 2531 704 De
2551 684 2634 704 com-

1571 713 1720 749 paratione
1741 713 1955 742 alterationum.
1971 715 2011 751 ,Et
2024 714 2119 750 primo
2141 715 2221 751 quod
2242 723 2300 743 una
2321 713 2452 743 alteratio
2473 721 2516 743 est
2541 723 2634 752 aeque

1570 752 1653 780 velox
1676 761 1710 781 ac
1736 753 1832 781 altera.
1862 753 1963 781 Sanari
1990 753 2067 781 enim
2095 760 2138 781 est
2158 754 2308 790 quoddam
2335 753 2466 782 alterari:
2495 754 2635 792 contingit

1570 798 1668 821 autem
1688 801 1780 820 unum
1801 791 1858 820 cito
1879 792 1975 821 sanari
1989 799 2018 821 et
2030 792 2109 822 aliud
2129 794 2220 828 tarde,
2234 799 2263 821 et
2276 793 2416 831 contingit
2436 793 2522 823 etiam
2536 798 2633 831 quos*

1571 831 1639 859 dam
1661 830 1746 859 simul
1767 831 1871 859 sanari.
1885 847 1905 852 —
1925 841 1968 860 rr.
1990 832 2124 860 Secundo
2146 832 2293 869 quaeritur
2313 833 2473 862 secundm
2492 831 2566 870 quid
2585 841 2632 861 ae-

1571 869 1692 907 qualitas
1717 870 1875 899 velocitatis
1895 870 1926 899 in
1941 871 2113 900 ‘alteratione
2134 873 2311 901 attendatur:
2340 881 2460 909 nempe,
2482 871 2633 917 supposito

1571 910 1651 946 quod
1671 909 1829 947 aequalitas
1849 909 1988 946 temporis
2008 911 2046 940 ad
2066 911 2122 940 hoc
2142 910 2314 948 requiratur,
2336 911 2570 950 quaeritur-'quid
2589 910 2634 940 ul-

1570 948 1658 976 terius
1685 948 1879 977 necessarium
1906 948 1950 977 sit.
1977 966 1996 972 -
2023 950 2225 987 Responderur
2251 951 2332 988 quod
2358 951 2488 980 alteratio
2517 956 2559 979 est
2585 959 2633 980 ae·-

1571 987 1672 1025 qualis,
1694 987 1717 1016 si
1738 988 1767 1016 id
1788 988 1868 1025 quod
1889 988 2038 1017 alteratum
2060 996 2103 1018 est
2122 989 2153 1018 in
2166 989 2279 1027 aequali
2293 997 2431 1027 tempore,
2449 990 2486 1019 sit
2505 989 2592 1019 idem.
2613 1006 2633 1012 -

1575 1035 1618 1055 12.
1641 1028 1698 1055 Sed
1719 1037 1785 1056 cum
1806 1027 1836 1055 in
1857 1037 1893 1055 eo
1914 1029 1995 1066 quod
2008 1028 2144 1057 alteratur
2165 1029 2200 1057 sit
2221 1029 2403 1066 considerare
2421 1036 2450 1058 et
2466 1029 2632 1067 passionem

1571 1067 1730 1095 secundum
1751 1075 1840 1104 quarn
1860 1066 1892 1095 fit
1911 1066 2057 1103 alteratio,
2078 1074 2108 1096 et
2127 1068 2288 1097 subiectum
2308 1068 2465 1105 passionis,
2487 1068 2633 1108 quaeritur

1570 1106 1688 1134 ulterius
1709 1113 1806 1134 utrum
1833 1107 2008 1135 attendenda
2030 1107 2067 1136 sit
2090 1107 2223 1136 identitas
2249 1107 2411 1144 passionis,
2438 1117 2476 1136 an
2494 1108 2632 1137 ido-titas

1570 1145 1698 1174 subiecti.
1713 1162 1733 1167 -
1757 1145 1801 1173 13.
1816 1146 2018 1182 Respondetur
2037 1146 2142 1183 primo.
2165 1147 2203 1175 Ut
2225 1146 2262 1176 sit
2284 1156 2376 1184 aeque
2389 1147 2472 1176 velox
2486 1147 2632 1183 alteratio,

1571 1185 1675 1222 duplex
1702 1185 1835 1213 identitas
1855 1194 1890 1214 ex
1910 1191 1991 1222 parte
2018 1185 2160 1222 passionis
2184 1186 2352 1223 requiritur3
2377 1195 2483 1224 nempe
2504 1192 2533 1216 et
2553 1187 2634 1224 quod

1570 1225 1606 1253 sit
1627 1225 1728 1253 eadem
1756 1224 1878 1262 qualitas
1903 1225 2063 1254 secundum
2083 1225 2224 1262 speciem,
2246 1231 2275 1254 et
2295 1226 2375 1264 quod
2396 1225 2526 1255 similiter
2549 1225 2632 1262 insit,

1570 1273 1664 1301 neque
1685 1263 1776 1301 magis
1803 1273 1898 1301 neque
1919 1263 2024 1293 minus.
2046 1281 2066 1286 —
2091 1274 2135 1300 14.
2164 1265 2364 1302 Respondemr
2389 1266 2530 1302 secundo,
2552 1266 2634 1303 quod

1571 1303 1644 1332 sicut
1670 1303 1830 1331 secundum
1850 1303 2015 1340 passionem
2038 1303 2169 1333 alteratio
2190 1310 2233 1333 est
2253 1305 2352 1333 eadem
2377 1305 2422 1333 vel
2445 1305 2572 1342 diversa,
2593 1305 2634 1334 ita

1570 1343 1699 1371 alteratio
1721 1349 1764 1371 est
1783 1343 1912 1381 aequalis
1932 1343 1976 1371 vel
1998 1343 2173 1381 inaequalis,
2197 1345 2356 1373 secundum
2377 1345 2458 1382 quod
2477 1354 2544 1382 pars
2565 1345 2635 1376 sub-t.

1570 1382 1634 1411 ieeti
1655 1382 1765 1411 alterati
1790 1389 1833 1411 est
1855 1383 1982 1420 aequalis
2002 1383 2047 1411 vel
2067 1383 2234 1420 inaequalis.
2262 1384 2346 1412 Unde
2370 1385 2408 1412 ad
2431 1383 2632 1421 aequalitatem

1570 1421 1746 1450 alterationis
1766 1421 1920 1459 requiritur
1941 1422 2026 1451 etiam
2048 1422 2182 1451 identitas
2202 1422 2332 1452 subiecti.
2347 1440 2366 1445 -
2384 1423 2428 1452 15.
2450 1424 2496 1452 De
2512 1432 2632 1460 compa-

1569 1461 1681 1490 ratione
1707 1462 1930 1500 generationum
1951 1467 1979 1490 et
1999 1462 2228 1501 corruptionum.
2255 1462 2462 1495 Generationes
2484 1471 2538 1500 pet
2558 1472 2633 1500 quas

1570 1501 1600 1529 in
1627 1501 1739 1538 aequali
1766 1507 1897 1538 tempore
1924 1507 2078 1538 generatur
2105 1501 2214 1540 aliquid
2241 1502 2372 1531 eiusdem
2397 1502 2504 1539 speciei
2530 1501 2632 1532 indivia

1570 1541 1659 1576 duae,
1688 1547 1757 1578 puta
1783 1541 1890 1576 homo,
1919 1547 1986 1570 sunt
2005 1550 2098 1579 aeque
2117 1541 2246 1571 veloces:
2274 1551 2335 1571 non
2362 1550 2431 1571 vero
2453 1548 2520 1571 sunt
2539 1551 2632 1580 aeque

1569 1580 1682 1609 veloces
1702 1580 1910 1618 generationes,
1926 1589 1959 1608 ex
1973 1581 2030 1610 hoc
2051 1581 2132 1618 quod
2150 1581 2182 1609 in
2202 1582 2308 1610 eodem
2331 1587 2463 1619 tempore
2480 1588 2634 1619 generatur

1570 1620 1678 1657 aliquid
1692 1619 1769 1648 idem
1790 1629 1904 1657 genere,
1919 1626 1989 1657 puta
2002 1620 2124 1648 animal:
2146 1630 2215 1649 narn
2229 1621 2253 1649 si
2266 1621 2296 1649 in
2311 1622 2415 1650 eodem
2436 1626 2566 1658 tempore
2582 1630 2632 1659 ge-

1570 1666 1686 1688 neratur
1706 1659 1813 1688 animal
1833 1660 1991 1696 perfectum
2009 1666 2037 1688 et
2050 1659 2258 1697 imperfectum,
2278 1661 2425 1698 generatio
2442 1661 2559 1698 perfecti
2574 1661 2633 1693 >erit

1569 1698 1704 1728 velocior.
1720 1714 1739 1720 —
1754 1699 1893 1734 Quamvis
1913 1706 2009 1727 autem
2030 1698 2060 1728 in
2075 1699 2244 1728 alteratione
2266 1701 2325 1729 duo
2347 1700 2403 1728 sint
2423 1695 2634 1730 consideranda

1570 1748 1604 1767 ex
1618 1745 1698 1775 parte
1711 1737 1864 1775 passionis,
1879 1747 1983 1775 nempe
1994 1745 2022 1767 et
2033 1739 2114 1776 quod
2128 1738 2164 1768 sit
2178 1740 2289 1775 eadem,
2303 1746 2331 1768 et
2341 1740 2421 1778 quod
2431 1739 2468 1768 sit
2475 1739 2633 1778 aequaliter

1570 1778 1694 1813 intensa;
1716 1777 1747 1806 in
1763 1778 1948 1815 generatione
1969 1784 2066 1807 tamen
2086 1788 2178 1807 unum
2193 1785 2236 1808 est
2249 1779 2504 1815 considerandum,
2525 1777 2633 1811 scilicet

1570 1817 1593 1845 si
1615 1817 1650 1846 sit
1670 1817 1748 1846 idem
1766 1818 1846 1854 quod
1860 1824 2020 1854 generatur.
2043 1818 2208 1847 Substantia
2222 1815 2309 1854 enim,
2324 1819 2405 1847 cuius
2419 1825 2462 1848 est
2474 1819 2632 1857 generatio,

1570 1866 1631 1885 non
1648 1857 1765 1893 suscipit
1780 1857 1870 1894 magis
1884 1863 1912 1885 et
1927 1857 2031 1885 minus.
2046 1874 2066 1879 -
2084 1859 2128 1886 16.
2145 1859 2188 1886 De
2207 1858 2425 1895 comparatione
2439 1857 2632 1896 generationis

1570 1897 1728 1925 secundum
1740 1897 1905 1925 Platonem:
1921 1897 1971 1934 qui
1985 1906 2097 1933 ponens
2111 1907 2249 1926 numeros
2263 1907 2325 1926 esse
2340 1898 2513 1926 substantias
2523 1907 2630 1934 rerum,

1569 1936 1666 1973 posuit
1686 1942 1896 1974 consequenter
1909 1937 1999 1973 quod,
2014 1936 2087 1965 sicut
2106 1937 2190 1965 datur
2210 1937 2303 1965 maius
2315 1944 2351 1975 *et
2365 1937 2462 1966 minus
2475 1937 2506 1966 in
2519 1932 2632 1966 ratione

1570 1975 1692 2011 numeri,
1713 1976 1800 2004 datur
1810 1976 1903 2004 maius
1918 1982 1946 2004 et
1959 1975 2055 2004 minus
2076 1976 2162 2005 etiam
2176 1976 2206 2005 in
2219 1977 2332 2005 ratione
2345 1977 2530 2006 substantiae.

1571 2085 1660 2122 dem
1680 2085 1818 2134 speciei
1849 2097 1936 2122 curn
1961 2085 2197 2134 alteratione,
2230 2098 2309 2123 non
2328 2092 2415 2123 sunt
2433 2097 2631 2135 compara·-

1570 2137 1662 2174 biles
1689 2138 1908 2175 velocitates
1937 2137 2164 2175 alterationis
2192 2145 2229 2175 et
2256 2137 2329 2175 loci
2357 2138 2587 2185 mutationis.

1625 2192 1659 2227 3.
1680 2190 1828 2227 Deinde
1848 2202 1937 2227 cum
1962 2190 2068 2228 dicit:
2101 2191 2229 2233 Quare
2249 2192 2285 2228 si
2301 2203 2398 2240 quae
2417 2192 2454 2229 in
2482 2191 2654 2245 aequali..

1568 2248 1734 2291 tempore
1753 2251 1835 2290 etc„
1856 2243 1931 2291 agit
1949 2243 1997 2280 de
2018 2244 2302 2293 comparatione
2321 2252 2498 2281 motuum
2511 2244 2630 2282 unius

1567 2296 1715 2344 generis
1742 2296 1781 2333 in
1808 2309 1886 2333 uno
1917 2297 1936 2318 *
1964 2309 2113 2344 genere.
2145 2298 2194 2334 Et
2219 2297 2346 2346 primo
2367 2305 2552 2346 quantum
2580 2297 2634 2346 ad
2656 2305 2666 2316 ’

1567 2349 1642 2385 loci
1669 2348 1941 2395 mutationem
1971 2350 2138 2387 secundo
2163 2358 2347 2398 quantum
2376 2349 2425 2387 ad
2444 2348 2629 2388 alteratio-

1566 2414 1668 2448 nem,
1702 2401 1774 2438 ibi:
1802 2403 1862 2438 De
1890 2402 2108 2439 alteratione
2135 2408 2260 2440 autem
2289 2402 2476 2450 quomodo
2496 2405 2518 2423 ⁴*
2535 2410 2628 2450 etc.;

1565 2454 1674 2492 tertio
1697 2462 1882 2503 quantum
1902 2455 1951 2492 ad
1970 2454 2254 2503 generationem
2275 2463 2312 2492 et
2330 2454 2637 2504 corruptionem,'

1565 2507 1638 2544 ibi:
1666 2508 1718 2544 Et
1743 2507 1780 2544 in
1799 2508 2042 2557 generatione
2065 2514 2189 2544 autem
2207 2509 2227 2529 '¹‘
2242 2515 2310 2545 etc.
2341 2509 2400 2544 De
2421 2515 2627 2556 augmento

1565 2567 1693 2597 autem
1719 2567 1756 2596 et
1778 2560 2026 2597 diminutione
2055 2561 2290 2598 mentionem
2310 2572 2389 2598 non
2408 2561 2506 2608 facit,
2535 2561 2627 2610 quia

1566 2613 1701 2650 eadem
1730 2613 1825 2650 rado
1854 2620 1910 2650 est
1929 2613 1967 2650 in
1986 2613 2044 2650 his
2073 2621 2109 2650 et
2135 2613 2183 2651 in.
2193 2613 2266 2650 loci
2294 2613 2515 2661 mutatione,
2537 2622 2626 2652 cum

1565 2665 1637 2702 sint
1673 2673 1710 2702 et
1743 2665 1814 2714 ipsi
1856 2667 2068 2704 secundum
2107 2666 2274 2715 aliquam
2310 2666 2624 2715 magnitudinem.

1565 2718 1674 2755 Circa
1701 2718 1867 2767 primum
1891 2718 1961 2756 tria
1989 2719 2091 2756 facit:
2120 2719 2245 2768 primo
2265 2719 2428 2757 ostendit
2455 2719 2547 2769 quid
2569 2731 2626 2757 re-

1563 2771 1720 2820 quiritur
1747 2771 1796 2808 ad
1823 2772 1898 2808 hoc
1925 2772 2031 2820 quod
2059 2772 2136 2809 duo
2156 2780 2284 2810 motus
2311 2772 2449 2809 locales
2477 2772 2550 2810 sint
2577 2771 2627 2810 ad

1562 2824 1727 2861 invicem
1748 2825 2039 2873 comparabiles;
2061 2825 2229 2863 secundo
2250 2825 2412 2862 excludit
2429 2825 2625 2874 quoddam

1563 2877 1667 2925 quod
1705 2877 1907 2914 videbatur
1943 2877 1991 2915 ad
2018 2878 2092 2915 hoc
2130 2878 2288 2928 requiri,
2313 2877 2381 2917 ibi:
2409 2877 2624 2927 Aliquando

2654 2410 2665 2421 ·
2678 2409 2750 2432 Num.
2764 2415 2798 2433 ιο.

2654 2519 2664 2529 ·
2677 2517 2748 2541 Num.
2763 2524 2795 2548 ¹5·
2835 2541 2841 2549 f

2650 2937 2661 2947 ·
2675 2936 2746 2960 Num.
2760 2936 2784 2961 ὅ.

1562 2935 1686 2966 autem
1711 2930 1747 2966 in
1768 2941 1841 2978 quo
1857 2930 1877 2951 *⁸
1893 2937 1980 2977 etc.;
2009 2931 2116 2968 tertio
2146 2930 2336 2969 concludit
2353 2930 2560 2980 principale
2581 2931 2624 2965 *θ’
2650 2963 2671 2974 ,,

1562 2983 1758 3029 intentum,
1771 2982 1840 3019 ibi:
1866 2983 1992 3025 Quare
2005 2995 2103 3032 quae
2121 2984 2158 3022 in
2177 2983 2328 3033 aequali
2343 2989 2509 3032 tempore
2521 2984 2540 3006 *
2551 2990 2620 3021 etc.
2650 2994 2660 3004 ·
2675 2993 2747 3016 Nun-
2760 2999 2786 3034 ⁷·,

1563 3036 1671 3072 Circa
1698 3035 1866 3084 primum
1897 3035 1973 3073 duo
1993 3036 2099 3073 facit:
2127 3037 2254 3086 primo
2274 3036 2465 3074 concludit
2492 3035 2633 3083 incon-¹

1561 3088 1718 3126 veniens
1747 3087 1851 3137 quod
1879 3096 2100 3138 sequeretur
2127 3089 2157 3127 si
2183 3101 2318 3127 omnes
2346 3089 2420 3126 loci
2447 3089 2623 3127 mutatio-

1561 3154 1629 3179 nes
1657 3141 1815 3178 essent*
1830 3142 2122 3190 comparabiles;
2151 3143 2319 3180 secundo
2348 3142 2512 3190 assignat
2535 3154 2620 3180 cau·
2649 3152 2782 3200 :mu-m.

1561 3206 1643 3232 sam
1677 3206 1792 3243 quare
1827 3206 1905 3231 non
1947 3194 2019 3232 sint
2056 3195 2349 3245 comparabiles,
2378 3194 2449 3233 ibi:
2484 3196 2618 3234 Utrum

1560 3259 1653 3297 ergo
1682 3257 1796 3284 causa
1811 3246 1831 3268 ¹⁸¹
1848 3254 1916 3284 etc.

1612 3312 1649 3347 4.
1679 3299 1778 3337 Dicit
1810 3311 1899 3348 ergo
1936 3300 2082 3349 primo,
2116 3301 2221 3350 quod
2251 3300 2280 3338 si
2317 3313 2440 3350 aeque
2473 3300 2621 3339 velocia

1560 3361 1646 3390 sunt
1670 3365 1766 3402 quae
1791 3349 2189 3391 moventur'localiter
2215 3366 2285 3403 per
2312 3355 2511 3404 aequalem
2540 3365 2620 3391 ma·
2647 3387 2657 3397 ,

1559 3405 1793 3453 gnitudinem
1811 3405 1884 3443 *in
1911 3405 2058 3455 aequali
2095 3414 2291 3456 tempore,
2321 3414 2358 3443 et
2385 3419 2521 3444 omnes
2547 3406 2621 3444 loci
2647 3417 2676 3435 Φ

1557 3572 1603 3595 sed
1623 3579 1712 3603 margo
1731 3572 1753 3596 Η
1774 3571 1851 3596 habet
1870 3572 1910 3596 ve!
1928 3574 2041 3601 tantum,
2061 3578 2151 3603 margo
2170 3571 2191 3596 N
2211 3571 2252 3597 vel
2268 3571 2417 3602 terminum,
2437 3568 2569 3596 refer-da
2587 3570 2619 3595 ad

1555 3606 1686 3638 spatham
1706 3607 1727 3631 D
1744 3614 1794 3638 per
1808 3606 1949 3632 terminum
1964 3607 2139 3640 longitudinis
2152 3607 2268 3632 eiusdem
2283 3606 2309 3632 in
2324 3607 2400 3636 hanc,
2416 3606 2522 3632 scilicet.

2647 3256 2658 3266 ‘
2672 3254 2743 3278 Nun.
2757 3260 2778 3284 5.
2815 3234 2833 3286 ’

2854 3902 2861 3911 ⁵
2858 3876 2863 3894 ..
2857 3834 2866 3855 'V‘
2863 3821 2885 3827 Ϊ
2862 3729 2889 3810 Q
2885 3574 2888 3578 .
2887 3465 2891 3485 i..
2896 3291 2897 3294 „
