<?xml version="1.0" encoding="UTF-8"?>
<!DOCTYPE html PUBLIC "-//W3C//DTD XHTML 1.0 Transitional//EN"
    "http://www.w3.org/TR/xhtml1/DTD/xhtml1-transitional.dtd">
<html xmlns="http://www.w3.org/1999/xhtml" xml:lang="en" lang="en">
 <head>
  <title>
</title>
<meta http-equiv="Content-Type" content="text/html;charset=utf-8" />
  <meta name='ocr-system' content='tesseract 3.04.00' />
  <meta name='ocr-capabilities' content='ocr_page ocr_carea ocr_par ocr_line ocrx_word'/>
</head>
<body>
  <div class='ocr_page' id='page_1' title='image "./operaomniaiussui02thom_0183.png"; bbox 0 0 2950 4004; ppageno 0'>
   <div class='ocr_carea' id='block_1_1' title="bbox 0 257 38 1661">
    <p class='ocr_par' dir='ltr' id='par_1_1' title="bbox 0 257 38 1661">
     <span class='ocr_line' id='line_1_1' title="bbox 0 257 38 1661; baseline 0 0"><span class='ocrx_word' id='word_1_1' title='bbox 0 257 38 1661; x_wconf 95' lang='lat' dir='ltr'>    </span> 
     </span>
    </p>
   </div>
   <div class='ocr_carea' id='block_1_2' title="bbox 19 757 250 786">
    <p class='ocr_par' dir='ltr' id='par_1_2' title="bbox 19 757 250 786">
     <span class='ocr_line' id='line_1_2' title="bbox 19 757 250 786; baseline -0.004 -7"><span class='ocrx_word' id='word_1_2' title='bbox 19 763 21 766; x_wconf 83' lang='grc'><strong>’</strong></span> <span class='ocrx_word' id='word_1_3' title='bbox 38 759 50 771; x_wconf 77' lang='grc'><em>“</em></span> <span class='ocrx_word' id='word_1_4' title='bbox 60 758 138 786; x_wconf 76' lang='lat' dir='ltr'>primo</span> <span class='ocrx_word' id='word_1_5' title='bbox 150 757 202 779; x_wconf 78' lang='lat' dir='ltr'>add.</span> <span class='ocrx_word' id='word_1_6' title='bbox 214 762 250 778; x_wconf 76' lang='lat' dir='ltr'>m.</span> 
     </span>
    </p>
   </div>
   <div class='ocr_carea' id='block_1_3' title="bbox 0 863 251 922">
    <p class='ocr_par' dir='ltr' id='par_1_3' title="bbox 0 863 251 922">
     <span class='ocr_line' id='line_1_3' title="bbox 38 863 251 890; baseline -0.005 -6"><span class='ocrx_word' id='word_1_7' title='bbox 38 863 50 876; x_wconf 69' lang='lat'>¹⁸</span> <span class='ocrx_word' id='word_1_8' title='bbox 63 868 148 890; x_wconf 66' lang='lat' dir='ltr'>corpus</span> <span class='ocrx_word' id='word_1_9' title='bbox 159 867 208 884; x_wconf 86' lang='lat' dir='ltr'>om.</span> <span class='ocrx_word' id='word_1_10' title='bbox 221 867 251 884; x_wconf 78' lang='lat' dir='ltr'>m:</span> 
     </span>
     <span class='ocr_line' id='line_1_4' title="bbox 0 894 110 922; baseline -0.009 -11"><span class='ocrx_word' id='word_1_11' title='bbox 0 909 2 922; x_wconf 57' lang='lat'><em>,</em></span> <span class='ocrx_word' id='word_1_12' title='bbox 14 899 21 902; x_wconf 92' lang='lat'><em>-</em></span> <span class='ocrx_word' id='word_1_13' title='bbox 39 894 110 911; x_wconf 72' lang='lat' dir='ltr'>reu.</span> 
     </span>
    </p>
   </div>
   <div class='ocr_carea' id='block_1_4' title="bbox 32 1153 223 1219">
    <p class='ocr_par' dir='ltr' id='par_1_4' title="bbox 32 1153 223 1219">
     <span class='ocr_line' id='line_1_5' title="bbox 32 1153 223 1219; baseline -0.01 0"><span class='ocrx_word' id='word_1_14' title='bbox 32 1153 223 1219; x_wconf 58' lang='lat' dir='ltr'>„se-m</span> 
     </span>
    </p>
   </div>
   <div class='ocr_carea' id='block_1_5' title="bbox 26 1274 248 1324">
    <p class='ocr_par' dir='ltr' id='par_1_5' title="bbox 11 1274 248 1324">
     <span class='ocr_line' id='line_1_6' title="bbox 26 1274 248 1302; baseline -0.009 -4"><span class='ocrx_word' id='word_1_15' title='bbox 26 1274 52 1299; x_wconf 29' lang='lat' dir='ltr'>‹i‘</span> <span class='ocrx_word' id='word_1_16' title='bbox 63 1276 160 1301; x_wconf 66' lang='lat' dir='ltr'>eruatur,</span> <span class='ocrx_word' id='word_1_17' title='bbox 171 1280 219 1296; x_wconf 88' lang='lat' dir='ltr'>om.</span> <span class='ocrx_word' id='word_1_18' title='bbox 227 1279 248 1302; x_wconf 86' lang='lat' dir='ltr'>c,</span> 
     </span>
     <span class='ocr_line' id='line_1_7' title="bbox 36 1303 149 1324; baseline -0.007 -0.181"><span class='ocrx_word' id='word_1_19' title='bbox 36 1303 95 1324; x_wconf 64' lang='lat' dir='ltr'>aaut</span> <span class='ocrx_word' id='word_1_20' title='bbox 105 1303 149 1323; x_wconf 79' lang='lat' dir='ltr'>cet.</span> 
     </span>
    </p>
   </div>
   <div class='ocr_carea' id='block_1_6' title="bbox 11 1675 252 1750">
    <p class='ocr_par' dir='ltr' id='par_1_6' title="bbox 11 1675 252 1750">
     <span class='ocr_line' id='line_1_8' title="bbox 17 1675 250 1724; baseline 0 0"><span class='ocrx_word' id='word_1_21' title='bbox 17 1675 22 1678; x_wconf 78' lang='grc'><strong>’</strong></span> <span class='ocrx_word' id='word_1_22' title='bbox 37 1676 250 1724; x_wconf 48' lang='lat' dir='ltr'>ggguscogosg</span> 
     </span>
     <span class='ocr_line' id='line_1_9' title="bbox 11 1709 252 1750; baseline 0 0"><span class='ocrx_word' id='word_1_23' title='bbox 11 1715 21 1732; x_wconf 63' lang='lat' dir='ltr'>J,</span> <span class='ocrx_word' id='word_1_24' title='bbox 37 1734 55 1750; x_wconf 79' lang='lat' dir='ltr'>a</span> <span class='ocrx_word' id='word_1_25' title='bbox 68 1729 82 1750; x_wconf 78' lang='lat' dir='ltr'><em>b</em></span> <span class='ocrx_word' id='word_1_26' title='bbox 109 1740 120 1745; x_wconf 96' lang='lat'>-</span> <span class='ocrx_word' id='word_1_27' title='bbox 147 1709 252 1750; x_wconf 42' lang='lat' dir='ltr'>amovet</span> 
     </span>
    </p>
   </div>
   <div class='ocr_carea' id='block_1_7' title="bbox 3 1760 232 1808">
    <p class='ocr_par' dir='ltr' id='par_1_7' title="bbox 3 1760 232 1808">
     <span class='ocr_line' id='line_1_10' title="bbox 3 1760 232 1777; baseline -0.004 0"><span class='ocrx_word' id='word_1_28' title='bbox 3 1765 6 1768; x_wconf 67' lang='grc'>’</span> <span class='ocrx_word' id='word_1_29' title='bbox 38 1761 88 1777; x_wconf 76' lang='lat' dir='ltr'>om.</span> <span class='ocrx_word' id='word_1_30' title='bbox 101 1760 232 1777; x_wconf 65' lang='lat' dir='ltr'>amnon.</span> 
     </span>
     <span class='ocr_line' id='line_1_11' title="bbox 38 1780 223 1808; baseline -0.005 -5"><span class='ocrx_word' id='word_1_31' title='bbox 38 1782 49 1792; x_wconf 76' lang='lat'><strong>⁸</strong></span> <span class='ocrx_word' id='word_1_32' title='bbox 61 1781 124 1803; x_wconf 74' lang='lat' dir='ltr'>Laet.</span> <span class='ocrx_word' id='word_1_33' title='bbox 134 1787 158 1808; x_wconf 86' lang='lat'>11,</span> <span class='ocrx_word' id='word_1_34' title='bbox 168 1787 191 1803; x_wconf 86' lang='lat' dir='ltr'>n.</span> <span class='ocrx_word' id='word_1_35' title='bbox 201 1780 223 1802; x_wconf 89' lang='lat'>6.</span> 
     </span>
    </p>
   </div>
   <div class='ocr_carea' id='block_1_8' title="bbox 21 1807 249 1882">
    <p class='ocr_par' dir='ltr' id='par_1_8' title="bbox 14 1807 249 1882">
     <span class='ocr_line' id='line_1_12' title="bbox 27 1807 249 1836; baseline -0.005 -6"><span class='ocrx_word' id='word_1_36' title='bbox 27 1807 249 1836; x_wconf 65' lang='lat' dir='ltr'>&lt;⁴quodeodd.exc.</span> 
     </span>
     <span class='ocr_line' id='line_1_13' title="bbox 21 1838 224 1882; baseline 0 0"><span class='ocrx_word' id='word_1_37' title='bbox 21 1861 22 1864; x_wconf 79' lang='grc'>’</span> <span class='ocrx_word' id='word_1_38' title='bbox 33 1838 112 1882; x_wconf 45' lang='lat' dir='ltr'>ent-m</span> <span class='ocrx_word' id='word_1_39' title='bbox 125 1866 175 1882; x_wconf 81' lang='lat' dir='ltr'>om.</span> <span class='ocrx_word' id='word_1_40' title='bbox 188 1866 224 1882; x_wconf 80' lang='lat' dir='ltr'>zo.</span> 
     </span>
    </p>
   </div>
   <div class='ocr_carea' id='block_1_9' title="bbox 1132 296 1339 342">
    <p class='ocr_par' dir='ltr' id='par_1_9' title="bbox 1132 296 1339 342">
     <span class='ocr_line' id='line_1_14' title="bbox 1132 296 1339 342; baseline -0.005 -10"><span class='ocrx_word' id='word_1_41' title='bbox 1132 296 1241 332; x_wconf 88' lang='lat' dir='ltr'>CAP.</span> <span class='ocrx_word' id='word_1_42' title='bbox 1271 296 1339 342; x_wconf 82' lang='lat'>111,</span> 
     </span>
    </p>
   </div>
   <div class='ocr_carea' id='block_1_10' title="bbox 275 374 1339 1896">
    <p class='ocr_par' dir='ltr' id='par_1_10' title="bbox 275 374 1338 1369">
     <span class='ocr_line' id='line_1_15' title="bbox 279 374 1334 425; baseline -0.003 -12"><span class='ocrx_word' id='word_1_43' title='bbox 279 376 419 425; x_wconf 90' lang='lat' dir='ltr'>aliquid</span> <span class='ocrx_word' id='word_1_44' title='bbox 438 388 519 413; x_wconf 89' lang='lat' dir='ltr'>esse</span> <span class='ocrx_word' id='word_1_45' title='bbox 541 376 579 413; x_wconf 87' lang='lat' dir='ltr'>in</span> <span class='ocrx_word' id='word_1_46' title='bbox 598 376 724 425; x_wconf 89' lang='lat' dir='ltr'>aliquo</span> <span class='ocrx_word' id='word_1_47' title='bbox 744 376 955 413; x_wconf 91' lang='lat' dir='ltr'>secundum</span> <span class='ocrx_word' id='word_1_48' title='bbox 975 375 1161 422; x_wconf 83' lang='lat' dir='ltr'>accidens,</span> <span class='ocrx_word' id='word_1_49' title='bbox 1183 374 1334 422; x_wconf 90' lang='lat' dir='ltr'>quando</span> 
     </span>
     <span class='ocr_line' id='line_1_16' title="bbox 280 427 1334 478; baseline -0.005 -12"><span class='ocrx_word' id='word_1_50' title='bbox 280 437 336 466; x_wconf 90' lang='lat' dir='ltr'>est</span> <span class='ocrx_word' id='word_1_51' title='bbox 361 429 400 466; x_wconf 91' lang='lat' dir='ltr'>in</span> <span class='ocrx_word' id='word_1_52' title='bbox 428 441 474 465; x_wconf 90' lang='lat' dir='ltr'>eo</span> <span class='ocrx_word' id='word_1_53' title='bbox 511 436 667 478; x_wconf 90' lang='lat' dir='ltr'>propter</span> <span class='ocrx_word' id='word_1_54' title='bbox 703 429 845 478; x_wconf 90' lang='lat' dir='ltr'>aliquid</span> <span class='ocrx_word' id='word_1_55' title='bbox 872 428 973 465; x_wconf 89' lang='lat' dir='ltr'>aliud</span> <span class='ocrx_word' id='word_1_56' title='bbox 1001 428 1039 464; x_wconf 91' lang='lat' dir='ltr'>in</span> <span class='ocrx_word' id='word_1_57' title='bbox 1074 440 1119 464; x_wconf 90' lang='lat' dir='ltr'>eo</span> <span class='ocrx_word' id='word_1_58' title='bbox 1155 427 1334 471; x_wconf 87' lang='lat' dir='ltr'>existens;</span> 
     </span>
     <span class='ocr_line' id='line_1_17' title="bbox 277 478 1337 527; baseline -0.004 -9"><span class='ocrx_word' id='word_1_59' title='bbox 277 489 320 518; x_wconf 93' lang='lat' dir='ltr'>ut</span> <span class='ocrx_word' id='word_1_60' title='bbox 347 481 377 518; x_wconf 93' lang='lat' dir='ltr'>si</span> <span class='ocrx_word' id='word_1_61' title='bbox 414 481 584 519; x_wconf 90' lang='lat' dir='ltr'>dicamus</span> <span class='ocrx_word' id='word_1_62' title='bbox 617 482 813 518; x_wconf 88' lang='lat' dir='ltr'>hominem</span> <span class='ocrx_word' id='word_1_63' title='bbox 843 494 922 518; x_wconf 91' lang='lat' dir='ltr'>esse</span> <span class='ocrx_word' id='word_1_64' title='bbox 951 481 989 517; x_wconf 93' lang='lat' dir='ltr'>in</span> <span class='ocrx_word' id='word_1_65' title='bbox 1018 479 1132 525; x_wconf 87' lang='lat' dir='ltr'>mari,</span> <span class='ocrx_word' id='word_1_66' title='bbox 1162 478 1250 527; x_wconf 91' lang='lat' dir='ltr'>quia</span> <span class='ocrx_word' id='word_1_67' title='bbox 1283 486 1337 514; x_wconf 90' lang='lat' dir='ltr'>est</span> 
     </span>
     <span class='ocr_line' id='line_1_18' title="bbox 278 530 1335 582; baseline -0.005 -11"><span class='ocrx_word' id='word_1_68' title='bbox 278 534 317 571; x_wconf 92' lang='lat' dir='ltr'>in</span> <span class='ocrx_word' id='word_1_69' title='bbox 345 535 446 582; x_wconf 81' lang='lat' dir='ltr'>navi,</span> <span class='ocrx_word' id='word_1_70' title='bbox 467 547 565 582; x_wconf 89' lang='lat' dir='ltr'>quae</span> <span class='ocrx_word' id='word_1_71' title='bbox 595 541 649 571; x_wconf 88' lang='lat' dir='ltr'>est</span> <span class='ocrx_word' id='word_1_72' title='bbox 676 535 714 571; x_wconf 92' lang='lat' dir='ltr'>in</span> <span class='ocrx_word' id='word_1_73' title='bbox 747 533 861 570; x_wconf 90' lang='lat' dir='ltr'>mari:</span> <span class='ocrx_word' id='word_1_74' title='bbox 891 533 929 569; x_wconf 91' lang='lat' dir='ltr'>in</span> <span class='ocrx_word' id='word_1_75' title='bbox 956 534 1028 569; x_wconf 90' lang='lat' dir='ltr'>hac</span> <span class='ocrx_word' id='word_1_76' title='bbox 1054 535 1184 568; x_wconf 83' lang='lat' dir='ltr'>tamen</span> <span class='ocrx_word' id='word_1_77' title='bbox 1210 530 1335 579; x_wconf 89' lang='lat' dir='ltr'>primo</span> 
     </span>
     <span class='ocr_line' id='line_1_19' title="bbox 279 583 1338 634; baseline -0.005 -11"><span class='ocrx_word' id='word_1_78' title='bbox 279 587 413 624; x_wconf 89' lang='lat' dir='ltr'>dicitur</span> <span class='ocrx_word' id='word_1_79' title='bbox 433 599 514 623; x_wconf 90' lang='lat' dir='ltr'>esse</span> <span class='ocrx_word' id='word_1_80' title='bbox 527 586 557 634; x_wconf 67' lang='grc' dir='ltr'>β,</span> <span class='ocrx_word' id='word_1_81' title='bbox 578 587 673 623; x_wconf 87' lang='lat' dir='ltr'>idest</span> <span class='ocrx_word' id='word_1_82' title='bbox 700 599 778 623; x_wconf 93' lang='lat' dir='ltr'>non</span> <span class='ocrx_word' id='word_1_83' title='bbox 804 592 960 634; x_wconf 86' lang='lat' dir='ltr'>propter</span> <span class='ocrx_word' id='word_1_84' title='bbox 984 591 1143 632; x_wconf 90' lang='lat' dir='ltr'>partem.</span> <span class='ocrx_word' id='word_1_85' title='bbox 1171 583 1210 620; x_wconf 93' lang='lat' dir='ltr'>Si</span> <span class='ocrx_word' id='word_1_86' title='bbox 1229 583 1338 630; x_wconf 88' lang='lat' dir='ltr'>igitur</span> 
     </span>
     <span class='ocr_line' id='line_1_20' title="bbox 279 636 1337 688; baseline -0.005 -12"><span class='ocrx_word' id='word_1_87' title='bbox 279 639 469 687; x_wconf 88' lang='lat' dir='ltr'>contingat</span> <span class='ocrx_word' id='word_1_88' title='bbox 496 639 636 688; x_wconf 89' lang='lat' dir='ltr'>aliquid</span> <span class='ocrx_word' id='word_1_89' title='bbox 665 651 746 676; x_wconf 91' lang='lat' dir='ltr'>esse</span> <span class='ocrx_word' id='word_1_90' title='bbox 774 638 812 674; x_wconf 88' lang='lat' dir='ltr'>in</span> <span class='ocrx_word' id='word_1_91' title='bbox 840 637 964 685; x_wconf 90' lang='lat' dir='ltr'>seipso</span> <span class='ocrx_word' id='word_1_92' title='bbox 992 636 1133 684; x_wconf 90' lang='lat' dir='ltr'>primo,</span> <span class='ocrx_word' id='word_1_93' title='bbox 1163 648 1241 672; x_wconf 91' lang='lat' dir='ltr'>non</span> <span class='ocrx_word' id='word_1_94' title='bbox 1269 648 1337 684; x_wconf 91' lang='lat' dir='ltr'>per</span> 
     </span>
     <span class='ocr_line' id='line_1_21' title="bbox 279 688 1337 741; baseline -0.005 -12"><span class='ocrx_word' id='word_1_95' title='bbox 279 704 319 729; x_wconf 92' lang='lat' dir='ltr'>se</span> <span class='ocrx_word' id='word_1_96' title='bbox 347 692 514 741; x_wconf 87' lang='lat' dir='ltr'>quidem,</span> <span class='ocrx_word' id='word_1_97' title='bbox 544 691 612 728; x_wconf 90' lang='lat' dir='ltr'>sed</span> <span class='ocrx_word' id='word_1_98' title='bbox 638 703 708 739; x_wconf 91' lang='lat' dir='ltr'>per</span> <span class='ocrx_word' id='word_1_99' title='bbox 734 689 928 735; x_wconf 83' lang='lat' dir='ltr'>accidens,</span> <span class='ocrx_word' id='word_1_100' title='bbox 959 688 1127 737; x_wconf 85' lang='lat' dir='ltr'>sequitur</span> <span class='ocrx_word' id='word_1_101' title='bbox 1159 688 1263 736; x_wconf 92' lang='lat' dir='ltr'>quod</span> <span class='ocrx_word' id='word_1_102' title='bbox 1292 689 1337 725; x_wconf 88' lang='lat' dir='ltr'>sit</span> 
     </span>
     <span class='ocr_line' id='line_1_22' title="bbox 277 740 1336 793; baseline -0.004 -11"><span class='ocrx_word' id='word_1_103' title='bbox 277 744 317 782; x_wconf 91' lang='lat' dir='ltr'>in</span> <span class='ocrx_word' id='word_1_104' title='bbox 345 745 470 793; x_wconf 92' lang='lat' dir='ltr'>seipso</span> <span class='ocrx_word' id='word_1_105' title='bbox 491 745 511 766; x_wconf 81' lang='grc'><em>*</em></span> <span class='ocrx_word' id='word_1_106' title='bbox 537 751 692 792; x_wconf 91' lang='lat' dir='ltr'>propter</span> <span class='ocrx_word' id='word_1_107' title='bbox 718 743 793 779; x_wconf 92' lang='lat' dir='ltr'>hoc</span> <span class='ocrx_word' id='word_1_108' title='bbox 821 741 926 790; x_wconf 91' lang='lat' dir='ltr'>quod</span> <span class='ocrx_word' id='word_1_109' title='bbox 945 740 1087 789; x_wconf 90' lang='lat' dir='ltr'>aliquid</span> <span class='ocrx_word' id='word_1_110' title='bbox 1106 740 1207 777; x_wconf 88' lang='lat' dir='ltr'>aliud</span> <span class='ocrx_word' id='word_1_111' title='bbox 1235 741 1280 777; x_wconf 88' lang='lat' dir='ltr'>sit</span> <span class='ocrx_word' id='word_1_112' title='bbox 1298 741 1336 778; x_wconf 94' lang='lat' dir='ltr'>in</span> 
     </span>
     <span class='ocr_line' id='line_1_23' title="bbox 277 793 1335 847; baseline -0.005 -12"><span class='ocrx_word' id='word_1_113' title='bbox 277 797 373 847; x_wconf 90' lang='lat' dir='ltr'>ipso.</span> <span class='ocrx_word' id='word_1_114' title='bbox 402 797 452 834; x_wconf 93' lang='lat' dir='ltr'>Et</span> <span class='ocrx_word' id='word_1_115' title='bbox 478 796 532 833; x_wconf 86' lang='lat' dir='ltr'>sic</span> <span class='ocrx_word' id='word_1_116' title='bbox 559 794 725 843; x_wconf 90' lang='lat' dir='ltr'>sequitur</span> <span class='ocrx_word' id='word_1_117' title='bbox 752 793 857 842; x_wconf 89' lang='lat' dir='ltr'>quod</span> <span class='ocrx_word' id='word_1_118' title='bbox 895 793 971 830; x_wconf 93' lang='lat' dir='ltr'>duo</span> <span class='ocrx_word' id='word_1_119' title='bbox 1002 805 1163 841; x_wconf 88' lang='lat' dir='ltr'>corpora</span> <span class='ocrx_word' id='word_1_120' title='bbox 1195 794 1267 831; x_wconf 89' lang='lat' dir='ltr'>sint</span> <span class='ocrx_word' id='word_1_121' title='bbox 1298 794 1335 830; x_wconf 92' lang='lat' dir='ltr'>in</span> 
     </span>
     <span class='ocr_line' id='line_1_24' title="bbox 279 845 1337 895; baseline -0.005 -8"><span class='ocrx_word' id='word_1_122' title='bbox 279 850 430 895; x_wconf 87' lang='lat' dir='ltr'>eodem,</span> <span class='ocrx_word' id='word_1_123' title='bbox 451 847 588 885; x_wconf 88' lang='lat' dir='ltr'>scilicet</span> <span class='ocrx_word' id='word_1_124' title='bbox 615 847 707 883; x_wconf 91' lang='lat' dir='ltr'>illud</span> <span class='ocrx_word' id='word_1_125' title='bbox 736 858 874 894; x_wconf 91' lang='lat' dir='ltr'>corpus</span> <span class='ocrx_word' id='word_1_126' title='bbox 892 847 912 867; x_wconf 77' lang='lat'>’¹‘</span> <span class='ocrx_word' id='word_1_127' title='bbox 939 845 1044 894; x_wconf 91' lang='lat' dir='ltr'>quod</span> <span class='ocrx_word' id='word_1_128' title='bbox 1074 854 1128 882; x_wconf 90' lang='lat' dir='ltr'>est</span> <span class='ocrx_word' id='word_1_129' title='bbox 1154 846 1193 882; x_wconf 88' lang='lat' dir='ltr'>in</span> <span class='ocrx_word' id='word_1_130' title='bbox 1221 859 1279 893; x_wconf 88' lang='lat' dir='ltr'>eo,</span> <span class='ocrx_word' id='word_1_131' title='bbox 1301 854 1337 882; x_wconf 90' lang='lat' dir='ltr'>et</span> 
     </span>
     <span class='ocr_line' id='line_1_25' title="bbox 276 898 1336 950; baseline -0.004 -11"><span class='ocrx_word' id='word_1_132' title='bbox 276 902 486 950; x_wconf 88' lang='lat' dir='ltr'>ipsummet</span> <span class='ocrx_word' id='word_1_133' title='bbox 503 899 609 948; x_wconf 91' lang='lat' dir='ltr'>quod</span> <span class='ocrx_word' id='word_1_134' title='bbox 638 906 693 935; x_wconf 91' lang='lat' dir='ltr'>est</span> <span class='ocrx_word' id='word_1_135' title='bbox 710 898 749 935; x_wconf 92' lang='lat' dir='ltr'>in</span> <span class='ocrx_word' id='word_1_136' title='bbox 778 899 915 947; x_wconf 86' lang='lat' dir='ltr'>seipso.</span> <span class='ocrx_word' id='word_1_137' title='bbox 938 898 1000 935; x_wconf 90' lang='lat' dir='ltr'>Sic</span> <span class='ocrx_word' id='word_1_138' title='bbox 1019 899 1121 935; x_wconf 90' lang='lat' dir='ltr'>enim</span> <span class='ocrx_word' id='word_1_139' title='bbox 1150 900 1336 947; x_wconf 85' lang='lat' dir='ltr'>amphora</span> 
     </span>
     <span class='ocr_line' id='line_1_26' title="bbox 277 951 1335 1001; baseline -0.002 -12"><span class='ocrx_word' id='word_1_140' title='bbox 277 953 346 990; x_wconf 89' lang='lat' dir='ltr'>erit</span> <span class='ocrx_word' id='word_1_141' title='bbox 362 952 402 988; x_wconf 92' lang='lat' dir='ltr'>in</span> <span class='ocrx_word' id='word_1_142' title='bbox 424 952 548 1001; x_wconf 87' lang='lat' dir='ltr'>seipsa</span> <span class='ocrx_word' id='word_1_143' title='bbox 564 963 634 1000; x_wconf 92' lang='lat' dir='ltr'>per</span> <span class='ocrx_word' id='word_1_144' title='bbox 652 951 839 998; x_wconf 88' lang='lat' dir='ltr'>accidens,</span> <span class='ocrx_word' id='word_1_145' title='bbox 861 951 891 987; x_wconf 92' lang='lat' dir='ltr'>si</span> <span class='ocrx_word' id='word_1_146' title='bbox 909 951 991 999; x_wconf 90' lang='lat' dir='ltr'>ipsa</span> <span class='ocrx_word' id='word_1_147' title='bbox 1011 952 1209 999; x_wconf 85' lang='lat' dir='ltr'>amphora,</span> <span class='ocrx_word' id='word_1_148' title='bbox 1231 952 1335 988; x_wconf 90' lang='lat' dir='ltr'>cuius</span> 
     </span>
     <span class='ocr_line' id='line_1_27' title="bbox 276 1003 1336 1053; baseline -0.001 -12"><span class='ocrx_word' id='word_1_149' title='bbox 276 1011 410 1042; x_wconf 87' lang='lat' dir='ltr'>natura</span> <span class='ocrx_word' id='word_1_150' title='bbox 429 1011 485 1041; x_wconf 90' lang='lat' dir='ltr'>est</span> <span class='ocrx_word' id='word_1_151' title='bbox 510 1011 552 1041; x_wconf 93' lang='lat' dir='ltr'>ut</span> <span class='ocrx_word' id='word_1_152' title='bbox 570 1004 725 1053; x_wconf 88' lang='lat' dir='ltr'>recipiat</span> <span class='ocrx_word' id='word_1_153' title='bbox 743 1003 895 1052; x_wconf 86' lang='lat' dir='ltr'>aliquid,</span> <span class='ocrx_word' id='word_1_154' title='bbox 917 1004 962 1040; x_wconf 87' lang='lat' dir='ltr'>sit</span> <span class='ocrx_word' id='word_1_155' title='bbox 989 1003 1027 1040; x_wconf 91' lang='lat' dir='ltr'>in</span> <span class='ocrx_word' id='word_1_156' title='bbox 1055 1003 1195 1051; x_wconf 86' lang='lat' dir='ltr'>seipsa,</span> <span class='ocrx_word' id='word_1_157' title='bbox 1218 1011 1253 1040; x_wconf 93' lang='lat' dir='ltr'>et</span> <span class='ocrx_word' id='word_1_158' title='bbox 1271 1004 1336 1040; x_wconf 89' lang='lat' dir='ltr'>ite-</span> 
     </span>
     <span class='ocr_line' id='line_1_28' title="bbox 276 1056 1334 1105; baseline -0.002 -11"><span class='ocrx_word' id='word_1_159' title='bbox 276 1069 363 1095; x_wconf 90' lang='lat' dir='ltr'>rum</span> <span class='ocrx_word' id='word_1_160' title='bbox 390 1057 482 1094; x_wconf 92' lang='lat' dir='ltr'>illud</span> <span class='ocrx_word' id='word_1_161' title='bbox 511 1057 616 1094; x_wconf 87' lang='lat' dir='ltr'>cuius</span> <span class='ocrx_word' id='word_1_162' title='bbox 646 1064 700 1094; x_wconf 92' lang='lat' dir='ltr'>est</span> <span class='ocrx_word' id='word_1_163' title='bbox 727 1056 981 1105; x_wconf 85' lang='lat' dir='ltr'>receptivum,</span> <span class='ocrx_word' id='word_1_164' title='bbox 1012 1056 1150 1092; x_wconf 90' lang='lat' dir='ltr'>scilicet</span> <span class='ocrx_word' id='word_1_165' title='bbox 1180 1056 1334 1093; x_wconf 84' lang='lat' dir='ltr'>vinum:</span> 
     </span>
     <span class='ocr_line' id='line_1_29' title="bbox 278 1108 1336 1159; baseline -0.002 -12"><span class='ocrx_word' id='word_1_166' title='bbox 278 1122 366 1158; x_wconf 88' lang='lat' dir='ltr'>ergo</span> <span class='ocrx_word' id='word_1_167' title='bbox 386 1110 426 1147; x_wconf 85' lang='lat' dir='ltr'>in</span> <span class='ocrx_word' id='word_1_168' title='bbox 444 1110 631 1159; x_wconf 86' lang='lat' dir='ltr'>amphora</span> <span class='ocrx_word' id='word_1_169' title='bbox 650 1109 718 1146; x_wconf 91' lang='lat' dir='ltr'>erit</span> <span class='ocrx_word' id='word_1_170' title='bbox 737 1116 772 1146; x_wconf 90' lang='lat' dir='ltr'>et</span> <span class='ocrx_word' id='word_1_171' title='bbox 786 1109 973 1158; x_wconf 87' lang='lat' dir='ltr'>amphora</span> <span class='ocrx_word' id='word_1_172' title='bbox 993 1116 1029 1145; x_wconf 90' lang='lat' dir='ltr'>et</span> <span class='ocrx_word' id='word_1_173' title='bbox 1041 1108 1188 1155; x_wconf 85' lang='lat' dir='ltr'>vinum,</span> <span class='ocrx_word' id='word_1_174' title='bbox 1205 1109 1234 1145; x_wconf 91' lang='lat' dir='ltr'>si</span> <span class='ocrx_word' id='word_1_175' title='bbox 1249 1121 1336 1157; x_wconf 91' lang='lat' dir='ltr'>pro-</span> 
     </span>
     <span class='ocr_line' id='line_1_30' title="bbox 275 1161 1338 1212; baseline -0.002 -12"><span class='ocrx_word' id='word_1_176' title='bbox 275 1170 360 1212; x_wconf 87' lang='lat' dir='ltr'>pter</span> <span class='ocrx_word' id='word_1_177' title='bbox 386 1163 461 1200; x_wconf 86' lang='lat' dir='ltr'>hoc</span> <span class='ocrx_word' id='word_1_178' title='bbox 489 1162 594 1211; x_wconf 91' lang='lat' dir='ltr'>quod</span> <span class='ocrx_word' id='word_1_179' title='bbox 612 1162 747 1200; x_wconf 87' lang='lat' dir='ltr'>vinum</span> <span class='ocrx_word' id='word_1_180' title='bbox 776 1169 831 1199; x_wconf 90' lang='lat' dir='ltr'>est</span> <span class='ocrx_word' id='word_1_181' title='bbox 857 1161 895 1199; x_wconf 93' lang='lat' dir='ltr'>in</span> <span class='ocrx_word' id='word_1_182' title='bbox 915 1162 1114 1210; x_wconf 91' lang='lat' dir='ltr'>amphora,</span> <span class='ocrx_word' id='word_1_183' title='bbox 1136 1162 1338 1210; x_wconf 75' lang='lat' dir='ltr'>sequitur*</span> 
     </span>
     <span class='ocr_line' id='line_1_31' title="bbox 277 1214 1337 1267; baseline -0.002 -14"><span class='ocrx_word' id='word_1_184' title='bbox 277 1216 505 1265; x_wconf 84' lang='lat' dir='ltr'>amphoram</span> <span class='ocrx_word' id='word_1_185' title='bbox 542 1227 623 1252; x_wconf 90' lang='lat' dir='ltr'>esse</span> <span class='ocrx_word' id='word_1_186' title='bbox 661 1214 698 1251; x_wconf 92' lang='lat' dir='ltr'>in</span> <span class='ocrx_word' id='word_1_187' title='bbox 727 1215 865 1264; x_wconf 90' lang='lat' dir='ltr'>seipsa:</span> <span class='ocrx_word' id='word_1_188' title='bbox 900 1222 936 1252; x_wconf 92' lang='lat' dir='ltr'>et</span> <span class='ocrx_word' id='word_1_189' title='bbox 972 1214 1025 1251; x_wconf 94' lang='lat' dir='ltr'>sic</span> <span class='ocrx_word' id='word_1_190' title='bbox 1062 1214 1153 1267; x_wconf 32' lang='lat' dir='ltr'>duo!</span> <span class='ocrx_word' id='word_1_191' title='bbox 1176 1227 1337 1263; x_wconf 90' lang='lat' dir='ltr'>corpora</span> 
     </span>
     <span class='ocr_line' id='line_1_32' title="bbox 278 1267 1336 1316; baseline -0.002 -11"><span class='ocrx_word' id='word_1_192' title='bbox 278 1269 440 1305; x_wconf 79' lang='lat' dir='ltr'>essent*</span> <span class='ocrx_word' id='word_1_193' title='bbox 468 1268 507 1304; x_wconf 91' lang='lat' dir='ltr'>in</span> <span class='ocrx_word' id='word_1_194' title='bbox 535 1268 686 1305; x_wconf 82' lang='lat' dir='ltr'>eodem.</span> <span class='ocrx_word' id='word_1_195' title='bbox 708 1267 770 1304; x_wconf 90' lang='lat' dir='ltr'>Sic</span> <span class='ocrx_word' id='word_1_196' title='bbox 798 1267 908 1315; x_wconf 88' lang='lat' dir='ltr'>igitur</span> <span class='ocrx_word' id='word_1_197' title='bbox 933 1274 1036 1316; x_wconf 89' lang='lat' dir='ltr'>patet</span> <span class='ocrx_word' id='word_1_198' title='bbox 1064 1267 1167 1316; x_wconf 90' lang='lat' dir='ltr'>quod</span> <span class='ocrx_word' id='word_1_199' title='bbox 1195 1267 1336 1316; x_wconf 84' lang='lat' dir='ltr'>impos-</span> 
     </span>
     <span class='ocr_line' id='line_1_33' title="bbox 277 1319 1128 1369; baseline -0.002 -11"><span class='ocrx_word' id='word_1_200' title='bbox 277 1321 382 1359; x_wconf 88' lang='lat' dir='ltr'>sibile</span> <span class='ocrx_word' id='word_1_201' title='bbox 412 1328 467 1358; x_wconf 92' lang='lat' dir='ltr'>est</span> <span class='ocrx_word' id='word_1_202' title='bbox 494 1321 634 1369; x_wconf 89' lang='lat' dir='ltr'>aliquid</span> <span class='ocrx_word' id='word_1_203' title='bbox 662 1332 743 1357; x_wconf 89' lang='lat' dir='ltr'>esse</span> <span class='ocrx_word' id='word_1_204' title='bbox 771 1319 896 1369; x_wconf 91' lang='lat' dir='ltr'>primo</span> <span class='ocrx_word' id='word_1_205' title='bbox 925 1320 964 1356; x_wconf 91' lang='lat' dir='ltr'>in</span> <span class='ocrx_word' id='word_1_206' title='bbox 992 1319 1128 1368; x_wconf 91' lang='lat' dir='ltr'>seipso.</span> 
     </span>
    </p>

    <p class='ocr_par' dir='ltr' id='par_1_11' title="bbox 277 1372 1337 1634">
     <span class='ocr_line' id='line_1_34' title="bbox 331 1372 1336 1422; baseline -0.002 -11"><span class='ocrx_word' id='word_1_207' title='bbox 331 1373 538 1411; x_wconf 88' lang='lat' dir='ltr'>Sciendum</span> <span class='ocrx_word' id='word_1_208' title='bbox 565 1381 694 1410; x_wconf 89' lang='lat' dir='ltr'>tamen</span> <span class='ocrx_word' id='word_1_209' title='bbox 723 1373 827 1422; x_wconf 92' lang='lat' dir='ltr'>quod</span> <span class='ocrx_word' id='word_1_210' title='bbox 861 1372 1066 1422; x_wconf 89' lang='lat' dir='ltr'>aliquando</span> <span class='ocrx_word' id='word_1_211' title='bbox 1105 1372 1238 1410; x_wconf 86' lang='lat' dir='ltr'>dicitur</span> <span class='ocrx_word' id='word_1_212' title='bbox 1274 1372 1336 1409; x_wconf 91' lang='lat' dir='ltr'>ali-</span> 
     </span>
     <span class='ocr_line' id='line_1_35' title="bbox 277 1425 1336 1476; baseline -0.002 -12"><span class='ocrx_word' id='word_1_213' title='bbox 277 1426 369 1476; x_wconf 88' lang='lat' dir='ltr'>quid</span> <span class='ocrx_word' id='word_1_214' title='bbox 411 1439 494 1464; x_wconf 92' lang='lat' dir='ltr'>esse</span> <span class='ocrx_word' id='word_1_215' title='bbox 530 1426 568 1463; x_wconf 92' lang='lat' dir='ltr'>in</span> <span class='ocrx_word' id='word_1_216' title='bbox 597 1426 734 1475; x_wconf 89' lang='lat' dir='ltr'>seipso,</span> <span class='ocrx_word' id='word_1_217' title='bbox 761 1438 839 1463; x_wconf 92' lang='lat' dir='ltr'>non</span> <span class='ocrx_word' id='word_1_218' title='bbox 867 1426 1079 1463; x_wconf 86' lang='lat' dir='ltr'>secundum</span> <span class='ocrx_word' id='word_1_219' title='bbox 1107 1425 1336 1462; x_wconf 89' lang='lat' dir='ltr'>intellectum</span> 
     </span>
     <span class='ocr_line' id='line_1_36' title="bbox 277 1478 1336 1528; baseline 0 -12"><span class='ocrx_word' id='word_1_220' title='bbox 277 1479 566 1526; x_wconf 85' lang='lat' dir='ltr'>affirmativum,</span> <span class='ocrx_word' id='word_1_221' title='bbox 587 1479 681 1516; x_wconf 86' lang='lat' dir='ltr'>sicut</span> <span class='ocrx_word' id='word_1_222' title='bbox 698 1478 760 1515; x_wconf 92' lang='lat' dir='ltr'>hic</span> <span class='ocrx_word' id='word_1_223' title='bbox 787 1479 965 1528; x_wconf 85' lang='lat' dir='ltr'>reprobat</span> <span class='ocrx_word' id='word_1_224' title='bbox 982 1478 1248 1526; x_wconf 84' lang='lat' dir='ltr'>Philosophus,</span> <span class='ocrx_word' id='word_1_225' title='bbox 1270 1478 1336 1516; x_wconf 87' lang='lat' dir='ltr'>sed</span> 
     </span>
     <span class='ocr_line' id='line_1_37' title="bbox 277 1531 1337 1580; baseline -0.001 -11"><span class='ocrx_word' id='word_1_226' title='bbox 277 1531 489 1569; x_wconf 87' lang='lat' dir='ltr'>secundum</span> <span class='ocrx_word' id='word_1_227' title='bbox 516 1531 745 1568; x_wconf 91' lang='lat' dir='ltr'>intellectum</span> <span class='ocrx_word' id='word_1_228' title='bbox 775 1531 1006 1579; x_wconf 81' lang='lat' dir='ltr'>negativum,</span> <span class='ocrx_word' id='word_1_229' title='bbox 1039 1538 1152 1580; x_wconf 85' lang='lat' dir='ltr'>prout</span> <span class='ocrx_word' id='word_1_230' title='bbox 1185 1543 1266 1568; x_wconf 90' lang='lat' dir='ltr'>esse</span> <span class='ocrx_word' id='word_1_231' title='bbox 1298 1531 1337 1568; x_wconf 91' lang='lat' dir='ltr'>in</span> 
     </span>
     <span class='ocr_line' id='line_1_38' title="bbox 278 1583 1198 1634; baseline -0.001 -13"><span class='ocrx_word' id='word_1_232' title='bbox 278 1584 402 1634; x_wconf 89' lang='lat' dir='ltr'>seipso</span> <span class='ocrx_word' id='word_1_233' title='bbox 422 1597 501 1621; x_wconf 92' lang='lat' dir='ltr'>non</span> <span class='ocrx_word' id='word_1_234' title='bbox 520 1584 705 1632; x_wconf 89' lang='lat' dir='ltr'>significat</span> <span class='ocrx_word' id='word_1_235' title='bbox 732 1583 803 1620; x_wconf 89' lang='lat' dir='ltr'>nisi</span> <span class='ocrx_word' id='word_1_236' title='bbox 830 1596 910 1620; x_wconf 90' lang='lat' dir='ltr'>non</span> <span class='ocrx_word' id='word_1_237' title='bbox 939 1596 1021 1621; x_wconf 87' lang='lat' dir='ltr'>esse</span> <span class='ocrx_word' id='word_1_238' title='bbox 1048 1583 1087 1620; x_wconf 88' lang='lat' dir='ltr'>in</span> <span class='ocrx_word' id='word_1_239' title='bbox 1115 1583 1198 1620; x_wconf 90' lang='lat' dir='ltr'>alio.</span> 
     </span>
    </p>

    <p class='ocr_par' dir='ltr' id='par_1_12' title="bbox 276 1636 1339 1896">
     <span class='ocr_line' id='line_1_39' title="bbox 337 1636 1335 1683; baseline -0.002 -9"><span class='ocrx_word' id='word_1_240' title='bbox 337 1649 394 1674; x_wconf 91' lang='lat'>10.</span> <span class='ocrx_word' id='word_1_241' title='bbox 415 1637 564 1674; x_wconf 90' lang='lat' dir='ltr'>Deinde</span> <span class='ocrx_word' id='word_1_242' title='bbox 593 1649 682 1674; x_wconf 92' lang='lat' dir='ltr'>cum</span> <span class='ocrx_word' id='word_1_243' title='bbox 711 1636 815 1674; x_wconf 91' lang='lat' dir='ltr'>dicit:</span> <span class='ocrx_word' id='word_1_244' title='bbox 849 1637 959 1678; x_wconf 84' lang='lat' dir='ltr'>Quod</span> <span class='ocrx_word' id='word_1_245' title='bbox 984 1642 1109 1674; x_wconf 83' lang='lat' dir='ltr'>autem</span> <span class='ocrx_word' id='word_1_246' title='bbox 1129 1638 1232 1673; x_wconf 87' lang='lat' dir='ltr'>Zeno</span> <span class='ocrx_word' id='word_1_247' title='bbox 1253 1643 1335 1683; x_wconf 88' lang='lat' dir='ltr'>etc.‚</span> 
     </span>
     <span class='ocr_line' id='line_1_40' title="bbox 277 1688 1337 1738; baseline -0.001 -12"><span class='ocrx_word' id='word_1_248' title='bbox 277 1689 388 1727; x_wconf 91' lang='lat' dir='ltr'>solvit</span> <span class='ocrx_word' id='word_1_249' title='bbox 402 1689 592 1738; x_wconf 89' lang='lat' dir='ltr'>quaedam</span> <span class='ocrx_word' id='word_1_250' title='bbox 609 1689 776 1726; x_wconf 86' lang='lat' dir='ltr'>dubitata</span> <span class='ocrx_word' id='word_1_251' title='bbox 790 1690 822 1725; x_wconf 77' lang='lat'>*.</span> <span class='ocrx_word' id='word_1_252' title='bbox 839 1690 888 1725; x_wconf 90' lang='lat' dir='ltr'>Et</span> <span class='ocrx_word' id='word_1_253' title='bbox 900 1689 1025 1738; x_wconf 91' lang='lat' dir='ltr'>primo</span> <span class='ocrx_word' id='word_1_254' title='bbox 1042 1696 1215 1725; x_wconf 89' lang='lat' dir='ltr'>removet</span> <span class='ocrx_word' id='word_1_255' title='bbox 1229 1688 1337 1725; x_wconf 89' lang='lat' dir='ltr'>ratio-</span> 
     </span>
     <span class='ocr_line' id='line_1_41' title="bbox 276 1741 1337 1790; baseline -0.002 -11"><span class='ocrx_word' id='word_1_256' title='bbox 276 1754 366 1779; x_wconf 88' lang='lat' dir='ltr'>nem</span> <span class='ocrx_word' id='word_1_257' title='bbox 389 1742 568 1789; x_wconf 88' lang='lat' dir='ltr'>Zenonis,</span> <span class='ocrx_word' id='word_1_258' title='bbox 589 1754 687 1790; x_wconf 92' lang='lat' dir='ltr'>quae</span> <span class='ocrx_word' id='word_1_259' title='bbox 719 1741 968 1778; x_wconf 88' lang='lat' dir='ltr'>inducebatur</span> <span class='ocrx_word' id='word_1_260' title='bbox 986 1742 1006 1763; x_wconf 78' lang='lat'><strong>*</strong></span> <span class='ocrx_word' id='word_1_261' title='bbox 1027 1741 1076 1778; x_wconf 92' lang='lat' dir='ltr'>ad</span> <span class='ocrx_word' id='word_1_262' title='bbox 1093 1741 1337 1790; x_wconf 91' lang='lat' dir='ltr'>probandum</span> 
     </span>
     <span class='ocr_line' id='line_1_42' title="bbox 277 1793 1339 1844; baseline -0.002 -12"><span class='ocrx_word' id='word_1_263' title='bbox 277 1795 382 1844; x_wconf 91' lang='lat' dir='ltr'>quod</span> <span class='ocrx_word' id='word_1_264' title='bbox 408 1796 514 1832; x_wconf 90' lang='lat' dir='ltr'>locus</span> <span class='ocrx_word' id='word_1_265' title='bbox 542 1807 620 1832; x_wconf 90' lang='lat' dir='ltr'>non</span> <span class='ocrx_word' id='word_1_266' title='bbox 639 1794 696 1843; x_wconf 81' lang='lat' dir='ltr'>sit,</span> <span class='ocrx_word' id='word_1_267' title='bbox 715 1807 785 1843; x_wconf 89' lang='lat' dir='ltr'>per</span> <span class='ocrx_word' id='word_1_268' title='bbox 803 1795 878 1831; x_wconf 88' lang='lat' dir='ltr'>hoc</span> <span class='ocrx_word' id='word_1_269' title='bbox 897 1794 986 1843; x_wconf 88' lang='lat' dir='ltr'>quia</span> <span class='ocrx_word' id='word_1_270' title='bbox 1005 1796 1024 1814; x_wconf 75' lang='lat'>³⁵</span> <span class='ocrx_word' id='word_1_271' title='bbox 1053 1793 1083 1830; x_wconf 91' lang='lat' dir='ltr'>si</span> <span class='ocrx_word' id='word_1_272' title='bbox 1103 1801 1168 1840; x_wconf 85' lang='lat' dir='ltr'>est,</span> <span class='ocrx_word' id='word_1_273' title='bbox 1191 1801 1339 1842; x_wconf 90' lang='lat' dir='ltr'>oportet</span> 
     </span>
     <span class='ocr_line' id='line_1_43' title="bbox 278 1844 1336 1896; baseline -0.003 -11"><span class='ocrx_word' id='word_1_274' title='bbox 278 1847 383 1896; x_wconf 91' lang='lat' dir='ltr'>quod</span> <span class='ocrx_word' id='word_1_275' title='bbox 402 1847 448 1885; x_wconf 93' lang='lat' dir='ltr'>sit</span> <span class='ocrx_word' id='word_1_276' title='bbox 465 1848 504 1885; x_wconf 90' lang='lat' dir='ltr'>in</span> <span class='ocrx_word' id='word_1_277' title='bbox 523 1847 608 1896; x_wconf 84' lang='lat' dir='ltr'>alio,</span> <span class='ocrx_word' id='word_1_278' title='bbox 631 1855 667 1884; x_wconf 92' lang='lat' dir='ltr'>et</span> <span class='ocrx_word' id='word_1_279' title='bbox 685 1847 738 1884; x_wconf 92' lang='lat' dir='ltr'>sic</span> <span class='ocrx_word' id='word_1_280' title='bbox 757 1847 859 1884; x_wconf 78' lang='lat' dir='ltr'>itur*</span> <span class='ocrx_word' id='word_1_281' title='bbox 874 1846 912 1883; x_wconf 93' lang='lat' dir='ltr'>in</span> <span class='ocrx_word' id='word_1_282' title='bbox 931 1846 1132 1884; x_wconf 89' lang='lat' dir='ltr'>infinitum.</span> <span class='ocrx_word' id='word_1_283' title='bbox 1155 1844 1232 1883; x_wconf 89' lang='lat' dir='ltr'>Sed</span> <span class='ocrx_word' id='word_1_284' title='bbox 1251 1847 1336 1893; x_wconf 85' lang='lat' dir='ltr'>hoc,</span> 
     </span>
    </p>
   </div>
   <div class='ocr_carea' id='block_1_11' title="bbox 277 2012 1338 2117">
    <p class='ocr_par' dir='ltr' id='par_1_13' title="bbox 277 2012 1338 2117">
     <span class='ocr_line' id='line_1_44' title="bbox 331 2012 1338 2047; baseline -0.003 -8"><span class='ocrx_word' id='word_1_285' title='bbox 331 2012 356 2047; x_wconf 87' lang='grc' dir='ltr'>β)</span> <span class='ocrx_word' id='word_1_286' title='bbox 375 2014 402 2039; x_wconf 79' lang='lat' dir='ltr'>in</span> <span class='ocrx_word' id='word_1_287' title='bbox 421 2013 472 2039; x_wconf 82' lang='lat' dir='ltr'>hac</span> <span class='ocrx_word' id='word_1_288' title='bbox 489 2017 578 2039; x_wconf 80' lang='lat' dir='ltr'>tamen</span> <span class='ocrx_word' id='word_1_289' title='bbox 592 2013 683 2046; x_wconf 77' lang='lat' dir='ltr'>primo</span> <span class='ocrx_word' id='word_1_290' title='bbox 703 2013 802 2038; x_wconf 80' lang='lat' dir='ltr'>dicitur</span> <span class='ocrx_word' id='word_1_291' title='bbox 819 2017 945 2038; x_wconf 62' lang='lat' dir='ltr'>essa-et</span> <span class='ocrx_word' id='word_1_292' title='bbox 963 2013 1012 2038; x_wconf 85' lang='lat' dir='ltr'>hoc</span> <span class='ocrx_word' id='word_1_293' title='bbox 1030 2017 1118 2038; x_wconf 82' lang='lat' dir='ltr'>tamen</span> <span class='ocrx_word' id='word_1_294' title='bbox 1131 2012 1220 2044; x_wconf 81' lang='lat' dir='ltr'>primo</span> <span class='ocrx_word' id='word_1_295' title='bbox 1239 2012 1338 2038; x_wconf 81' lang='lat' dir='ltr'>dicitur</span> 
     </span>
     <span class='ocr_line' id='line_1_45' title="bbox 277 2047 1337 2081; baseline -0.003 -7"><span class='ocrx_word' id='word_1_296' title='bbox 277 2049 352 2074; x_wconf 82' lang='lat' dir='ltr'>codd.</span> <span class='ocrx_word' id='word_1_297' title='bbox 372 2053 398 2074; x_wconf 85' lang='lat' dir='ltr'>et</span> <span class='ocrx_word' id='word_1_298' title='bbox 414 2049 472 2080; x_wconf 77' lang='lat' dir='ltr'>ab,</span> <span class='ocrx_word' id='word_1_299' title='bbox 487 2050 632 2074; x_wconf 77' lang='lat' dir='ltr'>secundum</span> <span class='ocrx_word' id='word_1_300' title='bbox 650 2056 728 2081; x_wconf 81' lang='lat' dir='ltr'>quam</span> <span class='ocrx_word' id='word_1_301' title='bbox 747 2049 883 2074; x_wconf 87' lang='lat' dir='ltr'>lectionem</span> <span class='ocrx_word' id='word_1_302' title='bbox 896 2056 990 2073; x_wconf 78' lang='lat' dir='ltr'>sensus</span> <span class='ocrx_word' id='word_1_303' title='bbox 1013 2053 1083 2073; x_wconf 82' lang='lat' dir='ltr'>esset</span> <span class='ocrx_word' id='word_1_304' title='bbox 1103 2048 1173 2081; x_wconf 90' lang='lat' dir='ltr'>quod</span> <span class='ocrx_word' id='word_1_305' title='bbox 1192 2047 1271 2072; x_wconf 89' lang='lat' dir='ltr'>homo</span> <span class='ocrx_word' id='word_1_306' title='bbox 1286 2047 1337 2072; x_wconf 86' lang='lat' dir='ltr'>exi-</span> 
     </span>
     <span class='ocr_line' id='line_1_46' title="bbox 277 2083 1338 2117; baseline -0.002 -8"><span class='ocrx_word' id='word_1_307' title='bbox 277 2089 350 2110; x_wconf 77' lang='lat' dir='ltr'>stens</span> <span class='ocrx_word' id='word_1_308' title='bbox 368 2085 394 2109; x_wconf 92' lang='lat' dir='ltr'>in</span> <span class='ocrx_word' id='word_1_309' title='bbox 412 2084 484 2115; x_wconf 81' lang='lat' dir='ltr'>navi,</span> <span class='ocrx_word' id='word_1_310' title='bbox 509 2084 599 2109; x_wconf 84' lang='lat' dir='ltr'>dicitur</span> <span class='ocrx_word' id='word_1_311' title='bbox 621 2084 727 2117; x_wconf 89' lang='lat' dir='ltr'>quidem</span> <span class='ocrx_word' id='word_1_312' title='bbox 752 2091 811 2108; x_wconf 87' lang='lat' dir='ltr'>esse</span> <span class='ocrx_word' id='word_1_313' title='bbox 829 2084 856 2108; x_wconf 82' lang='lat' dir='ltr'>in</span> <span class='ocrx_word' id='word_1_314' title='bbox 874 2084 939 2108; x_wconf 82' lang='lat' dir='ltr'>mari</span> <span class='ocrx_word' id='word_1_315' title='bbox 957 2084 1100 2109; x_wconf 83' lang='lat' dir='ltr'>secundum</span> <span class='ocrx_word' id='word_1_316' title='bbox 1124 2083 1258 2112; x_wconf 81' lang='lat' dir='ltr'>accidens,</span> <span class='ocrx_word' id='word_1_317' title='bbox 1278 2083 1338 2115; x_wconf 84' lang='lat' dir='ltr'>quia</span> 
     </span>
    </p>
   </div>
   <div class='ocr_carea' id='block_1_12' title="bbox 1369 296 1600 333">
    <p class='ocr_par' dir='ltr' id='par_1_14' title="bbox 1369 296 1600 333">
     <span class='ocr_line' id='line_1_47' title="bbox 1369 296 1600 333; baseline 0.004 -2"><span class='ocrx_word' id='word_1_318' title='bbox 1369 296 1518 333; x_wconf 89' lang='lat' dir='ltr'>LECT.</span> <span class='ocrx_word' id='word_1_319' title='bbox 1550 297 1600 332; x_wconf 92' lang='lat' dir='ltr'>IV</span> 
     </span>
    </p>
   </div>
   <div class='ocr_carea' id='block_1_13' title="bbox 1374 374 2450 1882">
    <p class='ocr_par' dir='ltr' id='par_1_15' title="bbox 1389 374 2449 935">
     <span class='ocr_line' id='line_1_48' title="bbox 1389 374 2447 426; baseline 0.004 -17"><span class='ocrx_word' id='word_1_320' title='bbox 1389 381 1430 409; x_wconf 91' lang='lat' dir='ltr'>ut</span> <span class='ocrx_word' id='word_1_321' title='bbox 1460 374 1557 421; x_wconf 84' lang='lat' dir='ltr'>dicit,</span> <span class='ocrx_word' id='word_1_322' title='bbox 1588 387 1665 411; x_wconf 92' lang='lat' dir='ltr'>non</span> <span class='ocrx_word' id='word_1_323' title='bbox 1695 383 1749 412; x_wconf 91' lang='lat' dir='ltr'>est</span> <span class='ocrx_word' id='word_1_324' title='bbox 1778 375 1926 412; x_wconf 89' lang='lat' dir='ltr'>difficile</span> <span class='ocrx_word' id='word_1_325' title='bbox 1964 377 2111 413; x_wconf 90' lang='lat' dir='ltr'>solvere</span> <span class='ocrx_word' id='word_1_326' title='bbox 2139 384 2343 426; x_wconf 90' lang='lat' dir='ltr'>postquam</span> <span class='ocrx_word' id='word_1_327' title='bbox 2372 377 2447 413; x_wconf 90' lang='lat' dir='ltr'>iarn</span> 
     </span>
     <span class='ocr_line' id='line_1_49' title="bbox 1390 427 2448 478; baseline 0.004 -16"><span class='ocrx_word' id='word_1_328' title='bbox 1390 434 1476 462; x_wconf 90' lang='lat' dir='ltr'>sunt</span> <span class='ocrx_word' id='word_1_329' title='bbox 1504 427 1662 463; x_wconf 90' lang='lat' dir='ltr'>distincti</span> <span class='ocrx_word' id='word_1_330' title='bbox 1690 428 1794 464; x_wconf 88' lang='lat' dir='ltr'>modi</span> <span class='ocrx_word' id='word_1_331' title='bbox 1814 429 1951 476; x_wconf 89' lang='lat' dir='ltr'>quibus</span> <span class='ocrx_word' id='word_1_332' title='bbox 1975 429 2114 478; x_wconf 92' lang='lat' dir='ltr'>aliquid</span> <span class='ocrx_word' id='word_1_333' title='bbox 2144 429 2277 466; x_wconf 88' lang='lat' dir='ltr'>dicitur</span> <span class='ocrx_word' id='word_1_334' title='bbox 2310 442 2390 466; x_wconf 89' lang='lat' dir='ltr'>esse</span> <span class='ocrx_word' id='word_1_335' title='bbox 2411 429 2448 466; x_wconf 91' lang='lat' dir='ltr'>in</span> 
     </span>
     <span class='ocr_line' id='line_1_50' title="bbox 1390 478 2447 530; baseline 0.004 -16"><span class='ocrx_word' id='word_1_336' title='bbox 1390 478 1527 526; x_wconf 80' lang='lat' dir='ltr'>aliquo,</span> <span class='ocrx_word' id='word_1_337' title='bbox 1558 480 1661 516; x_wconf 88' lang='lat' dir='ltr'>Nihil</span> <span class='ocrx_word' id='word_1_338' title='bbox 1697 480 1797 516; x_wconf 84' lang='lat' dir='ltr'>enim</span> <span class='ocrx_word' id='word_1_339' title='bbox 1835 481 2010 529; x_wconf 90' lang='lat' dir='ltr'>prohibet</span> <span class='ocrx_word' id='word_1_340' title='bbox 2038 482 2162 518; x_wconf 88' lang='lat' dir='ltr'>dicere</span> <span class='ocrx_word' id='word_1_341' title='bbox 2200 482 2305 530; x_wconf 93' lang='lat' dir='ltr'>quod</span> <span class='ocrx_word' id='word_1_342' title='bbox 2341 482 2447 518; x_wconf 90' lang='lat' dir='ltr'>locus</span> 
     </span>
     <span class='ocr_line' id='line_1_51' title="bbox 1391 531 2446 582; baseline 0.004 -16"><span class='ocrx_word' id='word_1_343' title='bbox 1391 538 1446 567; x_wconf 90' lang='lat' dir='ltr'>est</span> <span class='ocrx_word' id='word_1_344' title='bbox 1464 531 1501 567; x_wconf 91' lang='lat' dir='ltr'>in</span> <span class='ocrx_word' id='word_1_345' title='bbox 1529 531 1673 579; x_wconf 90' lang='lat' dir='ltr'>aliquo:</span> <span class='ocrx_word' id='word_1_346' title='bbox 1694 545 1771 569; x_wconf 91' lang='lat' dir='ltr'>non</span> <span class='ocrx_word' id='word_1_347' title='bbox 1790 540 1918 569; x_wconf 89' lang='lat' dir='ltr'>tamen</span> <span class='ocrx_word' id='word_1_348' title='bbox 1938 541 1992 570; x_wconf 91' lang='lat' dir='ltr'>est</span> <span class='ocrx_word' id='word_1_349' title='bbox 2020 534 2058 570; x_wconf 90' lang='lat' dir='ltr'>in</span> <span class='ocrx_word' id='word_1_350' title='bbox 2081 534 2143 570; x_wconf 92' lang='lat' dir='ltr'>illo</span> <span class='ocrx_word' id='word_1_351' title='bbox 2173 534 2267 571; x_wconf 91' lang='lat' dir='ltr'>sicut</span> <span class='ocrx_word' id='word_1_352' title='bbox 2290 534 2327 571; x_wconf 90' lang='lat' dir='ltr'>in</span> <span class='ocrx_word' id='word_1_353' title='bbox 2346 535 2446 582; x_wconf 82' lang='lat' dir='ltr'>loco,</span> 
     </span>
     <span class='ocr_line' id='line_1_52' title="bbox 1390 583 2449 633; baseline 0.004 -14"><span class='ocrx_word' id='word_1_354' title='bbox 1390 583 1457 619; x_wconf 91' lang='lat' dir='ltr'>sed</span> <span class='ocrx_word' id='word_1_355' title='bbox 1475 596 1544 631; x_wconf 92' lang='lat' dir='ltr'>per</span> <span class='ocrx_word' id='word_1_356' title='bbox 1572 584 1763 632; x_wconf 85' lang='lat' dir='ltr'>quendam</span> <span class='ocrx_word' id='word_1_357' title='bbox 1784 585 1898 622; x_wconf 89' lang='lat' dir='ltr'>aliurn</span> <span class='ocrx_word' id='word_1_358' title='bbox 1927 586 2100 633; x_wconf 83' lang='lat' dir='ltr'>modum,</span> <span class='ocrx_word' id='word_1_359' title='bbox 2122 586 2216 623; x_wconf 88' lang='lat' dir='ltr'>sicut</span> <span class='ocrx_word' id='word_1_360' title='bbox 2243 587 2365 623; x_wconf 89' lang='lat' dir='ltr'>forma</span> <span class='ocrx_word' id='word_1_361' title='bbox 2394 595 2449 623; x_wconf 89' lang='lat' dir='ltr'>est</span> 
     </span>
     <span class='ocr_line' id='line_1_53' title="bbox 1389 635 2446 687; baseline 0.005 -16"><span class='ocrx_word' id='word_1_362' title='bbox 1389 635 1427 672; x_wconf 90' lang='lat' dir='ltr'>in</span> <span class='ocrx_word' id='word_1_363' title='bbox 1456 636 1612 672; x_wconf 89' lang='lat' dir='ltr'>materia</span> <span class='ocrx_word' id='word_1_364' title='bbox 1638 638 1699 673; x_wconf 92' lang='lat' dir='ltr'>vel</span> <span class='ocrx_word' id='word_1_365' title='bbox 1729 637 1902 674; x_wconf 85' lang='lat' dir='ltr'>accidens</span> <span class='ocrx_word' id='word_1_366' title='bbox 1930 638 1968 674; x_wconf 90' lang='lat' dir='ltr'>in</span> <span class='ocrx_word' id='word_1_367' title='bbox 2002 639 2192 685; x_wconf 83' lang='lat' dir='ltr'>subiect03</span> <span class='ocrx_word' id='word_1_368' title='bbox 2221 639 2446 687; x_wconf 89' lang='lat' dir='ltr'>inquantum</span> 
     </span>
     <span class='ocr_line' id='line_1_54' title="bbox 1390 688 2446 728; baseline 0.005 -5"><span class='ocrx_word' id='word_1_369' title='bbox 1390 688 1528 724; x_wconf 88' lang='lat' dir='ltr'>scilicet</span> <span class='ocrx_word' id='word_1_370' title='bbox 1564 689 1669 725; x_wconf 91' lang='lat' dir='ltr'>locus</span> <span class='ocrx_word' id='word_1_371' title='bbox 1708 697 1762 726; x_wconf 90' lang='lat' dir='ltr'>est</span> <span class='ocrx_word' id='word_1_372' title='bbox 1799 690 1981 727; x_wconf 86' lang='lat' dir='ltr'>terminus</span> <span class='ocrx_word' id='word_1_373' title='bbox 2020 691 2254 728; x_wconf 88' lang='lat' dir='ltr'>continentis.</span> <span class='ocrx_word' id='word_1_374' title='bbox 2284 693 2332 728; x_wconf 89' lang='lat' dir='ltr'>Et</span> <span class='ocrx_word' id='word_1_375' title='bbox 2372 692 2446 728; x_wconf 90' lang='lat' dir='ltr'>hoc</span> 
     </span>
     <span class='ocr_line' id='line_1_55' title="bbox 1391 741 2446 789; baseline 0.004 -13"><span class='ocrx_word' id='word_1_376' title='bbox 1391 747 1445 777; x_wconf 87' lang='lat' dir='ltr'>est</span> <span class='ocrx_word' id='word_1_377' title='bbox 1473 742 1576 789; x_wconf 92' lang='lat' dir='ltr'>quod</span> <span class='ocrx_word' id='word_1_378' title='bbox 1604 741 1744 778; x_wconf 89' lang='lat' dir='ltr'>subdit:</span> <span class='ocrx_word' id='word_1_379' title='bbox 1765 743 1858 778; x_wconf 86' lang='lat' dir='ltr'>sicut</span> <span class='ocrx_word' id='word_1_380' title='bbox 1883 745 2023 779; x_wconf 81' lang='lat' dir='ltr'>sanitas</span> <span class='ocrx_word' id='word_1_381' title='bbox 2042 749 2096 780; x_wconf 88' lang='lat' dir='ltr'>est</span> <span class='ocrx_word' id='word_1_382' title='bbox 2122 744 2158 780; x_wconf 91' lang='lat' dir='ltr'>in</span> <span class='ocrx_word' id='word_1_383' title='bbox 2179 744 2306 780; x_wconf 85' lang='lat' dir='ltr'>calidis</span> <span class='ocrx_word' id='word_1_384' title='bbox 2326 750 2367 780; x_wconf 90' lang='lat' dir='ltr'>ut</span> <span class='ocrx_word' id='word_1_385' title='bbox 2381 745 2446 781; x_wconf 88' lang='lat' dir='ltr'>ha-</span> 
     </span>
     <span class='ocr_line' id='line_1_56' title="bbox 1390 794 2447 843; baseline 0.004 -14"><span class='ocrx_word' id='word_1_386' title='bbox 1390 794 1483 829; x_wconf 84' lang='lat' dir='ltr'>bitus</span> <span class='ocrx_word' id='word_1_387' title='bbox 1510 794 1550 838; x_wconf 60' lang='lat'>³¹²,</span> <span class='ocrx_word' id='word_1_388' title='bbox 1580 800 1616 830; x_wconf 89' lang='lat' dir='ltr'>et</span> <span class='ocrx_word' id='word_1_389' title='bbox 1641 794 1745 831; x_wconf 88' lang='lat' dir='ltr'>calor</span> <span class='ocrx_word' id='word_1_390' title='bbox 1781 795 1817 831; x_wconf 90' lang='lat' dir='ltr'>in</span> <span class='ocrx_word' id='word_1_391' title='bbox 1847 807 2004 843; x_wconf 82' lang='lat' dir='ltr'>corpore</span> <span class='ocrx_word' id='word_1_392' title='bbox 2041 802 2080 832; x_wconf 88' lang='lat' dir='ltr'>ut</span> <span class='ocrx_word' id='word_1_393' title='bbox 2099 797 2226 843; x_wconf 84' lang='lat' dir='ltr'>passio</span> <span class='ocrx_word' id='word_1_394' title='bbox 2254 797 2315 832; x_wconf 89' lang='lat' dir='ltr'>vel</span> <span class='ocrx_word' id='word_1_395' title='bbox 2353 797 2447 835; x_wconf 90' lang='lat' dir='ltr'>acci-</span> 
     </span>
     <span class='ocr_line' id='line_1_57' title="bbox 1390 846 2447 896; baseline 0.003 -14"><span class='ocrx_word' id='word_1_396' title='bbox 1390 847 1494 882; x_wconf 88' lang='lat' dir='ltr'>dens.</span> <span class='ocrx_word' id='word_1_397' title='bbox 1524 846 1634 883; x_wconf 89' lang='lat' dir='ltr'>Unde</span> <span class='ocrx_word' id='word_1_398' title='bbox 1663 859 1740 883; x_wconf 90' lang='lat' dir='ltr'>non</span> <span class='ocrx_word' id='word_1_399' title='bbox 1768 859 1922 884; x_wconf 88' lang='lat' dir='ltr'>necesse</span> <span class='ocrx_word' id='word_1_400' title='bbox 1953 856 2007 885; x_wconf 88' lang='lat' dir='ltr'>est</span> <span class='ocrx_word' id='word_1_401' title='bbox 2034 849 2138 896; x_wconf 90' lang='lat' dir='ltr'>quod</span> <span class='ocrx_word' id='word_1_402' title='bbox 2165 849 2392 896; x_wconf 89' lang='lat' dir='ltr'>procedatur</span> <span class='ocrx_word' id='word_1_403' title='bbox 2410 849 2447 885; x_wconf 88' lang='lat' dir='ltr'>in</span> 
     </span>
     <span class='ocr_line' id='line_1_58' title="bbox 1389 898 1591 935; baseline 0.005 -1"><span class='ocrx_word' id='word_1_404' title='bbox 1389 898 1591 935; x_wconf 89' lang='lat' dir='ltr'>infinitum.</span> 
     </span>
    </p>

    <p class='ocr_par' dir='ltr' id='par_1_16' title="bbox 1374 951 2450 1630">
     <span class='ocr_line' id='line_1_59' title="bbox 1450 951 2445 1002; baseline 0.003 -16"><span class='ocrx_word' id='word_1_405' title='bbox 1450 963 1505 987; x_wconf 92' lang='lat'>11.</span> <span class='ocrx_word' id='word_1_406' title='bbox 1544 951 1692 987; x_wconf 90' lang='lat' dir='ltr'>Deinde</span> <span class='ocrx_word' id='word_1_407' title='bbox 1730 963 1818 995; x_wconf 91' lang='lat' dir='ltr'>cum</span> <span class='ocrx_word' id='word_1_408' title='bbox 1857 952 1963 988; x_wconf 87' lang='lat' dir='ltr'>dicit:</span> <span class='ocrx_word' id='word_1_409' title='bbox 1996 952 2098 989; x_wconf 88' lang='lat' dir='ltr'>Illud</span> <span class='ocrx_word' id='word_1_410' title='bbox 2132 958 2255 989; x_wconf 85' lang='lat' dir='ltr'>autem</span> <span class='ocrx_word' id='word_1_411' title='bbox 2288 954 2445 1002; x_wconf 75' lang='lat' dir='ltr'>manife-</span> 
     </span>
     <span class='ocr_line' id='line_1_60' title="bbox 1374 1003 2448 1055; baseline 0.004 -17"><span class='ocrx_word' id='word_1_412' title='bbox 1374 1008 1485 1055; x_wconf 19' lang='lat' dir='ltr'>&#39;stum</span> <span class='ocrx_word' id='word_1_413' title='bbox 1515 1010 1602 1050; x_wconf 83' lang='lat' dir='ltr'>etc.‚</span> <span class='ocrx_word' id='word_1_414' title='bbox 1636 1003 1747 1039; x_wconf 88' lang='lat' dir='ltr'>solvit</span> <span class='ocrx_word' id='word_1_415' title='bbox 1776 1004 1887 1040; x_wconf 90' lang='lat' dir='ltr'>etiam</span> <span class='ocrx_word' id='word_1_416' title='bbox 1923 1004 2173 1041; x_wconf 90' lang='lat' dir='ltr'>dubitationes</span> <span class='ocrx_word' id='word_1_417' title='bbox 2202 1018 2315 1053; x_wconf 90' lang='lat' dir='ltr'>supra</span> <span class='ocrx_word' id='word_1_418' title='bbox 2333 1006 2353 1026; x_wconf 86' lang='grc'><em>*</em></span> <span class='ocrx_word' id='word_1_419' title='bbox 2380 1018 2448 1054; x_wconf 92' lang='lat' dir='ltr'>po-</span> 
     </span>
     <span class='ocr_line' id='line_1_61' title="bbox 1391 1054 2448 1103; baseline 0.004 -13"><span class='ocrx_word' id='word_1_420' title='bbox 1391 1054 1477 1091; x_wconf 89' lang='lat' dir='ltr'>sitas</span> <span class='ocrx_word' id='word_1_421' title='bbox 1507 1055 1554 1091; x_wconf 87' lang='lat' dir='ltr'>de</span> <span class='ocrx_word' id='word_1_422' title='bbox 1573 1055 1778 1102; x_wconf 90' lang='lat' dir='ltr'>quidditate</span> <span class='ocrx_word' id='word_1_423' title='bbox 1807 1057 1891 1103; x_wconf 84' lang='lat' dir='ltr'>loci,</span> <span class='ocrx_word' id='word_1_424' title='bbox 1921 1069 1970 1093; x_wconf 91' lang='lat' dir='ltr'>an</span> <span class='ocrx_word' id='word_1_425' title='bbox 1998 1057 2137 1094; x_wconf 91' lang='lat' dir='ltr'>scilicet</span> <span class='ocrx_word' id='word_1_426' title='bbox 2163 1057 2209 1094; x_wconf 91' lang='lat' dir='ltr'>sit</span> <span class='ocrx_word' id='word_1_427' title='bbox 2236 1058 2359 1094; x_wconf 86' lang='lat' dir='ltr'>forma</span> <span class='ocrx_word' id='word_1_428' title='bbox 2386 1060 2448 1095; x_wconf 87' lang='lat' dir='ltr'>vel</span> 
     </span>
     <span class='ocr_line' id='line_1_62' title="bbox 1390 1106 2448 1159; baseline 0.004 -16"><span class='ocrx_word' id='word_1_429' title='bbox 1390 1106 1558 1154; x_wconf 83' lang='lat' dir='ltr'>materia,</span> <span class='ocrx_word' id='word_1_430' title='bbox 1580 1120 1626 1143; x_wconf 83' lang='lat' dir='ltr'>ex</span> <span class='ocrx_word' id='word_1_431' title='bbox 1644 1108 1718 1144; x_wconf 89' lang='lat' dir='ltr'>hoc</span> <span class='ocrx_word' id='word_1_432' title='bbox 1746 1109 1851 1156; x_wconf 91' lang='lat' dir='ltr'>quod</span> <span class='ocrx_word' id='word_1_433' title='bbox 1884 1117 2078 1146; x_wconf 92' lang='lat' dir='ltr'>ostensum</span> <span class='ocrx_word' id='word_1_434' title='bbox 2099 1117 2153 1147; x_wconf 89' lang='lat' dir='ltr'>est</span> <span class='ocrx_word' id='word_1_435' title='bbox 2173 1111 2205 1157; x_wconf 65' lang='lat'>²⁴⁸²,</span> <span class='ocrx_word' id='word_1_436' title='bbox 2227 1111 2331 1159; x_wconf 90' lang='lat' dir='ltr'>quod</span> <span class='ocrx_word' id='word_1_437' title='bbox 2358 1110 2448 1147; x_wconf 86' lang='lat' dir='ltr'>nihil</span> 
     </span>
     <span class='ocr_line' id='line_1_63' title="bbox 1390 1159 2448 1210; baseline 0.004 -14"><span class='ocrx_word' id='word_1_438' title='bbox 1390 1159 1514 1208; x_wconf 90' lang='lat' dir='ltr'>primo</span> <span class='ocrx_word' id='word_1_439' title='bbox 1545 1167 1581 1196; x_wconf 91' lang='lat' dir='ltr'>et</span> <span class='ocrx_word' id='word_1_440' title='bbox 1606 1173 1675 1208; x_wconf 91' lang='lat' dir='ltr'>per</span> <span class='ocrx_word' id='word_1_441' title='bbox 1703 1173 1743 1196; x_wconf 90' lang='lat' dir='ltr'>se</span> <span class='ocrx_word' id='word_1_442' title='bbox 1764 1168 1818 1197; x_wconf 89' lang='lat' dir='ltr'>est</span> <span class='ocrx_word' id='word_1_443' title='bbox 1836 1161 1875 1197; x_wconf 92' lang='lat' dir='ltr'>in</span> <span class='ocrx_word' id='word_1_444' title='bbox 1893 1162 2029 1210; x_wconf 89' lang='lat' dir='ltr'>seipso.</span> <span class='ocrx_word' id='word_1_445' title='bbox 2060 1163 2118 1199; x_wconf 86' lang='lat' dir='ltr'>Ex</span> <span class='ocrx_word' id='word_1_446' title='bbox 2145 1163 2219 1199; x_wconf 93' lang='lat' dir='ltr'>hoc</span> <span class='ocrx_word' id='word_1_447' title='bbox 2247 1163 2349 1199; x_wconf 86' lang='lat' dir='ltr'>enim</span> <span class='ocrx_word' id='word_1_448' title='bbox 2368 1175 2448 1199; x_wconf 91' lang='lat' dir='ltr'>ma-</span> 
     </span>
     <span class='ocr_line' id='line_1_64' title="bbox 1391 1213 2449 1262; baseline 0.004 -14"><span class='ocrx_word' id='word_1_449' title='bbox 1391 1213 1569 1249; x_wconf 89' lang='lat' dir='ltr'>nifestum</span> <span class='ocrx_word' id='word_1_450' title='bbox 1598 1220 1652 1249; x_wconf 90' lang='lat' dir='ltr'>est</span> <span class='ocrx_word' id='word_1_451' title='bbox 1680 1213 1785 1261; x_wconf 91' lang='lat' dir='ltr'>quod</span> <span class='ocrx_word' id='word_1_452' title='bbox 1813 1213 1903 1250; x_wconf 92' lang='lat' dir='ltr'>nihil</span> <span class='ocrx_word' id='word_1_453' title='bbox 1931 1222 2055 1262; x_wconf 92' lang='lat' dir='ltr'>potest</span> <span class='ocrx_word' id='word_1_454' title='bbox 2082 1227 2165 1251; x_wconf 88' lang='lat' dir='ltr'>esse</span> <span class='ocrx_word' id='word_1_455' title='bbox 2189 1215 2282 1251; x_wconf 90' lang='lat' dir='ltr'>sicut</span> <span class='ocrx_word' id='word_1_456' title='bbox 2299 1228 2368 1252; x_wconf 89' lang='lat' dir='ltr'>vas</span> <span class='ocrx_word' id='word_1_457' title='bbox 2387 1217 2449 1252; x_wconf 90' lang='lat' dir='ltr'>vel</span> 
     </span>
     <span class='ocr_line' id='line_1_65' title="bbox 1391 1265 2448 1316; baseline 0.004 -15"><span class='ocrx_word' id='word_1_458' title='bbox 1391 1266 1496 1302; x_wconf 90' lang='lat' dir='ltr'>locus</span> <span class='ocrx_word' id='word_1_459' title='bbox 1518 1265 1596 1302; x_wconf 92' lang='lat' dir='ltr'>eius</span> <span class='ocrx_word' id='word_1_460' title='bbox 1615 1265 1720 1314; x_wconf 92' lang='lat' dir='ltr'>quod</span> <span class='ocrx_word' id='word_1_461' title='bbox 1739 1266 1950 1302; x_wconf 88' lang='lat' dir='ltr'>continetur</span> <span class='ocrx_word' id='word_1_462' title='bbox 1968 1267 2006 1303; x_wconf 92' lang='lat' dir='ltr'>in</span> <span class='ocrx_word' id='word_1_463' title='bbox 2025 1266 2107 1315; x_wconf 91' lang='lat' dir='ltr'>ipso</span> <span class='ocrx_word' id='word_1_464' title='bbox 2128 1267 2222 1303; x_wconf 91' lang='lat' dir='ltr'>sicut</span> <span class='ocrx_word' id='word_1_465' title='bbox 2239 1280 2327 1316; x_wconf 91' lang='lat' dir='ltr'>pars</span> <span class='ocrx_word' id='word_1_466' title='bbox 2351 1280 2448 1316; x_wconf 90' lang='lat' dir='ltr'>quae</span> 
     </span>
     <span class='ocr_line' id='line_1_66' title="bbox 1392 1317 2450 1368; baseline 0.003 -14"><span class='ocrx_word' id='word_1_467' title='bbox 1392 1317 1437 1354; x_wconf 91' lang='lat' dir='ltr'>sit</span> <span class='ocrx_word' id='word_1_468' title='bbox 1464 1317 1621 1355; x_wconf 90' lang='lat' dir='ltr'>materia</span> <span class='ocrx_word' id='word_1_469' title='bbox 1647 1319 1710 1355; x_wconf 87' lang='lat' dir='ltr'>vel</span> <span class='ocrx_word' id='word_1_470' title='bbox 1738 1318 1862 1355; x_wconf 88' lang='lat' dir='ltr'>forma</span> <span class='ocrx_word' id='word_1_471' title='bbox 1882 1320 1918 1355; x_wconf 59' lang='grc' dir='ltr'>ἐ</span> <span class='ocrx_word' id='word_1_472' title='bbox 1950 1326 2098 1368; x_wconf 88' lang='lat' dir='ltr'>oportet</span> <span class='ocrx_word' id='word_1_473' title='bbox 2133 1320 2233 1356; x_wconf 88' lang='lat' dir='ltr'>enim</span> <span class='ocrx_word' id='word_1_474' title='bbox 2260 1320 2385 1368; x_wconf 91' lang='lat' dir='ltr'>primo</span> <span class='ocrx_word' id='word_1_475' title='bbox 2415 1328 2450 1357; x_wconf 90' lang='lat' dir='ltr'>et</span> 
     </span>
     <span class='ocr_line' id='line_1_67' title="bbox 1389 1371 2447 1422; baseline 0.002 -15"><span class='ocrx_word' id='word_1_476' title='bbox 1389 1383 1459 1419; x_wconf 93' lang='lat' dir='ltr'>per</span> <span class='ocrx_word' id='word_1_477' title='bbox 1487 1383 1526 1407; x_wconf 92' lang='lat' dir='ltr'>se</span> <span class='ocrx_word' id='word_1_478' title='bbox 1555 1372 1714 1407; x_wconf 88' lang='lat' dir='ltr'>alterum</span> <span class='ocrx_word' id='word_1_479' title='bbox 1735 1383 1828 1417; x_wconf 82' lang='lat' dir='ltr'>esse,</span> <span class='ocrx_word' id='word_1_480' title='bbox 1849 1371 1955 1419; x_wconf 91' lang='lat' dir='ltr'>quod</span> <span class='ocrx_word' id='word_1_481' title='bbox 1970 1379 2025 1408; x_wconf 89' lang='lat' dir='ltr'>est</span> <span class='ocrx_word' id='word_1_482' title='bbox 2043 1371 2081 1408; x_wconf 88' lang='lat' dir='ltr'>in</span> <span class='ocrx_word' id='word_1_483' title='bbox 2101 1372 2238 1420; x_wconf 83' lang='lat' dir='ltr'>aliquo,</span> <span class='ocrx_word' id='word_1_484' title='bbox 2260 1380 2296 1409; x_wconf 90' lang='lat' dir='ltr'>et</span> <span class='ocrx_word' id='word_1_485' title='bbox 2314 1373 2352 1409; x_wconf 92' lang='lat' dir='ltr'>in</span> <span class='ocrx_word' id='word_1_486' title='bbox 2371 1385 2447 1422; x_wconf 93' lang='lat' dir='ltr'>quo</span> 
     </span>
     <span class='ocr_line' id='line_1_68' title="bbox 1391 1423 2449 1474; baseline 0.002 -14"><span class='ocrx_word' id='word_1_487' title='bbox 1391 1431 1447 1460; x_wconf 90' lang='lat' dir='ltr'>est</span> <span class='ocrx_word' id='word_1_488' title='bbox 1465 1423 1618 1472; x_wconf 86' lang='lat' dir='ltr'>aliquid⁷</span> <span class='ocrx_word' id='word_1_489' title='bbox 1634 1431 1676 1460; x_wconf 91' lang='lat' dir='ltr'>ut</span> <span class='ocrx_word' id='word_1_490' title='bbox 1694 1431 1890 1460; x_wconf 92' lang='lat' dir='ltr'>ostensum</span> <span class='ocrx_word' id='word_1_491' title='bbox 1906 1431 1961 1460; x_wconf 90' lang='lat' dir='ltr'>est</span> <span class='ocrx_word' id='word_1_492' title='bbox 1970 1425 1999 1461; x_wconf 84' lang='grc'>*.</span> <span class='ocrx_word' id='word_1_493' title='bbox 2016 1424 2127 1461; x_wconf 91' lang='lat' dir='ltr'>Unde</span> <span class='ocrx_word' id='word_1_494' title='bbox 2151 1425 2319 1473; x_wconf 88' lang='lat' dir='ltr'>sequitur</span> <span class='ocrx_word' id='word_1_495' title='bbox 2345 1425 2449 1474; x_wconf 93' lang='lat' dir='ltr'>quod</span> 
     </span>
     <span class='ocr_line' id='line_1_69' title="bbox 1391 1476 2449 1526; baseline 0.001 -13"><span class='ocrx_word' id='word_1_496' title='bbox 1391 1489 1515 1524; x_wconf 91' lang='lat' dir='ltr'>neque</span> <span class='ocrx_word' id='word_1_497' title='bbox 1544 1477 1667 1513; x_wconf 87' lang='lat' dir='ltr'>forma</span> <span class='ocrx_word' id='word_1_498' title='bbox 1694 1488 1818 1525; x_wconf 90' lang='lat' dir='ltr'>neque</span> <span class='ocrx_word' id='word_1_499' title='bbox 1838 1476 1995 1514; x_wconf 87' lang='lat' dir='ltr'>materia</span> <span class='ocrx_word' id='word_1_500' title='bbox 2014 1477 2059 1513; x_wconf 92' lang='lat' dir='ltr'>sit</span> <span class='ocrx_word' id='word_1_501' title='bbox 2077 1478 2194 1524; x_wconf 78' lang='lat' dir='ltr'>locus,</span> <span class='ocrx_word' id='word_1_502' title='bbox 2216 1478 2284 1514; x_wconf 89' lang='lat' dir='ltr'>sed</span> <span class='ocrx_word' id='word_1_503' title='bbox 2311 1477 2449 1526; x_wconf 89' lang='lat' dir='ltr'>aliquid</span> 
     </span>
     <span class='ocr_line' id='line_1_70' title="bbox 1392 1529 2450 1567; baseline 0.002 -2"><span class='ocrx_word' id='word_1_504' title='bbox 1392 1530 1549 1566; x_wconf 90' lang='lat' dir='ltr'>alterum</span> <span class='ocrx_word' id='word_1_505' title='bbox 1570 1541 1591 1566; x_wconf 88' lang='lat' dir='ltr'>a</span> <span class='ocrx_word' id='word_1_506' title='bbox 1618 1530 1740 1566; x_wconf 90' lang='lat' dir='ltr'>locato</span> <span class='ocrx_word' id='word_1_507' title='bbox 1762 1529 1807 1565; x_wconf 84' lang='lat' dir='ltr'>sit</span> <span class='ocrx_word' id='word_1_508' title='bbox 1824 1529 1948 1566; x_wconf 88' lang='lat' dir='ltr'>locus:</span> <span class='ocrx_word' id='word_1_509' title='bbox 1969 1530 2126 1566; x_wconf 89' lang='lat' dir='ltr'>materia</span> <span class='ocrx_word' id='word_1_510' title='bbox 2150 1530 2253 1567; x_wconf 91' lang='lat' dir='ltr'>enim</span> <span class='ocrx_word' id='word_1_511' title='bbox 2274 1537 2310 1567; x_wconf 89' lang='lat' dir='ltr'>et</span> <span class='ocrx_word' id='word_1_512' title='bbox 2328 1530 2450 1567; x_wconf 85' lang='lat' dir='ltr'>forma</span> 
     </span>
     <span class='ocr_line' id='line_1_71' title="bbox 1391 1581 2369 1630; baseline 0.001 -12"><span class='ocrx_word' id='word_1_513' title='bbox 1391 1589 1477 1619; x_wconf 91' lang='lat' dir='ltr'>sunt</span> <span class='ocrx_word' id='word_1_514' title='bbox 1496 1581 1636 1630; x_wconf 92' lang='lat' dir='ltr'>aliquid</span> <span class='ocrx_word' id='word_1_515' title='bbox 1654 1581 1765 1618; x_wconf 90' lang='lat' dir='ltr'>locati</span> <span class='ocrx_word' id='word_1_516' title='bbox 1784 1581 1878 1618; x_wconf 93' lang='lat' dir='ltr'>sicut</span> <span class='ocrx_word' id='word_1_517' title='bbox 1895 1589 2020 1630; x_wconf 90' lang='lat' dir='ltr'>partes</span> <span class='ocrx_word' id='word_1_518' title='bbox 2035 1582 2257 1619; x_wconf 89' lang='lat' dir='ltr'>intrinsecae</span> <span class='ocrx_word' id='word_1_519' title='bbox 2278 1582 2369 1620; x_wconf 89' lang='lat' dir='ltr'>eius.</span> 
     </span>
    </p>

    <p class='ocr_par' dir='ltr' id='par_1_17' title="bbox 1391 1634 2450 1882">
     <span class='ocr_line' id='line_1_72' title="bbox 1444 1634 2450 1684; baseline 0.001 -13"><span class='ocrx_word' id='word_1_520' title='bbox 1444 1634 1585 1672; x_wconf 90' lang='lat' dir='ltr'>Ultimo</span> <span class='ocrx_word' id='word_1_521' title='bbox 1619 1642 1746 1671; x_wconf 88' lang='lat' dir='ltr'>autem</span> <span class='ocrx_word' id='word_1_522' title='bbox 1776 1635 1964 1672; x_wconf 92' lang='lat' dir='ltr'>concludit</span> <span class='ocrx_word' id='word_1_523' title='bbox 1987 1635 2091 1683; x_wconf 91' lang='lat' dir='ltr'>quod</span> <span class='ocrx_word' id='word_1_524' title='bbox 2120 1648 2235 1684; x_wconf 90' lang='lat' dir='ltr'>supra</span> <span class='ocrx_word' id='word_1_525' title='bbox 2258 1635 2354 1672; x_wconf 85' lang='lat' dir='ltr'>dicta</span> <span class='ocrx_word' id='word_1_526' title='bbox 2381 1648 2450 1684; x_wconf 90' lang='lat' dir='ltr'>per</span> 
     </span>
     <span class='ocr_line' id='line_1_73' title="bbox 1391 1687 2449 1737; baseline 0.002 -14"><span class='ocrx_word' id='word_1_527' title='bbox 1391 1687 1552 1724; x_wconf 91' lang='lat' dir='ltr'>modum</span> <span class='ocrx_word' id='word_1_528' title='bbox 1573 1687 1819 1735; x_wconf 90' lang='lat' dir='ltr'>oppositionis</span> <span class='ocrx_word' id='word_1_529' title='bbox 1837 1688 1857 1708; x_wconf 73' lang='lat'>&#39;¹‘</span> <span class='ocrx_word' id='word_1_530' title='bbox 1876 1687 1973 1724; x_wconf 89' lang='lat' dir='ltr'>dicta</span> <span class='ocrx_word' id='word_1_531' title='bbox 1992 1695 2078 1724; x_wconf 92' lang='lat' dir='ltr'>sunt</span> <span class='ocrx_word' id='word_1_532' title='bbox 2098 1688 2144 1724; x_wconf 94' lang='lat' dir='ltr'>de</span> <span class='ocrx_word' id='word_1_533' title='bbox 2164 1689 2268 1724; x_wconf 91' lang='lat' dir='ltr'>loco:</span> <span class='ocrx_word' id='word_1_534' title='bbox 2289 1701 2449 1737; x_wconf 90' lang='lat' dir='ltr'>quarum</span> 
     </span>
     <span class='ocr_line' id='line_1_74' title="bbox 1392 1740 2447 1789; baseline 0.002 -14"><span class='ocrx_word' id='word_1_535' title='bbox 1392 1740 1547 1789; x_wconf 91' lang='lat' dir='ltr'>quidem</span> <span class='ocrx_word' id='word_1_536' title='bbox 1575 1740 1861 1789; x_wconf 83' lang='lat' dir='ltr'>oppositionum</span> <span class='ocrx_word' id='word_1_537' title='bbox 1879 1741 1899 1761; x_wconf 74' lang='lat'>²²⁴</span> <span class='ocrx_word' id='word_1_538' title='bbox 1914 1740 2062 1789; x_wconf 90' lang='lat' dir='ltr'>aliquae</span> <span class='ocrx_word' id='word_1_539' title='bbox 2086 1740 2162 1777; x_wconf 91' lang='lat' dir='ltr'>iam</span> <span class='ocrx_word' id='word_1_540' title='bbox 2187 1741 2331 1778; x_wconf 87' lang='lat' dir='ltr'>solutae</span> <span class='ocrx_word' id='word_1_541' title='bbox 2352 1749 2447 1788; x_wconf 87' lang='lat' dir='ltr'>sunt,</span> 
     </span>
     <span class='ocr_line' id='line_1_75' title="bbox 1392 1792 2448 1842; baseline 0.002 -14"><span class='ocrx_word' id='word_1_542' title='bbox 1392 1792 1539 1840; x_wconf 90' lang='lat' dir='ltr'>aliquae</span> <span class='ocrx_word' id='word_1_543' title='bbox 1578 1793 1597 1813; x_wconf 56' lang='lat'>’⁸</span> <span class='ocrx_word' id='word_1_544' title='bbox 1633 1804 1726 1829; x_wconf 88' lang='lat' dir='ltr'>vero</span> <span class='ocrx_word' id='word_1_545' title='bbox 1761 1793 1955 1829; x_wconf 87' lang='lat' dir='ltr'>solventur</span> <span class='ocrx_word' id='word_1_546' title='bbox 1981 1794 2023 1814; x_wconf 42' lang='grc' dir='ltr'>*θ’</span> <span class='ocrx_word' id='word_1_547' title='bbox 2051 1801 2137 1842; x_wconf 88' lang='lat' dir='ltr'>post</span> <span class='ocrx_word' id='word_1_548' title='bbox 2174 1794 2448 1830; x_wconf 86' lang='lat' dir='ltr'>manifestatam</span> 
     </span>
     <span class='ocr_line' id='line_1_76' title="bbox 1392 1844 1677 1882; baseline -0.007 0"><span class='ocrx_word' id='word_1_549' title='bbox 1392 1852 1565 1882; x_wconf 89' lang='lat' dir='ltr'>naturam</span> <span class='ocrx_word' id='word_1_550' title='bbox 1594 1844 1677 1880; x_wconf 93' lang='lat' dir='ltr'>loci.</span> 
     </span>
    </p>
   </div>
   <div class='ocr_carea' id='block_1_14' title="bbox 2378 299 2449 346">
    <p class='ocr_par' dir='ltr' id='par_1_18' title="bbox 2378 299 2449 346">
     <span class='ocr_line' id='line_1_77' title="bbox 2378 299 2449 346; baseline 0.014 -12"><span class='ocrx_word' id='word_1_551' title='bbox 2378 299 2449 346; x_wconf 87' lang='lat'>157</span> 
     </span>
    </p>
   </div>
   <div class='ocr_carea' id='block_1_15' title="bbox 1390 2011 2452 2114">
    <p class='ocr_par' dir='ltr' id='par_1_19' title="bbox 1390 2011 2452 2114">
     <span class='ocr_line' id='line_1_78' title="bbox 1390 2011 2451 2044; baseline 0.001 -9"><span class='ocrx_word' id='word_1_552' title='bbox 1390 2012 1422 2036; x_wconf 80' lang='lat' dir='ltr'>Et</span> <span class='ocrx_word' id='word_1_553' title='bbox 1440 2011 1481 2036; x_wconf 88' lang='lat' dir='ltr'>hic</span> <span class='ocrx_word' id='word_1_554' title='bbox 1496 2018 1588 2036; x_wconf 89' lang='lat' dir='ltr'>sensus</span> <span class='ocrx_word' id='word_1_555' title='bbox 1603 2018 1655 2035; x_wconf 88' lang='lat' dir='ltr'>non</span> <span class='ocrx_word' id='word_1_556' title='bbox 1670 2011 1799 2036; x_wconf 81' lang='lat' dir='ltr'>discordat</span> <span class='ocrx_word' id='word_1_557' title='bbox 1811 2019 1826 2036; x_wconf 83' lang='lat' dir='ltr'>a</span> <span class='ocrx_word' id='word_1_558' title='bbox 1839 2015 1966 2036; x_wconf 84' lang='lat' dir='ltr'>contextu.</span> <span class='ocrx_word' id='word_1_559' title='bbox 1985 2011 2051 2036; x_wconf 82' lang='lat' dir='ltr'>Nam</span> <span class='ocrx_word' id='word_1_560' title='bbox 2069 2016 2209 2044; x_wconf 80' lang='lat' dir='ltr'>postquam</span> <span class='ocrx_word' id='word_1_561' title='bbox 2223 2011 2359 2044; x_wconf 83' lang='lat' dir='ltr'>probatum</span> <span class='ocrx_word' id='word_1_562' title='bbox 2374 2017 2413 2036; x_wconf 88' lang='lat' dir='ltr'>est</span> <span class='ocrx_word' id='word_1_563' title='bbox 2426 2011 2451 2036; x_wconf 88' lang='lat' dir='ltr'>in</span> 
     </span>
     <span class='ocr_line' id='line_1_79' title="bbox 1391 2046 2452 2079; baseline -0.001 -8"><span class='ocrx_word' id='word_1_564' title='bbox 1391 2055 1463 2071; x_wconf 90' lang='lat' dir='ltr'>num.</span> <span class='ocrx_word' id='word_1_565' title='bbox 1476 2046 1637 2078; x_wconf 84' lang='lat' dir='ltr'>praecedenti</span> <span class='ocrx_word' id='word_1_566' title='bbox 1656 2046 1728 2078; x_wconf 90' lang='lat' dir='ltr'>quod</span> <span class='ocrx_word' id='word_1_567' title='bbox 1746 2054 1797 2070; x_wconf 90' lang='lat' dir='ltr'>non</span> <span class='ocrx_word' id='word_1_568' title='bbox 1816 2051 1902 2078; x_wconf 88' lang='lat' dir='ltr'>potest</span> <span class='ocrx_word' id='word_1_569' title='bbox 1920 2046 2015 2079; x_wconf 78' lang='lat' dir='ltr'>aliquid</span> <span class='ocrx_word' id='word_1_570' title='bbox 2034 2054 2093 2071; x_wconf 88' lang='lat' dir='ltr'>esse</span> <span class='ocrx_word' id='word_1_571' title='bbox 2111 2047 2136 2071; x_wconf 87' lang='lat' dir='ltr'>in</span> <span class='ocrx_word' id='word_1_572' title='bbox 2155 2047 2242 2079; x_wconf 88' lang='lat' dir='ltr'>seipso</span> <span class='ocrx_word' id='word_1_573' title='bbox 2256 2047 2348 2078; x_wconf 82' lang='lat' dir='ltr'>primo</span> <span class='ocrx_word' id='word_1_574' title='bbox 2365 2049 2391 2071; x_wconf 83' lang='lat' dir='ltr'>et</span> <span class='ocrx_word' id='word_1_575' title='bbox 2400 2054 2452 2078; x_wconf 81' lang='lat' dir='ltr'>per</span> 
     </span>
     <span class='ocr_line' id='line_1_80' title="bbox 1390 2081 2451 2114; baseline -0.001 -7"><span class='ocrx_word' id='word_1_576' title='bbox 1390 2089 1431 2111; x_wconf 88' lang='lat' dir='ltr'>se,</span> <span class='ocrx_word' id='word_1_577' title='bbox 1451 2082 1491 2106; x_wconf 86' lang='lat' dir='ltr'>hic</span> <span class='ocrx_word' id='word_1_578' title='bbox 1510 2082 1617 2106; x_wconf 86' lang='lat' dir='ltr'>ulterius</span> <span class='ocrx_word' id='word_1_579' title='bbox 1641 2081 1784 2106; x_wconf 84' lang='lat' dir='ltr'>ostenditur</span> <span class='ocrx_word' id='word_1_580' title='bbox 1809 2082 1879 2114; x_wconf 90' lang='lat' dir='ltr'>quod</span> <span class='ocrx_word' id='word_1_581' title='bbox 1898 2089 1950 2106; x_wconf 90' lang='lat' dir='ltr'>non</span> <span class='ocrx_word' id='word_1_582' title='bbox 1970 2082 2092 2114; x_wconf 82' lang='lat' dir='ltr'>contingit</span> <span class='ocrx_word' id='word_1_583' title='bbox 2116 2082 2212 2114; x_wconf 84' lang='lat' dir='ltr'>aliquid</span> <span class='ocrx_word' id='word_1_584' title='bbox 2236 2090 2295 2106; x_wconf 88' lang='lat' dir='ltr'>esse</span> <span class='ocrx_word' id='word_1_585' title='bbox 2320 2082 2345 2106; x_wconf 91' lang='lat' dir='ltr'>in</span> <span class='ocrx_word' id='word_1_586' title='bbox 2364 2082 2451 2113; x_wconf 81' lang='lat' dir='ltr'>seipso</span> 
     </span>
    </p>
   </div>
   <div class='ocr_carea' id='block_1_16' title="bbox 277 2116 2449 2185">
    <p class='ocr_par' dir='ltr' id='par_1_20' title="bbox 277 2116 2449 2185">
     <span class='ocr_line' id='line_1_81' title="bbox 277 2116 2449 2176; baseline -0.001 -32"><span class='ocrx_word' id='word_1_587' title='bbox 277 2127 349 2145; x_wconf 79' lang='lat' dir='ltr'>mare</span> <span class='ocrx_word' id='word_1_588' title='bbox 367 2127 420 2144; x_wconf 87' lang='lat' dir='ltr'>non</span> <span class='ocrx_word' id='word_1_589' title='bbox 439 2125 478 2144; x_wconf 81' lang='lat' dir='ltr'>est</span> <span class='ocrx_word' id='word_1_590' title='bbox 495 2120 614 2152; x_wconf 83' lang='lat' dir='ltr'>proprius</span> <span class='ocrx_word' id='word_1_591' title='bbox 633 2119 706 2144; x_wconf 82' lang='lat' dir='ltr'>locus</span> <span class='ocrx_word' id='word_1_592' title='bbox 720 2119 776 2144; x_wconf 83' lang='lat' dir='ltr'>eius</span> <span class='ocrx_word' id='word_1_593' title='bbox 795 2118 838 2151; x_wconf 78' lang='lat' dir='ltr'>(cf.</span> <span class='ocrx_word' id='word_1_594' title='bbox 852 2119 910 2144; x_wconf 86' lang='lat' dir='ltr'>lect.</span> <span class='ocrx_word' id='word_1_595' title='bbox 924 2126 965 2150; x_wconf 84' lang='lat' dir='ltr'>m,</span> <span class='ocrx_word' id='word_1_596' title='bbox 984 2127 1010 2144; x_wconf 83' lang='lat' dir='ltr'>n.</span> <span class='ocrx_word' id='word_1_597' title='bbox 1026 2119 1061 2152; x_wconf 79' lang='lat'>2),</span> <span class='ocrx_word' id='word_1_598' title='bbox 1081 2119 1127 2143; x_wconf 89' lang='lat' dir='ltr'>sed</span> <span class='ocrx_word' id='word_1_599' title='bbox 1145 2123 1232 2143; x_wconf 86' lang='lat' dir='ltr'>tamen</span> <span class='ocrx_word' id='word_1_600' title='bbox 1246 2118 1337 2150; x_wconf 83' lang='lat' dir='ltr'>primo</span> <span class='ocrx_word' id='word_1_601' title='bbox 1386 2117 1477 2176; x_wconf 48' lang='lat' dir='ltr'>{rigo</span> <span class='ocrx_word' id='word_1_602' title='bbox 1496 2124 1544 2142; x_wconf 86' lang='lat' dir='ltr'>nec</span> <span class='ocrx_word' id='word_1_603' title='bbox 1562 2116 1639 2142; x_wconf 81' lang='lat' dir='ltr'>etiam</span> <span class='ocrx_word' id='word_1_604' title='bbox 1653 2123 1705 2149; x_wconf 82' lang='lat' dir='ltr'>per</span> <span class='ocrx_word' id='word_1_605' title='bbox 1723 2116 1853 2142; x_wconf 85' lang='lat' dir='ltr'>accidens.</span> <span class='ocrx_word' id='word_1_606' title='bbox 1866 2131 1885 2135; x_wconf 98' lang='lat'>—</span> <span class='ocrx_word' id='word_1_607' title='bbox 1898 2117 1979 2142; x_wconf 81' lang='lat' dir='ltr'>Paulo</span> <span class='ocrx_word' id='word_1_608' title='bbox 1998 2117 2062 2142; x_wconf 85' lang='lat' dir='ltr'>infra</span> <span class='ocrx_word' id='word_1_609' title='bbox 2081 2124 2132 2142; x_wconf 87' lang='lat' dir='ltr'>non</span> <span class='ocrx_word' id='word_1_610' title='bbox 2148 2124 2201 2149; x_wconf 78' lang='lat' dir='ltr'>per</span> <span class='ocrx_word' id='word_1_611' title='bbox 2218 2124 2245 2142; x_wconf 85' lang='lat' dir='ltr'>se</span> <span class='ocrx_word' id='word_1_612' title='bbox 2263 2125 2316 2142; x_wconf 89' lang='lat' dir='ltr'>om.</span> <span class='ocrx_word' id='word_1_613' title='bbox 2330 2117 2449 2142; x_wconf 88' lang='lat' dir='ltr'>EFGMO</span> 
     </span>
     <span class='ocr_line' id='line_1_82' title="bbox 1415 2161 1467 2185; baseline 0 -8"><span class='ocrx_word' id='word_1_614' title='bbox 1415 2161 1431 2185; x_wconf 88' lang='lat' dir='ltr'>p</span> <span class='ocrx_word' id='word_1_615' title='bbox 1460 2170 1467 2177; x_wconf 91' lang='lat'>.</span> 
     </span>
    </p>
   </div>
   <div class='ocr_carea' id='block_1_17' title="bbox 278 2151 1336 2187">
    <p class='ocr_par' dir='ltr' id='par_1_21' title="bbox 278 2151 1336 2187">
     <span class='ocr_line' id='line_1_83' title="bbox 278 2151 1336 2187; baseline -0.002 -7"><span class='ocrx_word' id='word_1_616' title='bbox 278 2154 370 2180; x_wconf 83' lang='lat' dir='ltr'>dicitur</span> <span class='ocrx_word' id='word_1_617' title='bbox 387 2162 447 2180; x_wconf 83' lang='lat' dir='ltr'>esse</span> <span class='ocrx_word' id='word_1_618' title='bbox 465 2155 491 2180; x_wconf 83' lang='lat' dir='ltr'>in</span> <span class='ocrx_word' id='word_1_619' title='bbox 509 2155 582 2186; x_wconf 80' lang='lat' dir='ltr'>mari,</span> <span class='ocrx_word' id='word_1_620' title='bbox 597 2154 658 2187; x_wconf 75' lang='lat' dir='ltr'>quia</span> <span class='ocrx_word' id='word_1_621' title='bbox 670 2162 722 2179; x_wconf 88' lang='lat' dir='ltr'>non</span> <span class='ocrx_word' id='word_1_622' title='bbox 735 2158 775 2179; x_wconf 86' lang='lat' dir='ltr'>est</span> <span class='ocrx_word' id='word_1_623' title='bbox 788 2155 814 2179; x_wconf 89' lang='lat' dir='ltr'>in</span> <span class='ocrx_word' id='word_1_624' title='bbox 831 2153 889 2186; x_wconf 85' lang='lat' dir='ltr'>ipso</span> <span class='ocrx_word' id='word_1_625' title='bbox 897 2157 1012 2186; x_wconf 79' lang='lat' dir='ltr'>propter</span> <span class='ocrx_word' id='word_1_626' title='bbox 1018 2156 1126 2186; x_wconf 81' lang='lat' dir='ltr'>partem</span> <span class='ocrx_word' id='word_1_627' title='bbox 1140 2153 1181 2186; x_wconf 87' lang='lat' dir='ltr'>(cf.</span> <span class='ocrx_word' id='word_1_628' title='bbox 1197 2162 1222 2178; x_wconf 88' lang='lat' dir='ltr'>n.</span> <span class='ocrx_word' id='word_1_629' title='bbox 1235 2152 1248 2177; x_wconf 89' lang='grc'><strong>5</strong></span> <span class='ocrx_word' id='word_1_630' title='bbox 1263 2158 1288 2178; x_wconf 86' lang='lat' dir='ltr'>et</span> <span class='ocrx_word' id='word_1_631' title='bbox 1300 2151 1336 2185; x_wconf 87' lang='lat'>6).</span> 
     </span>
    </p>
   </div>
   <div class='ocr_carea' id='block_1_18' title="bbox 1025 2685 1697 3042">
    <p class='ocr_par' dir='ltr' id='par_1_22' title="bbox 1025 2685 1697 3042">
     <span class='ocr_line' id='line_1_84' title="bbox 1025 2685 1697 3042; baseline 0 962"><span class='ocrx_word' id='word_1_632' title='bbox 1025 2685 1697 3042; x_wconf 95' lang='lat' dir='ltr'> </span> 
     </span>
    </p>
   </div>
   <div class='ocr_carea' id='block_1_19' title="bbox 2474 805 2687 879">
    <p class='ocr_par' dir='ltr' id='par_1_23' title="bbox 2474 805 2687 879">
     <span class='ocr_line' id='line_1_85' title="bbox 2475 805 2686 827; baseline 0.009 -2"><span class='ocrx_word' id='word_1_633' title='bbox 2475 806 2483 814; x_wconf 88' lang='grc'>·</span> <span class='ocrx_word' id='word_1_634' title='bbox 2499 805 2583 826; x_wconf 76' lang='lat' dir='ltr'>calidis</span> <span class='ocrx_word' id='word_1_635' title='bbox 2604 808 2628 826; x_wconf 87' lang='lat' dir='ltr'>et</span> <span class='ocrx_word' id='word_1_636' title='bbox 2644 806 2686 827; x_wconf 83' lang='lat' dir='ltr'>hu-</span> 
     </span>
     <span class='ocr_line' id='line_1_86' title="bbox 2474 831 2687 857; baseline 0.014 -6"><span class='ocrx_word' id='word_1_637' title='bbox 2474 831 2543 852; x_wconf 78' lang='lat' dir='ltr'>midis</span> <span class='ocrx_word' id='word_1_638' title='bbox 2553 831 2621 852; x_wconf 83' lang='lat' dir='ltr'>codd.</span> <span class='ocrx_word' id='word_1_639' title='bbox 2632 836 2653 854; x_wconf 81' lang='lat' dir='ltr'>et</span> <span class='ocrx_word' id='word_1_640' title='bbox 2661 838 2687 857; x_wconf 75' lang='lat' dir='ltr'>a,-</span> 
     </span>
     <span class='ocr_line' id='line_1_87' title="bbox 2475 857 2615 879; baseline 0.007 -1"><span class='ocrx_word' id='word_1_641' title='bbox 2475 857 2505 878; x_wconf 83' lang='lat' dir='ltr'>cf.</span> <span class='ocrx_word' id='word_1_642' title='bbox 2520 861 2615 879; x_wconf 78' lang='lat' dir='ltr'>textum.</span> 
     </span>
    </p>
   </div>
   <div class='ocr_carea' id='block_1_20' title="bbox 2475 1014 2651 1041">
    <p class='ocr_par' dir='ltr' id='par_1_24' title="bbox 2475 1014 2651 1041">
     <span class='ocr_line' id='line_1_88' title="bbox 2475 1014 2651 1041; baseline 0.006 -6"><span class='ocrx_word' id='word_1_643' title='bbox 2475 1016 2484 1024; x_wconf 89' lang='grc'>·</span> <span class='ocrx_word' id='word_1_644' title='bbox 2500 1014 2561 1036; x_wconf 85' lang='lat' dir='ltr'>Lect.</span> <span class='ocrx_word' id='word_1_645' title='bbox 2577 1021 2651 1041; x_wconf 83' lang='lat' dir='ltr'>praec.</span> 
     </span>
    </p>
   </div>
   <div class='ocr_carea' id='block_1_21' title="bbox 2476 1119 2666 1148">
    <p class='ocr_par' dir='ltr' id='par_1_25' title="bbox 2476 1119 2666 1148">
     <span class='ocr_line' id='line_1_89' title="bbox 2476 1119 2666 1148; baseline 0.005 -7"><span class='ocrx_word' id='word_1_646' title='bbox 2476 1120 2484 1129; x_wconf 87' lang='grc'>·</span> <span class='ocrx_word' id='word_1_647' title='bbox 2499 1119 2570 1141; x_wconf 89' lang='lat' dir='ltr'>Num.</span> <span class='ocrx_word' id='word_1_648' title='bbox 2585 1120 2599 1142; x_wconf 87' lang='grc'>6</span> <span class='ocrx_word' id='word_1_649' title='bbox 2614 1127 2666 1148; x_wconf 79' lang='lat' dir='ltr'>sqq.</span> 
     </span>
    </p>
   </div>
   <div class='ocr_carea' id='block_1_22' title="bbox 2475 1327 2687 1426">
    <p class='ocr_par' dir='ltr' id='par_1_26' title="bbox 2475 1327 2687 1426">
     <span class='ocr_line' id='line_1_90' title="bbox 2476 1327 2687 1353; baseline 0.005 -6"><span class='ocrx_word' id='word_1_650' title='bbox 2476 1327 2485 1336; x_wconf 83' lang='lat'>&#39;¹</span> <span class='ocrx_word' id='word_1_651' title='bbox 2500 1332 2560 1353; x_wconf 81' lang='lat' dir='ltr'>quae</span> <span class='ocrx_word' id='word_1_652' title='bbox 2569 1327 2601 1348; x_wconf 78' lang='lat' dir='ltr'>stt</span> <span class='ocrx_word' id='word_1_653' title='bbox 2613 1329 2687 1348; x_wconf 81' lang='lat' dir='ltr'>male—</span> 
     </span>
     <span class='ocr_line' id='line_1_91' title="bbox 2476 1353 2683 1378; baseline 0.005 -5"><span class='ocrx_word' id='word_1_654' title='bbox 2476 1353 2514 1373; x_wconf 83' lang='lat' dir='ltr'>ria</span> <span class='ocrx_word' id='word_1_655' title='bbox 2542 1353 2578 1374; x_wconf 79' lang='lat' dir='ltr'>vel</span> <span class='ocrx_word' id='word_1_656' title='bbox 2604 1353 2683 1378; x_wconf 80' lang='lat' dir='ltr'>forma</span> 
     </span>
     <span class='ocr_line' id='line_1_92' title="bbox 2476 1379 2685 1401; baseline 0.01 -2"><span class='ocrx_word' id='word_1_657' title='bbox 2476 1384 2523 1400; x_wconf 90' lang='lat' dir='ltr'>om.</span> <span class='ocrx_word' id='word_1_658' title='bbox 2545 1379 2613 1400; x_wconf 87' lang='lat' dir='ltr'>codd.</span> <span class='ocrx_word' id='word_1_659' title='bbox 2635 1385 2685 1401; x_wconf 84' lang='lat' dir='ltr'>exc.</span> 
     </span>
     <span class='ocr_line' id='line_1_93' title="bbox 2475 1411 2512 1426; baseline 0.027 -1"><span class='ocrx_word' id='word_1_660' title='bbox 2475 1411 2512 1426; x_wconf 78' lang='grc' dir='ltr'>ι-Ὑ.</span> 
     </span>
    </p>
   </div>
   <div class='ocr_carea' id='block_1_23' title="bbox 2475 1439 2607 1462">
    <p class='ocr_par' dir='ltr' id='par_1_27' title="bbox 2475 1439 2607 1462">
     <span class='ocr_line' id='line_1_94' title="bbox 2475 1439 2607 1462; baseline 0 -1"><span class='ocrx_word' id='word_1_661' title='bbox 2475 1439 2487 1450; x_wconf 74' lang='lat'>⁸</span> <span class='ocrx_word' id='word_1_662' title='bbox 2500 1439 2569 1461; x_wconf 84' lang='lat' dir='ltr'>Num.</span> <span class='ocrx_word' id='word_1_663' title='bbox 2585 1441 2607 1462; x_wconf 87' lang='lat'>6.</span> 
     </span>
    </p>
   </div>
   <div class='ocr_carea' id='block_1_24' title="bbox 2475 1689 2687 1842">
    <p class='ocr_par' dir='ltr' id='par_1_28' title="bbox 2475 1689 2687 1741">
     <span class='ocr_line' id='line_1_95' title="bbox 2475 1689 2687 1717; baseline 0 -6"><span class='ocrx_word' id='word_1_664' title='bbox 2475 1690 2487 1701; x_wconf 67' lang='lat'><strong><em>⁴</em></strong></span> <span class='ocrx_word' id='word_1_665' title='bbox 2497 1690 2613 1717; x_wconf 80' lang='lat' dir='ltr'>opinionis</span> <span class='ocrx_word' id='word_1_666' title='bbox 2618 1689 2687 1711; x_wconf 88' lang='lat' dir='ltr'>codd.</span> 
     </span>
     <span class='ocr_line' id='line_1_96' title="bbox 2476 1716 2569 1741; baseline 0 -4"><span class='ocrx_word' id='word_1_667' title='bbox 2476 1719 2498 1737; x_wconf 87' lang='lat' dir='ltr'>et</span> <span class='ocrx_word' id='word_1_668' title='bbox 2512 1716 2569 1741; x_wconf 79' lang='lat' dir='ltr'>a(b.⁹)</span> 
     </span>
    </p>

    <p class='ocr_par' dir='ltr' id='par_1_29' title="bbox 2476 1742 2647 1794">
     <span class='ocr_line' id='line_1_97' title="bbox 2476 1742 2647 1763; baseline 0 0"><span class='ocrx_word' id='word_1_669' title='bbox 2476 1742 2487 1753; x_wconf 74' lang='lat'><em>‘</em></span> <span class='ocrx_word' id='word_1_670' title='bbox 2515 1748 2528 1763; x_wconf 89' lang='lat' dir='ltr'>o</span> <span class='ocrx_word' id='word_1_671' title='bbox 2545 1742 2647 1763; x_wconf 77' lang='lat' dir='ltr'>inionum</span> 
     </span>
     <span class='ocr_line' id='line_1_98' title="bbox 2477 1768 2639 1794; baseline 0 -5"><span class='ocrx_word' id='word_1_672' title='bbox 2477 1768 2520 1790; x_wconf 88' lang='lat' dir='ltr'>cod</span> <span class='ocrx_word' id='word_1_673' title='bbox 2539 1784 2545 1789; x_wconf 85' lang='lat'>.</span> <span class='ocrx_word' id='word_1_674' title='bbox 2554 1772 2576 1789; x_wconf 84' lang='lat' dir='ltr'>et</span> <span class='ocrx_word' id='word_1_675' title='bbox 2583 1769 2639 1794; x_wconf 58' lang='grc' dir='ltr'>(κακὴ</span> 
     </span>
    </p>

    <p class='ocr_par' dir='ltr' id='par_1_30' title="bbox 2475 1795 2675 1842">
     <span class='ocr_line' id='line_1_99' title="bbox 2475 1795 2675 1816; baseline 0 -1"><span class='ocrx_word' id='word_1_676' title='bbox 2475 1795 2487 1806; x_wconf 71' lang='lat'>¹*</span> <span class='ocrx_word' id='word_1_677' title='bbox 2502 1795 2565 1816; x_wconf 83' lang='lat' dir='ltr'>aliae</span> <span class='ocrx_word' id='word_1_678' title='bbox 2578 1800 2675 1816; x_wconf 56' lang='lat' dir='ltr'>monsz-</span> 
     </span>
     <span class='ocr_line' id='line_1_100' title="bbox 2475 1821 2634 1842; baseline 0 0"><span class='ocrx_word' id='word_1_679' title='bbox 2475 1821 2498 1832; x_wconf 69' lang='lat'>*⁸¹</span> <span class='ocrx_word' id='word_1_680' title='bbox 2513 1821 2575 1842; x_wconf 86' lang='lat' dir='ltr'>Lect.</span> <span class='ocrx_word' id='word_1_681' title='bbox 2585 1827 2634 1842; x_wconf 84' lang='lat' dir='ltr'>vm.</span> 
     </span>
    </p>
   </div>
  </div>
 </body>
</html>
