2950 4004
1083 303 1193 339 cAP.
1222 303 1326 349 viii,

271 381 347 420 Sed
365 381 440 418 hoc
458 393 536 418 non
566 389 620 418 est
647 382 913 428 necessarium3
944 394 1031 418 eum
1059 388 1139 418 toto
1166 392 1324 428 corpore

270 433 434 472 sensibili
464 434 641 471 existente
670 435 799 482 finito,
837 434 1027 483 generatio
1061 433 1100 470 in
1134 433 1324 469 infinitum

271 487 404 524 durare
432 487 550 535 possit
576 500 646 536 per
673 488 746 524 hoc
775 488 878 536 quod
907 486 1096 534 corruptio
1132 485 1243 521 unius
1272 492 1327 521 est

269 539 460 588 generatio
490 540 650 577 alterius.

325 593 359 629 3.
389 591 539 629 Deinde
577 605 664 628 cum
702 591 815 628 dicit:
852 589 1024 637 Amplius
1059 589 1168 638 tangi
1202 595 1238 625 et
1271 590 1326 625 in-

11 641 43 668 '*
60 656 170 684 quartam
187 653 241 675 add·
269 645 369 682 cludi
395 652 478 691 etc.,
503 645 615 681 solvit
641 644 827 681 rationem
854 643 874 663 ¹⁶
908 654 1006 691 quae
1034 642 1254 678 sumebatur
1282 653 1327 678 ex

30 687 53 703 '⁵
268 705 374 747 parte
404 704 616 743 contactus;
643 709 687 733 ac
706 696 736 732 si
763 694 1018 732 necessarium
1038 693 1083 730 sit
1108 706 1223 730 omne
1248 707 1327 731 cor-

268 763 341 799 pus
362 750 511 787 finitum
539 756 691 796 tangere
720 747 916 796 quoddam
945 746 1063 792 aliud;
1089 753 1125 782 et
1143 746 1196 782 sic
1215 759 1326 795 opor-

269 802 400 840 teatin
427 802 617 838 infinitum
635 801 854 849 procedere.
876 800 953 836 Sed
976 799 1055 848 ipse
1080 799 1201 846 solvit,
1224 800 1328 848 quod

269 856 428 892 alterum
458 861 511 890 est
538 854 647 902 tangi
673 860 709 889 et
723 853 852 900 finiri:
870 852 961 901 quia
989 852 1097 900 tangi
1127 859 1163 888 et
1191 852 1331 889 includi

270 907 403 944 dicitur
425 913 598 954 respectu
617 906 785 951 alterius3
807 917 922 941 omne
944 904 1045 941 enim
1064 912 1221 952 tangens
1248 912 1328 941 tan-

15 1008 149 1052 ⁷·a11·qu1d
163 1024 200 1046 ab
220 1027 242 1045 et
270 1011 319 1049 ad
347 1011 448 1048 aliud
469 1012 509 1058 ²¹²,
530 1011 756 1059 inquantum
783 1023 852 1059 per
869 1009 1044 1059 proprios
1063 1009 1245 1046 terminos
1264 1009 1328 1046 ali-

20 1050 242 1103 ῗοῗιῗῦιῖἶοὶὲἁᾱη
269 1063 362 1114 quid
388 1064 539 1101 finitum
568 1070 623 1100 est
650 1063 688 1100 in
716 1062 854 1111 seipso.
883 1062 1030 1099 Accidit
1058 1062 1160 1099 enim
1181 1064 1200 1082 ⁴⁵
1220 1062 1329 1099 alicui

29 1108 82 1127 ω’
93 1102 208 1124 ‘ma
218 1108 243 1124 α’
269 1116 377 1154 finito
398 1117 503 1166 quod
521 1123 658 1163 tangat.
675 1117 767 1153 Non
781 1123 910 1152 tamen
926 1122 1075 1164 oportet
1092 1116 1197 1164 quod
1213 1127 1328 1152 omne

269 1177 410 1206 tactum
440 1170 487 1206 ab
515 1181 593 1206 uno
622 1176 749 1216 tangat
773 1168 894 1210 aliud;
927 1175 968 1204 ut
995 1167 1048 1204 sic
1075 1167 1113 1204 in
1139 1167 1328 1204 infinitum

270 1222 509 1272 procedatur.
530 1222 643 1259 Unde
662 1221 904 1258 manifestum
925 1228 981 1257 est
999 1220 1103 1269 quod
1121 1221 1217 1257 haec
1236 1221 1328 1257 ratio

271 1276 430 1312 omnino
459 1274 549 1311 nihil
578 1287 622 1311 ex
650 1274 870 1311 necessitate
899 1273 1098 1310 concludit.

322 1339 360 1374 4.
389 1327 538 1365 Deinde
567 1339 655 1363 cum
684 1326 786 1364 dicit:
815 1326 1084 1375 Intelligentiae
1104 1331 1228 1362 autem
1252 1337 1330 1362 cre-

30 1389 243 1419 mentorum-¹²-
271 1381 359 1417 dere
378 1388 461 1428 etc.,
482 1380 594 1417 solvit
612 1379 796 1416 rationem
817 1381 836 1401 ³²²
861 1391 958 1427 quae
980 1378 1139 1415 sumitur
1163 1390 1207 1414 ex
1225 1385 1330 1426 parte

271 1434 478 1470 intellectus
499 1440 535 1469 et
561 1431 850 1480 imaginationis,
869 1443 984 1480 quarn
1006 1430 1149 1478 antiqui
1171 1443 1251 1467 non
1279 1431 1331 1467 di-

16 1516 18 1518 ,
272 1486 510 1534 stinguebant
536 1485 584 1522 'ab
613 1485 811 1521 intellectu.
840 1485 914 1520 Per
933 1484 1033 1520 hanc
1063 1490 1189 1520 autem
1222 1483 1331 1519 ratio-

33 1549 119 1571 im
133 1554 173 1576 vn,
184 1554 207 1570 n·
222 1547 244 1569 ⁶-
272 1551 362 1576 nem
399 1550 513 1587 supra
540 1538 560 1557 '⁴‘
588 1537 858 1574 ostendebatur
895 1537 999 1585 quod
1036 1543 1133 1572 esset
1169 1536 1331 1585 spatium

273 1591 463 1628 infinitum
492 1597 593 1626 extra
621 1590 780 1635 caelum,
812 1597 848 1626 et
865 1601 934 1637 per
962 1601 1198 1638 consequeris
1226 1589 1332 1625 locus

4 1667 6 1669 -
30 1653 122 1682 ‘quod
132 1652 247 1675 oui-»ab-
274 1651 310 1680 et
329 1655 478 1692 corpus.
500 1642 577 1679 Sed
604 1641 684 1690 ipse
714 1642 801 1678 dicit
828 1642 933 1690 quod
953 1642 973 1662 ’¹²
997 1641 1257 1678 inconveniens
1281 1647 1335 1677 est

273 1696 424 1733 credere
450 1694 732 1744 intelligentiae,
767 1694 818 1731 ita
851 1693 990 1731 scilicet
1022 1693 1124 1741 quod
1150 1693 1332 1742 quidquid

273 1747 568 1798 apprehenditur
586 1747 775 1784 intellectu
797 1747 859 1784 vel
892 1746 1159 1794 imaginatione
1190 1745 1235 1782 sit
1267 1758 1332 1782 ve-

273 1813 371 1847 rum,
391 1808 434 1838 ut
456 1801 612 1849 quidam
641 1800 884 1848 antiquorum
907 1805 1146 1847 putaverunt,
1167 1810 1332 1846 quorum

18 1866 246 1890 vernacium·
274 1853 403 1903 opinio
432 1853 655 1902 reprobatur
673 1852 712 1889 in
744 1853 795 1888 IV
813 1852 1029 1899 Metaphys.
1060 1852 1079 1872 ’³
1104 1851 1195 1887 Non
1230 1850 1332 1887 enim

11 1892 247 1947 nimainffiw.
274 1906 460 1956 sequitur,
490 1906 521 1943 si
553 1905 798 1954 apprehendo
831 1904 996 1953 aliquam
1025 1916 1106 1941 rem
1144 1903 1333 1940 minorem

273 2143 466 2173 NQSTVXYZ.

308 2178 336 2211 γ)
354 2178 395 2203 νεὶ
413 2179 496 2202 tetum
516 2181 618 2209 tempus
636 2176 777 2208 infinitum.
789 2189 808 2193 —
822 2176 900 2200 Piana
918 2174 994 2199 habet
1012 2174 1053 2199 vel
1071 2174 1142 2206 quod
1161 2177 1244 2198 totum
1265 2177 1330 2199 tem-

1357 302 1506 339 LECT.
1536 304 1622 339 XIII

269 959 320 1007 git
347 958 507 1007 aliquid:
537 957 605 995 sed
621 958 776 1006 finitum
807 957 940 994 dicitur
965 957 1156 1004 absolute,
1186 965 1223 994 et
1250 969 1335 994 non.

2363 307 2432 352 143

1378 380 1439 415 vel
1469 379 1654 417 maiorem
1673 379 1690 409 β
1710 393 1826 429 quam
1855 382 1911 430 sit,
1932 382 2036 430 quod
2065 383 2109 420 sit
2132 383 2256 432 aliqua
2278 385 2297 405 ²²
2319 384 2436 421 abun-

1381 431 1506 467 dantia
1533 434 1594 469 vel
1624 433 1789 470 defectus
1817 434 1854 471 in
1883 447 1922 471 re
1951 435 2027 482 illa,
2058 437 2125 472 sed
2152 437 2276 473 solum
2305 436 2344 473 in
2372 450 2436 486 ap-

1378 484 1631 531 prehensione
1659 486 1865 523 intellectus
1893 488 1954 524 vel
1987 488 2277 535 imaginationis.
2308 490 2437 526 Potest

1381 535 1482 571 enim
1511 536 1640 585 aliquis
1678 538 1878 586 intelligere
1920 552 2202 589 quemcumque
2239 542 2436 579 hominem

1381 599 1463 624 esse
1490 589 1727 636 multiplicem
1756 591 1834 627 eius
1867 592 1971 640 quod
2004 601 2074 640 est,
2103 593 2199 630 idest
2228 595 2248 615 ³¹*
2278 594 2436 643 duplum

1381 640 1442 677 vel
1470 640 1621 689 triplum
1658 644 1719 679 vel
1757 644 2079 693 qualitercumque
2117 654 2364 694 augmentans
2397 647 2437 683 in

1381 691 1585 729 infinitum:
1615 706 1694 731 non
1723 702 1850 733 tamen
1877 704 2031 745 propter
2059 698 2132 734 hoc
2166 699 2233 735 erit
2265 699 2388 748 aliqua
2416 699 2436 719 ²³²

1381 744 1599 782 huiusmodi
1619 748 1803 794 quantitas
1818 749 2060 797 multiplicata
2077 758 2176 787 extra
2195 751 2435 799 intellectum,

1381 804 1446 833 aut
1466 805 1565 834 extra
1594 798 1880 837 determinatam
1909 802 2152 849 quantitatem
2173 811 2236 840 aut
2256 805 2275 825 ‘¹‘
2294 805 2437 852 magni-

1381 849 1568 887 tudinem:
1596 853 1662 888 sed
1692 853 1868 900 contingit
1896 854 1999 902 quod
2019 866 2057 890 re
2078 855 2130 891 sic
2159 856 2354 904 existente,
2375 857 2438 894 ali-

1382 901 1466 950 quis
1494 902 1545 939 ita
1571 903 1757 951 intelligat.

1440 955 1472 991 5.
1502 955 1649 992 Deinde
1678 969 1765 993 cum
1795 957 1901 994 dicit:
1943 959 2103 1006 Tempus
2135 966 2258 997 autem
2296 967 2332 997 et
2360 973 2438 998 mo-

1383 1012 1439 1043 tus
1469 1014 1556 1055 etc.,
1586 1008 1696 1045 solvit
1724 1010 1909 1047 rationem
1932 1011 1951 1030 ‘¹‘
1971 1019 2165 1060 acceptam
2195 1025 2239 1050 ex
2267 1020 2438 1062 tempore
2463 1020 2475 1031 ⁴

1384 1067 1420 1095 et
1447 1067 1566 1096 motu.
1605 1061 1655 1097 Et
1683 1061 1770 1098 dicit
1798 1063 1902 1110 quod
1929 1070 2079 1111 tempus
2118 1072 2153 1102 et
2190 1073 2316 1102 motus
2353 1073 2440 1103 sunt

1383 1111 1528 1148 infinita
1555 1113 1575 1133 ³⁸
1603 1125 1681 1149 non
1719 1113 1757 1150 in
1785 1122 1889 1162 actu,
1920 1115 2007 1163 quia
2041 1116 2132 1153 nihil
2167 1125 2222 1154 est
2257 1119 2439 1167 temporis

1384 1164 1424 1200 in
1456 1172 1542 1201 actu
1575 1165 1644 1202 nisi
1673 1178 1794 1211 nunc,·
1825 1179 1950 1215 neque
1982 1168 2122 1217 aliquid
2155 1178 2281 1207 motus
2316 1179 2370 1207 est
2400 1171 2439 1208 in

1384 1224 1470 1253 actu
1497 1217 1567 1254 nisi
1596 1218 1791 1266 quoddam
1822 1220 1841 1240 '⁹
1865 1220 2109 1258 indivisibile:
2139 1223 2206 1259 sed
2234 1223 2439 1260 intellectus

1384 1271 1633 1319 apprehendit
1661 1271 1942 1308 continuitatem
1962 1274 2143 1321 temporis
2163 1282 2199 1311 et
2221 1283 2358 1323 motus,
2380 1289 2439 1312 ac-

1386 1323 1559 1371 cipiendo
1580 1323 1753 1360 ordinem
1771 1325 1905 1373 prioris
1926 1332 1962 1361 et
1979 1326 2215 1374 posterioris:
2245 1328 2294 1364 ita
2312 1336 2440 1365 tamen

1385 1375 1490 1424 quod
1517 1375 1556 1413 id
1584 1376 1688 1425 quod
1714 1377 1839 1425 primo
1869 1377 1936 1414 fuit
1964 1386 2161 1427 acceptum
2194 1381 2241 1417 de
2270 1388 2439 1429 tempore

1384 1429 1446 1465 vel
1474 1435 1593 1476 motu,
1614 1441 1693 1466 non
1720 1437 1919 1477 permanet
1937 1430 1990 1467 sic
2008 1432 2037 1467 ²¹².
2061 1432 2170 1468 Unde
2190 1445 2269 1469 non
2293 1440 2441 1481 oportet

1387 1481 1508 1517 dicere
1529 1482 1633 1530 quod
1651 1489 1751 1518 totus
1780 1490 1906 1519 motus
1934 1482 2102 1520 infinitus
2131 1484 2177 1521 sit
2204 1485 2242 1522 in
2263 1493 2359 1533 actu,
2380 1486 2441 1522 vel

1385 1541 1506 1570 totum
1535 1542 1685 1582 tempus
1712 1534 1902 1572 infinitum
1930 1541 1956 1572 ⁷.
2433 1575 2437 1580 ,

1440 1587 1475 1623 6.
1504 1586 1652 1623 Deinde
1683 1599 1771 1624 cum
1795 1588 1901 1625 dicit:
1930 1589 2159 1637 Magnitudo
2179 1596 2303 1626 autem
2324 1603 2442 1638 neque

1385 1639 1564 1676 divisione
1584 1646 1665 1686 etc.,
1686 1640 1797 1677 solvit
1815 1641 2000 1678 rationem
2021 1643 2040 1663 ’¹‘
2060 1650 2251 1690 sumptam
2272 1655 2317 1679 ex
2335 1651 2440 1692 parte

1386 1692 1664 1738 magnitudinis.
1695 1693 1743 1728 Et
1771 1692 1858 1729 dicit
1894 1694 1998 1742 quod
2025 1695 2245 1742 magnitudo
2274 1707 2353 1732 non
2386 1703 2442 1732 est

1386 1744 1531 1780 infinita
1558 1744 1597 1781 in
1625 1752 1710 1780 actu
1738 1757 1861 1793 neque
1880 1759 1949 1794 per
1976 1746 2202 1784 divisionem
2221 1760 2344 1796 neque
2373 1760 2441 1796 per

1386 1797 1733 1844 augmentationem
1771 1797 2053 1846 intelligibilem,
2084 1799 2178 1836 sicut
2207 1812 2251 1836 ex
2279 1813 2392 1849 supra
2421 1802 2440 1822 *

1387 1849 1492 1886 dictis
1523 1857 1637 1898 patet.
1661 1870 1685 1877 ·-
1710 1850 1850 1887 Ultimo
1889 1859 2015 1888 autem
2050 1851 2210 1900 epilogat
2247 1853 2351 1901 quod
2388 1853 2441 1890 di-

1388 1909 1490 1939 ctum
1519 1909 1575 1939 est
1603 1902 1649 1939 de
1678 1902 1836 1939 infinito.

327 2071 352 2106 β)
371 2073 487 2105 aliquam
506 2079 561 2097 rem
580 2071 708 2096 minorem
727 2071 768 2096 vel
785 2071 921 2096 maiorem.
933 2083 951 2089 -
964 2069 1066 2102 aliquid
1081 2069 1166 2094 maius
1185 2069 1225 2093 vel
1243 2069 1330 2093 minus
1385 2068 1606 2109 s..Thomae,'q'ui
1624 2077 1654 2110 ex
1667 2069 1716 2109 hpc
1735 2070 1805 2110 quod
1824 2069 1885 2094 nihil
1905 2070 1936 2094 de
1949 2075 2021 2114 motu
2040 2075 2065 2095 et
2082 2075 2200 2112 tempore
2216 2077 2255 2096 est
2273 2073 2298 2096 in
2318 2077 2374 2097 actu
2394 2072 2442 2097 nisi

274 2108 329 2133 EG.
342 2122 362 2128 —
375 2109 426 2132 Pro
446 2108 472 2132 in
491 2114 520 2132 re
539 2107 592 2135 illa,
609 2106 634 2132 in
654 2113 684 2131 re
703 2106 760 2138 ipsa
784 2105 962 2131 EFGHMOR.
976 2120 994 2124 -
1007 2105 1091 2130 solum
1109 2112 1162 2128 om.
1182 2104 1329 2128 ACDFIKL
1384 2104 1488 2136 aliquod
1507 2104 1666 2134 indivisibile,
1681 2105 1788 2128 intendit
1806 2105 1959 2129 concludere
1977 2106 2047 2137 quod
2067 2111 2166 2131 etiamsi
2189 2112 2276 2131 motus
2296 2112 2321 2132 et
2338 2113 2441 2140 tempus

1384 2147 1488 2171 semper
1502 2139 1610 2163 fuissent
1622 2144 1648 2163 et
1660 2147 1763 2171 semper
1774 2139 1858 2164 futura
1873 2145 1967 2171 essent,
1981 2148 2075 2172 nempe
2089 2141 2188 2166 etiamsi
2203 2147 2305 2174 tempus
2316 2148 2341 2167 et
2353 2148 2440 2167 motus

1384 2178 1472 2198 essent
1485 2174 1571 2206 aliquo
1585 2175 1664 2198 modo
1678 2174 1781 2205 infinita,
1796 2183 1847 2199 non
1867 2180 1952 2199 tamen
1967 2181 2054 2200 essent
2072 2175 2168 2201 infinita
2182 2176 2207 2201 in
2220 2182 2289 2209 actu,
2304 2178 2364 2209 quia
2377 2186 2442 2202 nun-

270 2220 324 2245 pus
335 2213 371 2238 sit
389 2213 529 2245 infinitum.
543 2212 593 2237 Sed
606 2212 681 2236 lectio
693 2211 810 2236 omnium
830 2211 904 2235 codd.
919 2215 944 2234 et
963 2210 1020 2234 edd.
1033 2216 1050 2233 a
1061 2210 1075 2234 ὸ
1094 2209 1232 2241 respondet
1250 2208 1339 2233 menti·
1383 2216 1463 2241 quam
1482 2212 1552 2234 totus
1571 2213 1657 2234 motus
1676 2209 1800 2243 infinitus,
1815 2210 1855 2234 vel
1869 2213 1952 2235 totum
1965 2214 2066 2243 tempus
2085 2211 2216 2244 infinitum
2230 2217 2299 2237 esset
2317 2213 2343 2237 in
2356 2218 2423 2237 actu.

2564 391 2578 424 β

2462 425 2471 433 ·
2488 425 2581 452 aliquid
2598 426 2675 446 maius

2463 451 2500 471 vel
2513 451 2588 472 minus
2603 457 2639 473 izo.

2464 604 2475 615 ⁸
2490 603 2527 624 vel
2537 603 2675 625 pei-*iswah-

2464 704 2474 714 ‘
2489 702 2579 730 aliquid
2593 703 2658 724 codi-

2464 736 2510 755 ces,
2521 735 2571 750 exc.
2581 735 2636 750 οῦκ.

2463 807 2474 818 ⁴*
2491 808 2533 828 aut
2551 813 2598 828 om.
2617 812 2674 834 Aspi,

2464 833 2617 861 quantitatem
2633 835 2675 854 aut

2465 865 2512 880 om.
2523 862 2566 880 cet.
2577 865 2625 880 exc.
2634 865 2673 880 nii.

2495 1019 2596 1047 primam
2622 1019 2675 1041 add.

2464 1052 2486 1067 P.
2495 1057 2504 1061 -
2515 1048 2627 1073 sumptam
2638 1052 2674 1067 m.

2465 1129 2476 1140 ⁸
2490 1129 2576 1156 infiniti
2588 1135 2629 1150 im.

2465 1234 2474 1243 ‘
2490 1233 2552 1261 quod
2565 1235 2601 1254 est
2613 1239 2650 1255 ize.

2466 1435 2478 1445 ⁸
2492 1434 2525 1455 sic
2539 1440 2578 1456 om
2592 1441 2626 1456 Rs.

2564 1549 2581 1574 Υ

2467 1654 2477 1664 ⁸
2491 1652 2613 1674 secundam
2623 1651 2676 1673 add.

2467 1685 2488 1700 1>-

2467 1810 2477 1820 ⁸
2484 1810 2546 1831 Lect.
2555 1815 2602 1836 vni,
2612 1815 2642 1836 ix,
2653 1815 2677 1831 x.
