2950 4004
491 275 560 311 182

484 361 562 390 tem
592 352 912 390 circumferentiae
941 364 1058 401 quam
1077 363 1211 388 versus
1231 350 1356 398 aliam,
1377 350 1544 398 quiescit.

484 407 534 443 Et
561 406 697 443 eadem
725 405 869 442 ratione
893 417 1047 442 necesse
1069 411 1124 440 est
1142 404 1180 440 in
1194 416 1318 440 vacuo
1339 403 1544 452 quiescere.

485 459 576 496 Non
606 458 707 495 enirn
737 465 791 494 est
819 457 1007 505 assignare
1037 469 1153 505 quare
1182 456 1302 503 magis
1332 463 1544 504 moveatur,

485 511 534 548 ad
560 523 679 548 unam
707 518 854 559 partem
884 522 1001 558 quam
1022 509 1070 546 ad
1091 509 1224 546 aliam:
1255 508 1343 557 quia
1365 515 1546 556 vacuum,

439 585 445 591 ·
485 564 708 612 inquantum
737 562 974 609 huiusmodi,
1004 574 1082 598 non
1110 562 1226 598 habet
1254 561 1482 598 differentias
1509 561 1548 598 in

245 727 257 737 '⁶
274 727 388 747 rationem
409 731 457 747 om.

247 759 273 779 P,
289 753 351 774 etita
368 758 456 773 numm.

247 779 269 806 6,
283 785 304 806 7.

246 1152 256 1161 '¹
273 1151 391 1172 naturalis
410 1156 458 1172 om.

247 1178 316 1199 codd.
334 1181 356 1198 et
370 1177 414 1198 ab.

246 1209 257 1220 ⁴¹
272 1209 342 1230 Num.
355 1214 430 1236 praec.

245 1368 256 1379 ’⁶
266 1367 328 1389 Lect.
338 1373 369 1394 rx,
379 1373 402 1388 n.
411 1373 444 1388 10.

246 1624 256 1635 ⁸
279 1623 383 1645 Iocorum
398 1629 446 1645 om.

246 1649 315 1671 codd.
331 1654 352 1671 et
366 1656 381 1671 α
392 1650 413 1671 b.

246 1892 370 1939 LEpropria
385 1891 439 1913 add.

251 2214 261 2222 '¹
274 2213 337 2235 Lect.
348 2219 381 2235 ιιι.

485 617 561 654 suis
597 616 786 665 partibus3
826 627 904 652 non
942 614 1035 651 entis
1073 615 1175 651 enim
1213 626 1292 651 non
1320 621 1406 651 sunt
1443 613 1548 651 diffe-

485 669 638 706 sentiae.

544 723 576 758 5.
597 721 782 767 Quartam
811 719 997 757 rationem
1018 721 1038 742 ’³²
1056 720 1164 769 ponit
1192 719 1259 756 ibi:
1288 718 1434 756 Deinde
1460 730 1549 767 quo-

485 775 588 811 m'am
608 774 728 810 omnis
747 779 869 810 motus
898 781 985 810 etc.:
1008 785 1104 822 quae
1128 772 1210 809 talis
1240 779 1305 808 est.
1336 772 1465 808 Motus
1484 783 1550 808 na-

485 826 611 863 turalis
640 833 694 863 est
726 826 831 875 prior
857 826 1046 872 violento,
1077 838 1165 862 cum
1199 832 1327 861 motus
1360 824 1550 862 violentus

485 892 563 916 non
583 879 628 916 sit
646 878 715 915 nisi
735 879 926 928 quaedam
957 878 1154 916 declinatio
1189 890 1210 914 a
1242 885 1351 914 motu
1379 877 1548 913 naturali.

486 934 652 969 Remoto
692 943 779 979 ergo
818 939 924 969 motu
959 931 1141 978 naturali,
1172 937 1391 967 removetur
1426 929 1550 966 omnis

486 993 632 1031 motus3
655 997 742 1021 cum
763 992 910 1022 remoto
929 984 1065 1033 priori,
1087 983 1332 1020 removeatur
1349 982 1548 1031 posterius.

488 1038 564 1074 Sed
598 1037 722 1086 posito
759 1050 905 1085 vacuo,
935 1044 1156 1074 removetur
1189 1043 1316 1087 motus
1354 1035 1548 1082 naturalis3

487 1090 575 1139 quia
603 1090 741 1127 tollitur
769 1090 978 1127 differentia
996 1089 1162 1139 partium
1190 1088 1274 1136 loci,
1296 1088 1346 1125 ad
1374 1100 1468 1137 quas
1497 1096 1552 1125 est

487 1151 614 1180 motus
643 1143 820 1180 naturalis
841 1145 878 1191 ²⁹,
909 1143 1004 1180 sicut
1032 1150 1068 1179 et
1094 1141 1218 1192 posito
1243 1141 1403 1189 infinito,
1423 1147 1466 1178 ut
1490 1153 1550 1177 su-

485 1208 554 1245 pra
575 1197 595 1217 '²³
615 1196 757 1233 dictum
787 1204 852 1233 est.
883 1196 960 1233 Sed
988 1196 1062 1232 hoc
1091 1195 1243 1232 interest
1270 1194 1364 1231 inter
1382 1206 1550 1231 vacuum

488 1256 523 1285 et
551 1248 752 1296 infinitum,
774 1249 863 1298 quia
881 1249 1005 1298 posito
1035 1248 1192 1295 infinito,
1214 1248 1317 1284 nullo
1337 1247 1456 1284 modo
1480 1259 1552 1295 po-

486 1309 557 1338 test
589 1302 681 1351 poni
713 1314 837 1350 neque
867 1314 1017 1339 sursum
1050 1313 1174 1354 neque
1210 1300 1390 1337 deorsum
1427 1311 1551 1347 neque

486 1355 669 1402 medium,
690 1363 731 1391 ut
758 1355 797 1392 in
825 1355 932 1391 tertio
952 1355 972 1375 '¹‘
998 1354 1139 1391 dictum
1165 1361 1239 1390 est:
1268 1352 1393 1401 posito
1423 1360 1551 1389 autern

486 1420 623 1455 vacuo⁷
644 1415 804 1457 possunt
822 1409 918 1444 haec
946 1407 1101 1456 quidem
1120 1406 1224 1455 poni,
1246 1406 1312 1443 sed
1341 1417 1419 1442 non
1447 1405 1551 1454 quod

487 1460 536 1497 ad
564 1461 728 1499 invicem
764 1460 957 1506 differant;
988 1460 1075 1509 quia
1105 1459 1241 1495 nullius
1265 1465 1302 1494 et
1329 1470 1407 1498 non
1436 1458 1549 1505 entis,

488 1521 524 1550 et
541 1526 610 1563 per
639 1526 876 1561 consequens
894 1513 1018 1559 vacui,
1041 1524 1128 1549 cum
1157 1511 1203 1548 sit
1230 1523 1308 1548 non
1328 1523 1394 1548 ens
1423 1518 1460 1547 et
1476 1511 1551 1559 pri-

486 1567 602 1614 vatio,
622 1579 702 1604 non
724 1574 778 1603 est
797 1566 922 1615 aliqua
951 1564 1172 1602 differentia.
1195 1564 1271 1601 Sed
1299 1563 1372 1600 loci
1392 1563 1550 1600 mutatio

487 1620 663 1656 naturalis
692 1618 846 1667 requirit
872 1620 1047 1656 locorum
1065 1618 1085 1639 '¹‘
1106 1617 1368 1663 differentiam,
1390 1616 1478 1665 quia
1497 1617 1551 1654 di-

486 1685 596 1709 versa
625 1684 795 1720 corpora¹
820 1671 868 1709 ad
898 1671 1047 1709 diversa
1079 1671 1163 1707 loca
1194 1677 1408 1706 moventur.
1438 1669 1550 1707 Unde

487 1733 637 1774 oportet
664 1726 747 1761 loca
767 1724 950 1761 naturalia
978 1724 1127 1762 differre
1148 1723 1197 1760 ad
1224 1722 1400 1760 invicem.
1423 1722 1463 1759 Si
1486 1722 1550 1770 igi-

486 1785 546 1815 tur
572 1786 737 1827 ponatur
768 1790 937 1815 vacuum
954 1807 963 1825 ,
997 1777 1134 1814 nullius
1168 1775 1235 1812 erit
1267 1774 1444 1812 naturalis
1477 1775 1550 1812 loci

487 1831 657 1868 mutatio.
693 1832 742 1868 Et
774 1831 804 1867 si
832 1843 910 1868 non
954 1838 1009 1866 est
1045 1829 1117 1866 loci
1156 1827 1312 1865 mutatio
1351 1827 1548 1875 naturalis,

487 1884 588 1921 nulla
616 1884 688 1921 loci
716 1883 874 1920 mutatio
897 1882 974 1920 erit.
1003 1881 1115 1920 Unde
1145 1881 1175 1918 si
1203 1889 1259 1918 est
1287 1881 1411 1930 aliqua
1432 1881 1452 1901 *
1478 1880 1551 1917 loci

488 1937 661 1984 mutatio,
691 1944 840 1986 oportet
868 1935 972 1985 quod
999 1946 1166 1973 vacuum
1195 1946 1275 1971 non
1302 1933 1358 1970 sit.

542 1991 577 2028 6.
605 1989 786 2037 Quintam
816 1989 1000 2026 rationem
1019 1987 1127 2037 ponit
1154 1987 1226 2024 ibi:
1246 1986 1429 2035 Amplius,
1451 1998 1551 2023 nunc

488 2043 635 2092 quidem
658 2043 827 2091 proiecta
854 2049 921 2079 etc.
948 2041 1059 2078 Circa
1086 2052 1203 2090 quam
1232 2039 1551 2076 considerandum

490 2104 544 2133 est
571 2096 677 2145 quod
706 2096 800 2136 solet
828 2107 910 2132 esse
943 2093 1134 2143 quaedam
1164 2091 1345 2130 dubitatio
1381 2092 1479 2128 circa
1508 2104 1553 2128 ea

489 2161 587 2197 quae
606 2148 868 2198 proiiciuntur:
889 2155 1038 2197 oportet
1053 2147 1155 2183 enim
1174 2157 1336 2183 movens
1353 2152 1388 2181 et
1403 2152 1552 2181 motum

489 2202 600 2239 simul
631 2214 724 2248 esse,
744 2209 786 2238 ut
804 2201 899 2237 infra
928 2200 966 2237 in
987 2200 1149 2250 septimo
1171 2200 1191 2220 *
1213 2198 1416 2248 probatur;
1446 2204 1482 2234 et
1499 2204 1552 2233 ta-

489 2267 580 2292 men
599 2254 689 2292 illud
709 2254 813 2303 quod
830 2253 1036 2302 proiicitur,
1057 2252 1245 2290 invenitur
1263 2250 1413 2288 moveri
1439 2249 1552 2286 etiam

487 2315 693 2357 postquam
722 2314 938 2356 separatum
968 2314 1023 2343 est
1051 2318 1073 2342 a
1098 2304 1335 2354 proficiente,
1365 2303 1460 2340 sicut
1488 2315 1552 2351 ap-

487 2368 596 2410 paret
620 2361 658 2398 in
685 2360 809 2409 lapide
827 2359 1010 2409 proiect0‚
1033 2366 1068 2395 et
1097 2358 1228 2406 sagitta
1248 2357 1386 2394 emissa
1407 2368 1477 2404 per
1496 2367 1552 2392 ar-

490 2427 590 2451 cum.
606 2415 720 2450 Nunc
740 2413 850 2461 igitur
869 2412 1066 2461 supposito
1087 2411 1192 2460 quod
1210 2422 1378 2448 vacuum
1398 2421 1477 2446 non
1496 2408 1552 2455 sit,

489 2467 647 2505 solvitur
666 2467 735 2504 ista
755 2466 936 2504 dubitatio
957 2478 1002 2502 ex
1029 2472 1135 2514 parte
1155 2463 1263 2511 aeris⁷
1284 2475 1361 2513 quo
1381 2461 1552 2499 medium

543 2606 568 2640 β)
583 2607 662 2632 Nunc
676 2607 745 2631 enim
760 2606 880 2631 dicimus.
892 2620 911 2624 -
925 2605 1089 2638 PCKNZpE;
1105 2612 1174 2630 nunc
1185 2607 1273 2629 autem
1288 2603 1399 2628 dicimus
1413 2601 1472 2632 HM,
1483 2606 1553 2625 nunc

489 2643 574 2676 igitur
587 2643 698 2667 dicimus
707 2643 735 2672 F,
746 2642 783 2667 sic
795 2645 884 2667 autem
900 2641 1011 2666 dicimus
1021 2641 1070 2673 PR,
1080 2640 1118 2665 sic
1130 2639 1199 2665 enim
1213 2639 1324 2664 dicimus
1334 2638 1370 2662 sR
1383 2642 1409 2662 et
1422 2637 1464 2662 ed.
1477 2635 1551 2668 1545,

1113 272 1458 309 PHYSICORUM
1485 273 1834 309 ARISTOTELIS
1864 273 1957 310 LIB.
1988 274 2040 310 IV

1602 351 1776 399 repletur.
1806 352 1856 388 Et
1873 353 1948 389 hoc
1973 351 2179 401 dupliciter.
2210 354 2350 392 Dicunt
2377 356 2479 393 enim
2508 357 2664 405 quidam

1602 404 1705 452 quod
1722 417 1765 441 ea
1781 417 1879 452 quae
1898 404 2156 454 proficiuntur,
2173 415 2380 445 moventur
2399 409 2511 446 etiam
2528 410 2548 431 ³¹²
2561 418 2664 459 post—

1602 468 1718 505 quam
1751 469 1829 494 non
1857 465 2059 505 tanguntur
2090 470 2112 495 a
2143 459 2384 508 proiiciente,
2413 469 2568 511 propter
2599 460 2666 500 αὴ-

1602 509 1857 557 tiparistasim,
1883 510 1980 547 idest
2009 512 2336 559 repercussionem
2363 515 2426 551 vel
2463 522 2666 553 contra-re-

1603 562 1826 599 sistentiam:
1851 575 1916 599 aer
1934 563 2036 600 enim
2057 571 2184 600 motus
2204 565 2450 613 repercutitur
2478 567 2527 604 ad
2550 568 2665 605 alium

1603 626 1744 662 aerem,
1774 622 1811 651 et
1833 615 1892 652 ille
1921 613 1979 653 ad*
1997 616 2130 663 aliurn,
2162 624 2199 653 et
2226 617 2279 654 sic
2307 618 2502 667 deinceps3
2536 627 2573 657 et
2597 633 2668 669 per

1602 667 1717 704 talem
1754 668 2082 716 repercussionem
2117 669 2213 707 aeris
2247 670 2296 707 ad
2328 683 2456 708 aerem
2489 680 2668 710 movetur

1603 719 1708 768 lapis.
1725 720 1798 756 Alii
1811 732 1906 757 vero
1927 721 2055 758 dicunt
2074 723 2178 770 quod
2197 723 2272 759 hoc
2291 723 2378 760 ideo
2400 731 2466 771 est,
2483 724 2571 774 quia
2590 737 2665 773 aer,

1605 772 1669 820 qui
1689 772 1889 810 continuus
1909 773 2068 811 existens
2088 787 2111 811 a
2129 775 2348 824 proiiciente
2368 776 2582 826 impellitur,
2601 790 2668 815 ve-

1604 824 1722 861 locius
1742 825 1898 873 impellit
1918 838 2057 874 corpus
2082 827 2306 875 proiectum,
2335 841 2452 878 quam
2477 830 2523 867 sit
2540 838 2669 868 motus

1605 890 1682 925 quo
1712 889 1850 926 corpus
1878 878 2090 926 proiectum
2118 880 2234 917 fertur
2269 882 2484 919 naturaliter
2515 883 2553 920 in
2580 895 2668 932 pro-

1604 930 1730 979 prium
1765 931 1904 968 locum.
1935 931 2046 968 Unde
2079 939 2234 981 propter
2266 934 2506 973 velocitatem
2540 943 2668 973 motus

1605 982 1701 1020 aeris
1730 995 1809 1020 non
1840 983 2065 1032 permittitur
2093 997 2230 1034 corpus
2257 986 2482 1035 proiectum,
2508 995 2550 1025 ut
2576 996 2669 1038 puta

1604 1036 1697 1086 lapis
1724 1037 1786 1073 vel
1811 1036 1911 1073 aliud
1938 1036 2171 1085 huiusmodi,
2197 1038 2331 1075 cadere
2366 1039 2570 1087 deorsum3
2599 1042 2668 1079 sed

1606 1089 1721 1126 fertur
1739 1089 1951 1126 secundum
1970 1089 2241 1138 impulsionem
2269 1091 2376 1129 aeris.
2397 1093 2514 1130 Nulla
2541 1100 2668 1131 autern

1605 1141 1760 1178 istarum
1790 1154 1990 1179 causarum
2008 1150 2138 1191 posset
2163 1143 2267 1192 poni,
2294 1143 2324 1181 si
2353 1153 2451 1182 esset
2476 1157 2666 1192 vacuum;

1607 1202 1643 1231 et
1669 1194 1719 1231 ita
1748 1206 1885 1243 corpus
1904 1195 2117 1243 proiectum
2145 1196 2250 1232 nullo
2275 1197 2394 1234 modo
2416 1197 2582 1235 ferretur
2599 1197 2670 1236 nisi

1606 1247 1775 1297 quandiu
1798 1247 2011 1294 veheretur,
2031 1255 2122 1297 puta
2150 1260 2172 1284 a
2201 1261 2317 1286 manu
2335 1250 2576 1299 proficientis,
2602 1251 2671 1290 sed

1607 1299 1731 1336 statim
1762 1299 1922 1336 emissus
1946 1313 1968 1336 a
1987 1313 2106 1338 manu
2126 1301 2292 1349 caderet;
2314 1302 2419 1340 cuius
2439 1303 2670 1341 contrarium

1605 1352 1795 1389 videmus.
1826 1353 1917 1389 Non
1946 1365 2035 1401 ergo
2065 1361 2121 1390 est
2146 1365 2327 1392 vacuum.

1660 1417 1696 1453 7.
1728 1405 1882 1442 sextam
1911 1405 2097 1443 rationem
2125 1406 2233 1455 ponit
2260 1407 2326 1444 ibi:
2347 1408 2518 1457 Amplius
2546 1408 2669 1446 nullus

1608 1458 1732 1506 utique
1751 1465 1837 1494 etc.:
1859 1470 1957 1507 quae
1976 1459 2057 1496 talis
2079 1466 2144 1496 est.
2176 1459 2216 1497 Si
2244 1467 2371 1497 motus
2395 1461 2440 1498 sit
2467 1461 2506 1498 in
2531 1474 2668 1510 vacuo,

1607 1511 1729 1547 nullus
1747 1510 1885 1559 poterit
1903 1511 2093 1559 assignare
2114 1524 2268 1550 causam
2286 1521 2442 1563 propter
2470 1513 2560 1564 quid
2579 1514 2672 1552 illud

1607 1563 1712 1612 quod
1740 1571 1938 1612 movetur,
1969 1564 2105 1602 alicubi
2133 1573 2214 1603 stat.
2244 1566 2336 1603 Non
2365 1566 2468 1604 enim
2497 1575 2553 1604 est
2576 1566 2669 1604 ratio

1607 1628 1723 1664 quare
1761 1616 1880 1664 magis
1908 1617 2077 1666 quiescat
2108 1617 2146 1655 in
2174 1631 2252 1655 una
2277 1624 2384 1668 parte
2411 1620 2524 1657 vacui
2553 1632 2669 1670 quam

1605 1669 1644 1706 in
1672 1669 1761 1715 alia3
1791 1682 1914 1718 neque
1941 1670 1979 1707 in
2006 1670 2064 1707 his
2093 1683 2189 1720 quae
2219 1680 2423 1710 moventur
2442 1672 2669 1722 naturaliter,

1607 1734 1695 1759 curn
1714 1734 1793 1759 non
1812 1722 1859 1758 sit
1878 1722 2088 1760 differentia
2106 1723 2145 1761 in
2171 1724 2340 1774 partibus
2358 1726 2378 1746 *
2395 1725 2519 1774 vacui,
2548 1733 2590 1763 ut
2607 1738 2668 1763 su-

1604 1787 1674 1823 pra
1703 1776 1722 1796 *
1751 1774 1893 1812 dictum
1922 1783 1997 1822 est;
2027 1788 2151 1826 neque
2179 1777 2218 1814 in
2254 1777 2311 1814 his
2339 1791 2438 1827 quae
2465 1785 2672 1816 moventur

1606 1834 1714 1864 motu
1740 1827 1921 1864 violento.
1951 1827 2063 1866 Nunc
2083 1829 2184 1866 enim
2211 1830 2370 1868 dicimus
2389 1829 2406 1859 β
2425 1831 2530 1880 quod
2551 1837 2672 1869 cessat

1606 1887 1732 1916 motus
1759 1879 1965 1928 violentus,
1995 1881 2061 1918 ubi
2090 1882 2216 1920 deficit
2244 1884 2480 1933 repercussio
2507 1885 2570 1922 vel
2598 1883 2669 1923 im-

1604 1933 1727 1981 pulsio
1757 1932 1864 1980 aeris,
1886 1934 2096 1971 secundum
2127 1935 2220 1972 duas
2249 1949 2381 1973 causas
2410 1937 2615 1985 assignatas
2635 1939 2668 1975 *.

1607 1986 1808 2034 Oportebit
1837 1998 1925 2034 ergo
1954 1987 2059 2036 quod
2085 1989 2149 2025 vel
2178 1988 2345 2038 quiescat
2373 2001 2489 2026 omne
2518 2002 2668 2040 corpus,

1607 2045 1643 2075 et
1665 2038 1755 2075 nihil
1775 2046 1991 2089 moveatur3
2012 2047 2077 2077 aut
2104 2040 2135 2077 si
2154 2041 2294 2090 aliquid
2322 2050 2535 2090 moveatur,
2565 2043 2670 2092 quod

1606 2099 1783 2128 movetur
1817 2092 1855 2128 in
1891 2092 2101 2140 infinitum,
2133 2093 2203 2130 nisi
2241 2102 2412 2132 occurrat
2445 2094 2479 2132 ei
2517 2093 2671 2145 aliquod

1607 2157 1746 2192 corpus
1779 2144 1912 2193 maius,
1943 2146 2046 2194 quod
2077 2146 2291 2184 violentum
2318 2155 2468 2184 motum
2493 2147 2573 2185 eius
2601 2147 2671 2186 im-

1605 2197 1744 2245 pediat.

1660 2250 1721 2286 Ad
1741 2250 2072 2288 confirmationem
2097 2259 2225 2289 autern
2252 2252 2364 2290 huius
2392 2252 2558 2300 rationis,
2583 2253 2671 2291 sub·

1607 2301 1724 2350 iungit
1762 2315 1915 2339 causam
1953 2316 2069 2353 quare
2096 2312 2245 2354 ponunt
2272 2305 2386 2354 aliqui
2410 2313 2560 2344 motum
2587 2306 2672 2344 fieri

1606 2355 1645 2391 in
1663 2367 1804 2401 vacuo;
1834 2356 2081 2405 quia·sci1icet
2106 2370 2274 2395 vacuum
2304 2358 2412 2404 cedit,
2443 2366 2480 2396 et
2506 2371 2586 2396 non
2612 2370 2678 2402 res

1607 2407 1700 2445 sistit
1727 2408 1875 2455 mobili;
1904 2411 2012 2447 unde·
2027 2422 2115 2447 curn
2133 2423 2302 2448 vacuum
2321 2411 2489 2449 similiter
2508 2411 2608 2449 cedit
2625 2423 2671 2449 ex

1608 2460 1714 2497 omni
1732 2469 1850 2510 parte,
1871 2462 2010 2499 feretur
2027 2462 2066 2500 in
2086 2463 2274 2501 infinitum
2295 2476 2340 2500 ex
2360 2464 2527 2513 qualibet
2548 2472 2668 2514 parte.

1605 2609 1656 2626 non
1677 2601 1789 2626 dicimus
1807 2602 1860 2634 pG,
1880 2610 1932 2627 non
1951 2606 2040 2628 autem
2059 2603 2171 2629 dicimus
2189 2604 2240 2633 sG,
2259 2611 2311 2629 non
2330 2603 2399 2629 enim
2418 2604 2531 2629 dicimus
2548 2605 2583 2635 B,
2601 2604 2672 2630 sicut

1606 2637 1675 2662 enim
1695 2635 1806 2662 dicimus
1825 2637 1883 2664 edd.
1897 2638 1947 2668 ab,
1967 2644 2015 2664 cet.
2034 2643 2060 2664 et
2077 2639 2119 2664 tG.
2234 2647 2237 2650 ·

1444 3092 1641 3199 *Q
1656 3131 1711 3159 *-

2693 415 2703 426 ·
2716 414 2788 462 §tiam
2801 421 2849 438 om.
2868 421 2905 438 m

2692 447 2708 462 α
2731 457 2737 464 .

2699 1736 2709 1745 ·
2723 1736 2786 1758 furer
2795 1738 2882 1764 partes
2895 1742 2913 1759 r»
2930 1717 2937 1727 *v

2713 1778 2793 1816 'Num
2802 1799 2826 1821 4.
2935 1781 2938 1782 ⁷

2674 1967 2677 1969 μ
2696 1943 2708 1955 ”’
2721 1943 2793 1966 Num.
2807 1949 2884 1972 pnec-
2926 1955 2934 1970 χ
