2898 3996
70 499 79 508 ·
101 497 129 519 de
147 502 237 518 sursum
256 496 280 518 in

71 530 119 546 om.
132 529 200 545 ama.

72 863 84 873 ⁹
96 868 142 884 non
152 868 200 884 om.
210 861 261 884 vab.
270 872 283 877 -

72 889 206 910 innaturali
217 888 252 910 rb.

70 1911 79 1921 ¹
87 1910 189 1938 seratur
202 1916 255 1932 tea.

70 2015 148 2061 quaa!
151 2013 216 2062 qtuod
221 2019 280 2035 sem-

68 2046 166 2093 ’,1ῗῖοὲ
175 2046 244 2088 123⁰
258 2044 281 2061 ⁸¹

71 2168 80 2178 ·
94 2168 170 2189 motus
186 2172 235 2188 om.
253 2173 282 2188 Pe

70 2199 85 2215 α
98 2197 121 2216 et
134 2193 176 2215 ab.

72 2485 82 2495 ‘
91 2484 192 2506 maxt'me
199 2484 281 2506 racab.

72 2797 83 2807 ⁸
96 2796 195 2819 'scilicet
214 2797 282 2818 codd.

74 2829 124 2845 exc.
137 2829 160 2845 ι..

74 3221 86 3232 ·
106 3220 229 3242 seeundum
248 3220 284 3241 lo-

75 3252 125 3269 cum
138 3246 191 3268 add.
207 3253 227 3268 s.

1157 305 1267 341 CAP.
1295 304 1365 350 v1‚

308 407 332 415 -
352 387 402 423 Et
428 385 595 422 similiter
627 392 683 422 est
715 385 761 422 de
781 384 979 434 quietibus.
1005 384 1104 431 Quia
1137 378 1242 432 quies
1267 394 1362 431 quae

309 446 364 476 est
382 450 541 485 sursum,
563 445 618 474 est
636 438 821 474 contraria
844 437 964 474 motui
983 437 1045 485 qui
1066 444 1120 473 est
1147 437 1194 473 de
1214 447 1363 472 sursum

308 491 346 528 in
366 491 385 512 ’³
406 490 597 527 deorsum.
620 490 696 527 Sed
715 490 775 527 illa
794 490 899 539 quies
920 497 975 526 est
992 497 1110 526 terrae
1129 487 1362 524 innaturalis:

309 543 376 580 sed
404 550 529 579 motus
548 543 612 590 qui
641 550 695 579 est
723 543 900 579 deorsum
922 549 976 578 est
1003 541 1036 577 ei
1064 541 1272 577 secundum
1297 552 1365 575 na-

308 603 443 632 turam.
472 596 583 632 Unde
619 602 721 643 patet
757 594 966 631 secundum
1002 592 1230 641 praemissa,
1260 591 1364 640 quod

308 648 414 696 quies
442 659 538 696 quae
561 655 615 684 est
643 655 744 684 extra
762 653 945 691 naturam,
963 653 1018 681 est
1042 644 1225 681 contraria
1245 643 1364 680 motui

308 700 466 737 naturali
491 699 659 736 eiusdem
689 698 873 747 corporis:
903 698 991 746 quia
1019 697 1131 733 etiam
1159 697 1198 732 in
1226 696 1363 732 eodem

310 765 468 801 corpore
488 759 613 788 motus
633 751 684 788 sic
704 750 974 788 contrariantur
992 749 1041 785 ad
1063 749 1239 795 invicem,
1261 749 1365 796 quod

310 805 447 842 scilicet
465 811 590 840 motus
610 802 784 840 naturalis
811 801 921 838 unius
946 801 1114 850 corporis
1141 808 1195 837 est
1219 808 1364 837 contra-

309 857 384 894 rius
403 855 522 892 motui
540 867 617 892 non
635 855 655 876 ²¹²
667 854 826 891 naturali
846 854 1014 890 eiusdem
1040 854 1219 902 corporis.
1241 854 1289 889 Et
1312 853 1364 890 sic

310 915 365 945 est
383 908 494 944 etiam
517 907 564 943 de
593 906 734 954 quiete:
755 906 842 954 quia
875 906 946 942 alia
970 906 1137 954 quietum
1163 906 1364 942 contraria-

308 971 392 998 rum
420 958 488 995 erit
510 959 719 998 secundum
747 966 940 1005 naturam,
969 966 1010 995 ut
1042 971 1190 995 sursum
1218 958 1291 1005 igni
1330 966 1365 994 et

309 1011 487 1048 deorsum
506 1018 645 1056 terrae:
666 1010 737 1047 alia
755 1024 848 1048 vero
870 1019 971 1048 extra
990 1018 1175 1058 naturam,
1194 1018 1236 1046 ut
1255 1010 1364 1047 deor-

307 1075 392 1100 sum
415 1062 501 1110 igni,
523 1075 671 1100 sursum
698 1071 830 1100 terrae.

361 1127 396 1163 7.
426 1115 573 1152 Deinde
603 1128 690 1152 cum
719 1116 825 1153 dicit:
854 1117 983 1152 Habet
1012 1121 1136 1152 autem
1170 1115 1363 1151 dubitatio-

307 1180 392 1204 nem
421 1175 506 1214 etc.‚
542 1176 672 1205 movet
703 1168 909 1205 secundam
929 1167 1217 1205 dubitationem:
1237 1174 1363 1203 utrum

308 1220 446 1257 scilicet
473 1220 598 1257 omnis
621 1220 765 1269 quietis,
795 1232 891 1269 quae
919 1233 998 1258 non
1030 1232 1181 1268 semper
1207 1219 1289 1265 fuit,
1319 1219 1364 1255 sit

308 1272 432 1321 aliqua
450 1273 652 1320 generatio,
671 1281 706 1310 et
720 1273 910 1320 generatio
926 1273 1059 1322 quietis
1077 1279 1235 1310 vocatur
1247 1278 1364 1316 stare,-

307 1332 348 1361 ut
371 1338 440 1374 per
467 1332 562 1362 stare
588 1338 666 1363 non
693 1325 941 1373 intelligamus
960 1331 970 1346 ²
998 1325 1100 1362 idem
1121 1324 1232 1384 ’quod
1261 1325 1363 1373 quie-

307 1389 427 1424 scere,
453 1378 521 1414 sed
544 1385 640 1415 stare
664 1379 709 1415 sit
727 1378 829 1415 idem
849 1378 952 1426 quod
970 1378 1168 1426 pervenire
1190 1377 1241 1413 ad
1263 1377 1363 1425 quie-

307 1435 400 1473 tem,·
419 1431 522 1478 quod
537 1431 656 1467 forte
648 1443 687 1468 m
707 1443 841 1479 graeco
862 1430 981 1478 magis
1003 1430 1155 1488 proprie
1174 1437 1293 1466 sonat.
1315 1430 1363 1466 Et

308 1482 458 1519 videtur
471 1483 743 1520 determinare
735 1495 774 1519 1n
791 1490 938 1531 partem
953 1482 1168 1530 negativam
1185 1494 1254 1530 per
1269 1482 1362 1518 duas

307 1534 482 1572 rationes.
503 1535 674 1581 Quarum
702 1535 825 1584 prima
844 1543 909 1582 est,
931 1535 1036 1584 quod
1055 1534 1085 1571 si
1104 1534 1229 1571 omnis
1258 1535 1361 1582 quie-

306 1586 352 1623 tis
380 1599 476 1635 quae
503 1600 582 1624 non
609 1600 760 1636 semper
782 1588 858 1634 fuit,
885 1595 940 1624 est
963 1587 1165 1635 generatio,
1186 1594 1363 1635 sequetur

309 1640 412 1687 quod
430 1639 563 1687 quietis
587 1652 683 1689 quae
705 1647 759 1677 est
778 1647 880 1676 extra
894 1647 1066 1676 naturam
1083 1639 1190 1686 (sicut
1206 1639 1360 1688 quando

306 1698 403 1728 terra
428 1692 584 1740 quiescit
602 1693 791 1738 sursum),
812 1692 857 1729 sit
876 1692 999 1740 aliqua
1017 1692 1219 1739 generatio,
1242 1692 1359 1738 Quies

307 1751 433 1780 autern
461 1745 628 1791 generari
655 1757 734 1781 non
760 1751 885 1793 potest
902 1744 972 1780 nisi
999 1756 1069 1792 per
1087 1751 1234 1780 motum
1253 1756 1361 1791 prae-

307 1797 520 1833 cedentem:
551 1804 675 1834 motus
704 1805 830 1834 autem
855 1796 1087 1845 praecedens
1115 1796 1280 1844 quietem
1308 1796 1362 1832 in-

307 1850 516 1886 naturalem
545 1856 600 1886 est
625 1849 824 1886 violentus.
856 1849 917 1886 Sic
946 1861 1033 1896 ergo
1063 1848 1229 1896 sequitur
1257 1848 1360 1896 quod

308 1913 396 1938 cum
411 1909 508 1938 terra
521 1914 589 1950 per
606 1901 825 1939 violentiam
841 1901 1029 1938 ferebatur
1044 1903 1063 1923 ᾖ
1079 1913 1239 1947 sursum,
1257 1902 1361 1949 quod

307 1961 395 1990 tunc
408 1954 512 2000 stetit,
532 1954 628 1991 idest
646 1955 750 2003 quod
769 1962 858 1991 tunc
877 1954 1125 2001 generabatur
1143 1953 1221 1989 eius
1241 1953 1358 2002 quies.

308 2006 385 2043 Sed
403 2007 477 2043 hoc
497 2019 575 2043 non
603 2014 726 2055 potest
749 2019 841 2052 esse,
862 2006 949 2054 quia
971 2019 1118 2054 semper
1139 2006 1240 2054 quod
1255 2012 1328 2042 stat
1343 2006 1362 2026 *

306 2059 452 2095 videtur
471 2059 577 2107 ferri
603 2059 776 2105 velocius,
797 2059 893 2095 idest
921 2059 1011 2096 dum
1029 2065 1240 2117 'generatur
1256 2058 1361 2107 quies

307 2123 375 2159 per
402 2118 566 2158 motum,
591 2123 742 2159 semper
768 2118 910 2160 quanto
939 2111 1058 2158 magis
1085 2111 1363 2170 appropinquat

308 2163 357 2200 ad
371 2163 547 2211 quietem,
563 2170 666 2199 tanto
687 2170 742 2200 est
759 2165 925 2200 motusss
919 2163 1123 2200 'velocion
1141 2164 1239 2200 Cum
1260 2164 1361 2200 enim

307 2227 367 2252 res
382 2222 557 2262 generata
575 2215 620 2251 sit
637 2215 814 2263 perfectio
834 2215 1100 2263 generationis3
1120 2216 1362 2263 unumquod-

309 2279 382 2316 que
417 2275 543 2304 autem
575 2274 715 2316 quanto
751 2275 806 2304 est
837 2267 1086 2316 propinquius
1114 2280 1203 2304 suae
1240 2269 1361 2316 perfe-

309 2319 434 2366 ctioni,
462 2327 565 2357 tanto
595 2327 650 2356 est
675 2320 876 2357 virtuosius
906 2327 942 2356 et
969 2320 1168 2366 intensius;
1198 2321 1363 2369 sequitur

309 2372 415 2432 quod
450 2379 576 2409 motus
610 2384 679 2420 per
708 2385 823 2421 quem
859 2380 1057 2420 generatur
1093 2373 1219 2422 quies,
1258 2380 1361 2409 tanto

308 2425 354 2462 sit
370 2424 550 2472 velocior,
571 2431 712 2473 quanto
750 2425 869 2473 magis
893 2425 1175 2495 appropinquat
1194 2426 1241 2462 ad
1262 2426 1363 2473 quie-

307 2485 405 2525 tem,
433 2484 475 2514 ut
493 2485 648 2526 apparet
674 2477 912 2514 manifeste*
932 2477 970 2514 in
990 2477 1155 2514 motibus
1188 2477 1361 2514 naturali-

309 2531 390 2567 bus.
421 2529 498 2567 Sed
530 2529 568 2566 in
595 2530 652 2566 his
681 2542 776 2578 quae
805 2537 1010 2567 moventur
1036 2542 1105 2578 per
1131 2530 1362 2577 violentiam,

309 2582 442 2619 accidit
461 2582 708 2619 contrarium:
738 2582 826 2631 quia
850 2595 1001 2631 semper
1020 2583 1208 2620 invenitur
1235 2583 1364 2619 remis-

310 2635 401 2682 sior,
422 2641 561 2683 quanto
582 2635 700 2682 magis
720 2635 999 2684 appropinquat
1017 2635 1064 2672 ad
1084 2635 1259 2684 quietem.
1274 2637 1364 2672 Non

311 2699 413 2734 ergo¹
429 2687 533 2736 quies
560 2686 726 2723 violenta
752 2688 867 2724 habet
892 2687 1185 2735 generationem.
1216 2689 1265 2724 Et
1290 2689 1364 2725 hoc

311 2747 366 2776 est
403 2739 506 2788 quod
539 2738 645 2786 dicit,
666 2739 770 2787 quod
799 2740 866 2777 erit
893 2740 1032 2789 aliquid
1060 2740 1257 2788 quiescens
1284 2740 1365 2777 vio-

310 2792 423 2838 lente,
454 2792 520 2828 sed
549 2792 567 2812 ²³²
597 2803 670 2827 non
687 2793 839 2839 sactum
868 2793 1068 2839 quiescens,
1098 2793 1193 2829 idest
1221 2793 1364 2841 absque

309 2844 384 2880 hoc
412 2844 514 2892 quod
542 2856 609 2880 sua
636 2843 742 2892 quies
770 2851 977 2891 generetur.

364 2897 398 2933 8.
421 2896 637 2933 Secundam
658 2896 841 2933 rationem
859 2897 967 2945 ponit
990 2896 1057 2933 ibi:
1076 2897 1247 2945 Amplius
1264 2897 1362 2934 vide-

310 2954 371 2985 tur
385 2949 504 2997 ipsum
522 2955 622 2985 stare
641 2955 722 2995 etc.‚
739 2961 836 2997 quae
857 2949 938 2985 talis
954 2957 1026 2986 est:
1045 2949 1131 2998 quia
1148 2955 1257 2995 stare,
1270 2949 1365 2986 idest

309 3001 478 3049 generari
497 3001 675 3049 quietem,
696 3008 758 3038 aut
778 3001 934 3038 omnino
956 3009 1010 3038 est
1028 3001 1131 3038 idem
1150 3015 1236 3038 cum
1256 3010 1363 3038 motu

310 3053 469 3090 naturali
506 3066 582 3102 quo
611 3053 751 3102 aliquid
783 3054 897 3090 fertur
932 3054 971 3091 in
998 3054 1195 3103 proprium
1223 3055 1362 3102 locum,

311 3113 374 3142 aut
410 3105 519 3142 simul
557 3118 644 3142 cum
681 3118 727 3142 eo
761 3106 904 3143 accidit.
943 3108 991 3143 Et
1028 3107 1270 3144 manifestum
1309 3114 1364 3143 est

312 3158 415 3206 quod
444 3165 529 3195 sunt
554 3158 658 3195 idern
685 3158 873 3206 subiecto,
904 3159 970 3196 sed
999 3159 1174 3196 differunt
1206 3159 1361 3197 ratione.

311 3209 516 3247 Terminus
536 3211 636 3247 enim
656 3218 781 3248 motus
801 3212 1014 3248 naturalis*
1036 3219 1091 3248 est
1110 3224 1192 3248 esse
1211 3212 1249 3248 in
1276 3213 1361 3248 loco

312 3262 484 3299 naturali.
514 3274 595 3299 esse
615 3270 741 3300 autem
769 3263 807 3300 in
835 3264 919 3300 loco
940 3264 1096 3300 naturali
1117 3272 1152 3300 et
1170 3264 1362 3312 quiescere

311 3315 349 3351 in
378 3326 436 3362 eo,
466 3321 551 3351 sunt
567 3315 670 3352 idem
697 3315 882 3352 subiecto:
911 3316 1012 3352 unde
1041 3323 1076 3352 et
1103 3323 1228 3352 motus
1257 3324 1362 3352 natu-

365 3445 387 3478 ε)
407 3452 458 3470 non
478 3444 694 3477 intelligamus.-
707 3444 784 3468 Piana
808 3452 861 3470 om.
883 3452 950 3474 non,
975 3445 1044 3477 quod
1066 3450 1152 3469 tamen
1175 3445 1312 3478 requiritur
1337 3453 1366 3470 ex

312 3485 438 3506 contextu.
451 3480 531 3504 -lzbi
550 3479 621 3511 quod
630 3480 708 3512 sorte
726 3479 751 3503 in
766 3486 871 3512 graeco,
889 3480 951 3520 quia
963 3481 1039 3513 sorte
1057 3480 1083 3504 in
1098 3486 1195 3512 graeco
1214 3480 1248 3509 Ia,
1264 3480 1326 3512 quia
1340 3480 1365 3505 ίη

311 3523 408 3549 graeco
427 3515 467 3539 ed.
480 3515 503 3544 b,
516 3514 578 3546 quia
590 3514 684 3547 sor-ma
703 3514 728 3538 in
748 3521 844 3547 graeco
864 3515 897 3545 Ρ;
916 3515 942 3539 in
960 3522 1057 3547 graeco
1075 3522 1128 3539 om.
1142 3515 1172 3539 F.

364 3550 389 3583 ζ)
408 3557 459 3582 quo
479 3550 540 3574 inde
564 3549 704 3574 recedit.-
717 3549 764 3574 Ed.
777 3550 792 3574 b
811 3555 836 3574 et
854 3549 1113 3582 Venet.15o4;quo
1132 3549 1201 3574 idem
1220 3549 1320 3574 recedit
1338 3549 1366 3580 P,

311 3593 363 3618 quo
383 3585 443 3610 inde
461 3584 594 3609 receditur
612 3584 685 3608 codd.
700 3589 725 3608 et
743 3591 768 3609 a.

1396 303 1546 340 LECT.
1575 305 1610 340 X

2394 307 2466 343 265

1418 381 1502 417 ralis
1532 389 1567 418 et
1595 383 1784 429 generatio
1806 383 1938 431 quietis
1966 391 2052 420 sunt
2071 383 2173 420 idem
2201 383 2381 430 subiecto,
2403 384 2470 421 sed

1419 433 1596 470 differunt
1623 435 1766 471 ratione
1794 443 1950 472 tantum.
1985 436 2227 473 Manifestum
2257 443 2311 473 est
2343 443 2468 473 autem

1419 486 1523 533 quod
1551 486 1656 534 quies
1684 488 1849 524 violenta
1882 501 1959 525 non
1991 496 2189 535 generatur
2221 501 2289 536 per
2321 496 2470 525 motum

1418 539 1640 575 naturalem:
1667 551 1754 586 ergo
1785 541 1889 588 quies
1917 541 2082 577 violenta
2106 553 2185 578 non
2204 541 2318 577 habet
2346 541 2469 577 statio-

1417 603 1520 638 nem,
1550 603 1616 626 seu
1644 593 1937 638 generationem.

1472 655 1507 690 9.
1537 643 1685 679 Deinde
1718 656 1804 680 cum
1834 645 1938 681 dicit:
1967 646 2097 682 Habet
2122 651 2245 682 autem
2278 645 2470 682 dubitatio-

1419 707 1503 731 nem
1521 696 1555 731 si
1571 697 1759 732 contraria
1781 704 1865 762 etc.‚
1891 705 2021 734 movet
2039 697 2184 734 tertiam
2209 698 2469 756 quaestionem

1419 747 1465 784 de
1484 748 1558 784 hoc
1578 748 1681 796 quod
1701 760 1847 796 supra*
1831 726 2008 786 “'dictum
2030 757 2094 796 est,
2112 750 2215 808 quod
2244 750 2355 808 quies.
2372 762 2508 799 quae

1419 807 1474 836 est
1504 800 1542 836 in
1575 800 1699 848 aliquo
1742 801 1923 847 termino,
1963 802 2207 838 contrariatur
2239 802 2358 838 motui
2392 815 2469 850 quo

1418 852 1604 889 receditur
1623 854 1670 889 ab
1698 853 1759 889 illo
1789 854 1961 890 termino.
1985 854 2061 891 Sed
2088 855 2161 891 hoc
2180 854 2329 891 videtur
2349 867 2429 891 esse
2451 856 2471 876 '¹‘

1418 905 1570 941 falsum:
1590 905 1678 952 quia
1694 918 1780 942 cum
1796 907 1926 954 aliquis
1941 914 2142 943 moveatur
2156 919 2201 942 ex
2214 908 2288 943 hoc
2306 907 2468 944 termino

1417 957 1510 993 sicut
1543 970 1588 993 ex
1615 958 1713 1005 Ιοεο,
1742 966 1806 994 aut
1837 959 2029 995 abiiciatur
2059 955 2119 995 ille
2152 959 2348 1006 terminus,
2378 960 2471 996 sicut

1418 1009 1573 1057 qualitas
1600 1010 1662 1045 vel
1689 1010 1894 1058 quantitas,
1924 1012 2048 1048 adhuc
2080 1012 2171 1048 dum
2199 1019 2387 1058 movetur,
2416 1012 2471 1049 vi-

1418 1061 1526 1097 detur
1552 1062 1692 1098 habere
1719 1062 1809 1099 illud
1837 1064 1940 1111 quod
1969 1063 2156 1100 abiectum
2192 1071 2245 1100 est
2272 1065 2334 1100 vel
2364 1064 2469 1101 dere-

1417 1113 1556 1150 lictum.
1593 1114 1684 1150 Non
1717 1115 1817 1151 enim
1855 1116 1976 1152 subito
2010 1116 2147 1152 deserit
2174 1116 2313 1165 aliquid
2349 1124 2470 1153 totum

1416 1166 1568 1212 locum,
1607 1166 1675 1202 sed
1716 1168 1946 1213 successive;
1986 1175 2022 1204 et
2058 1168 2224 1205 similiter
2260 1169 2470 1206 successive

1417 1218 1550 1254 amittit
1586 1218 1811 1255 albedinem.
1850 1221 1951 1267 Ergo
1989 1221 2080 1257 dum
2118 1228 2309 1267 movetur,
2348 1222 2471 1258 adhuc

1417 1277 1587 1307 remanet
1624 1270 1662 1306 in
1695 1271 1856 1307 termino
1887 1284 1908 1308 a
1936 1285 2023 1321 quo.
2055 1273 2094 1309 Si
2120 1273 2228 1320 igitur
2256 1273 2360 1321 quies
2397 1286 2472 1321 qua

1417 1323 1556 1372 aliquid
1575 1331 1703 1359 manet
1721 1324 1759 1360 in
1779 1324 1939 1360 termino
1960 1337 1981 1360 a
2000 1337 2088 1373 quo,
2119 1325 2361 1362 contrariatur
2390 1338 2471 1362 mo-

1415 1375 1469 1412 tui
1501 1388 1577 1424 quo
1611 1375 1698 1412 inde
1731 1376 1872 1413 recedit
1894 1377 1922 1422 3,
1955 1377 2119 1425 sequitur
2147 1377 2250 1425 quod
2278 1378 2353 1414 duo
2384 1391 2471 1415 con-

1417 1428 1528 1464 traria
1555 1428 1628 1464 sint
1655 1428 1786 1474 simul;
1817 1430 1920 1477 quod
1949 1437 2004 1465 est
2030 1430 2273 1477 impossibile.

1475 1492 1532 1518 10.
1558 1481 1678 1518 Solvit
1692 1488 1818 1518 autem
1833 1482 1931 1518 hanc
1946 1482 2219 1519 dubitationem
2233 1483 2252 1503 ’Ἢ
2264 1495 2351 1519 cum
2371 1483 2471 1519 dicit:

1414 1533 1492 1569 Aut
1518 1533 1642 1581 aliquo
1672 1534 1782 1570 modo
1808 1534 1961 1582 quiescit
1983 1542 2050 1571 etc.
2081 1536 2130 1571 Et
2153 1535 2241 1571 dicit
2261 1535 2364 1583 quod
2384 1535 2473 1572 illud

1416 1585 1519 1634 quod
1535 1593 1710 1622 movetur
1725 1586 1936 1623 recedendo
1953 1599 1975 1623 a
1989 1587 2163 1634 termino,
2180 1587 2336 1635 quiescit
2350 1587 2388 1624 in
2403 1595 2473 1624 ter-

1414 1638 1519 1674 mino
1535 1650 1558 1674 a
1573 1650 1648 1686 quo
1663 1638 1812 1685 recedit,
1829 1651 1907 1675 non
1929 1639 2141 1687 simpliciter
2154 1645 2168 1662 ⁷⁷
2184 1640 2249 1676 sed
2272 1641 2474 1677 secundum

1415 1691 1517 1737 quid,
1538 1691 1675 1727 scilicet
1698 1691 1909 1727 secundum
1929 1692 2031 1740 quod
2051 1692 2175 1728 adhuc
2202 1700 2332 1728 manet
2350 1692 2389 1729 in
2409 1693 2470 1729 illo

1414 1754 1492 1778 non
1520 1743 1689 1790 totaliter,
1718 1743 1786 1780 sed
1808 1744 1959 1792 partim:
1989 1744 2076 1793 quia
2098 1745 2172 1780 hoc
2197 1751 2251 1780 est
2273 1744 2474 1781 universa-

1413 1795 1493 1830 liter
1519 1807 1675 1842 verum,
1709 1797 1812 1843 quod
1839 1808 1990 1844 semper
2028 1797 2105 1833 eius
2134 1797 2236 1845 quod
2274 1804 2471 1844 movetur,

1414 1859 1491 1886 una
1507 1859 1595 1895 pars
1615 1854 1669 1884 est
1697 1848 1758 1893 ibi,
1779 1848 1916 1884 scilicet
1943 1849 1980 1886 in
1999 1849 2159 1885 termino
2186 1861 2208 1885 a
2227 1862 2314 1897 quo,
2345 1857 2380 1886 et
2401 1850 2472 1886 alia

1415 1899 1454 1935 in
1473 1900 1634 1936 termino
1663 1900 1711 1936 ad
1735 1912 1861 1948 quem.
1892 1902 1975 1938 Nec
1995 1909 2049 1938 est
2067 1902 2337 1938 inconveniens
2367 1902 2472 1950 quod

1416 1964 1535 1988 unum
1557 1952 1830 1989 contrariorum
1851 1954 2061 1990 secundum
2087 1954 2177 2002 quid
2203 1954 2474 2002 permisceatur

1417 2005 1536 2050 alteri;
1565 2006 1632 2042 sed
1661 2012 1801 2053 quanto
1823 2013 1879 2042 est
1906 2006 2024 2054 magis
2052 2006 2344 2054 impermixtum,
2370 2014 2472 2044 tanto

1418 2065 1472 2094 est
1500 2057 1620 2105 magis
1657 2057 1898 2095 contrarium.
1928 2059 1977 2095 Et
2003 2059 2090 2095 ideo
2118 2066 2243 2096 motus
2273 2067 2327 2095 est
2354 2059 2473 2107 magis

1418 2110 1623 2146 contrarius
1652 2110 1784 2157 motui,
1806 2123 1893 2147 cum
1923 2123 2116 2160 nunquam
2138 2112 2170 2147 ei
2190 2111 2471 2170 permisceatur,

1417 2174 1532 2210 quam
1552 2162 1668 2210 quies,
1686 2175 1783 2211 quae
1805 2163 2092 2211 quodammodo
2113 2164 2369 2212 permiscetur.
2385 2185 2409 2192 -
2425 2165 2474 2201 Et

1415 2214 1546 2250 ultimo
1567 2215 1728 2263 epilogat
1732 2216 1846 2275 quod
1861 2216 2002 2253 dictum
2017 2224 2072 2253 est
2087 2217 2133 2253 de
2153 2224 2260 2253 motu
2276 2224 2311 2253 et
2326 2217 2470 2265 quiete,

1416 2267 1612 2314 quomodo
1641 2268 1680 2303 in
1710 2267 1762 2304 eis
1791 2268 1836 2304 sit
1862 2269 1984 2305 unitas
2013 2276 2048 2305 et
2077 2269 2327 2305 contrarietas.

1475 2331 1487 2355 1
1502 2331 1532 2356 1.
1549 2319 1695 2356 Deinde
1716 2332 1803 2356 cum
1818 2321 1920 2357 dicit:
1941 2322 2135 2358 Dubitabit
2146 2327 2268 2358 autem
2289 2322 2369 2369 quis
2389 2328 2469 2369 etc.‚

1416 2371 1524 2419 ponit
1559 2372 1750 2420 quaedam
1782 2372 1831 2409 ad
1868 2374 2209 2410 manifestationem
2247 2374 2472 2422 praemisso-

1418 2436 1527 2471 rum,
1566 2436 1664 2472 quae
1702 2431 1830 2461 tamen
1861 2425 1899 2462 in
1928 2426 2202 2474 exemplaribus
2239 2426 2380 2474 graecis
2419 2426 2471 2463 di-

1419 2483 1551 2513 cuntur
1578 2489 1656 2513 non
1685 2477 1831 2523 haberi;
1862 2485 1899 2514 et
1927 2478 2215 2515 commentator
2243 2479 2356 2515 etiam
2385 2478 2473 2516 dicit

1418 2529 1522 2577 quod
1549 2529 1587 2566 in
1621 2530 1848 2578 quibusdam
1887 2531 2160 2578 exemplaribus
2199 2531 2356 2567 arabicis
2394 2543 2472 2567 non

1418 2582 1622 2618 habentur:
1657 2582 1758 2619 unde
1796 2582 1914 2630 magis
1946 2583 2122 2620 videntur
2158 2595 2239 2620 esse
2279 2590 2471 2631 assumpta

1419 2634 1465 2670 de
1496 2634 1599 2670 dictis
1628 2635 1881 2683 Theophrasti
1908 2636 1969 2672 vel
1997 2635 2151 2672 alicuius
2180 2635 2328 2672 alterius
2357 2647 2471 2684 expo-

1421 2686 1542 2723 sitoris
1570 2686 1788 2724 Aristotelis.
1827 2687 1918 2724 Tria
1946 2695 2074 2724 tamen
2109 2695 2302 2736 ponuntur
2332 2688 2393 2724 hic
2425 2688 2472 2725 ad

1421 2739 1762 2776 manifestationem
1781 2741 2098 2788 praecedentium.
2113 2741 2287 2787 Quorum
2306 2740 2472 2799 primum

1418 2791 1579 2840 pertinet
1606 2792 1654 2829 ad
1683 2793 1943 2840 quaestionem
1980 2806 2094 2841 quarn
2124 2806 2236 2842 supra
2254 2794 2273 2814 '¹‘
2291 2793 2411 2830 movit
2431 2795 2473 2814 *²¹*

1420 2843 1468 2880 de
1487 2844 1726 2892 generatione
1751 2845 1885 2893 quietis
1913 2858 1991 2882 non
2015 2846 2200 2882 naturalis.
2240 2846 2349 2882 Unde

1419 2897 1524 2944 quod
1562 2897 1745 2934 dubitabit
1780 2898 1913 2946 aliquis
1942 2898 1987 2935 de
2016 2899 2097 2946 ipso
2126 2894 2244 2944 sta‘re,
2279 2898 2382 2946 quod
2416 2906 2471 2935 est

1418 2949 1587 2996 generari
1607 2950 1791 2998 quietem:
1822 2950 1909 2998 quia
1937 2950 1966 2987 si
1993 2963 2126 2987 omnes
2155 2958 2280 2987 motus
2305 2951 2367 2999 qui
2388 2958 2474 2988 sunt

1417 3009 1564 3050 praeter
1591 3010 1776 3049 naturam,
1797 3003 1938 3040 habent
1966 3003 2130 3051 quietem
2151 3003 2378 3052 oppositam,
2404 3003 2472 3040 sci-

1417 3054 1503 3090 licet
1530 3066 1608 3091 non
1636 3056 1865 3102 naturalem,
1895 3063 2021 3092 utrum
2050 3063 2086 3092 et
2113 3056 2174 3092 illa
2202 3055 2308 3104 quies
2335 3056 2472 3092 habeat

1416 3112 1527 3152 stare,
1546 3107 1642 3143 idest
1660 3107 1859 3155 generari?
1880 3108 1979 3154 Quia
1998 3108 2028 3144 si
2048 3108 2191 3145 dicatur
2205 3108 2309 3156 quod
2328 3121 2406 3144 non
2425 3108 2471 3144 sit

1418 3159 1541 3207 aliqua
1570 3160 1678 3196 statio
1707 3160 1841 3209 quietis
1868 3161 2068 3208 violentae,
2089 3168 2266 3209 sequetur
2293 3160 2472 3196 inconve-

1418 3212 1535 3248 niens.
1566 3212 1811 3249 Manifestum
1844 3220 1899 3249 est
1928 3213 2029 3249 enim
2064 3212 2167 3260 quod
2199 3212 2237 3249 id
2266 3212 2369 3260 quod
2401 3224 2469 3260 per

1416 3264 1635 3301 violentiam
1672 3272 1868 3312 movetur,
1898 3265 2126 3312 quandoque
2159 3263 2345 3310 manebit,
2375 3263 2472 3300 idest

1417 3316 1594 3365 quiescet,
1617 3324 1652 3353 et
1675 3318 1750 3353 hoc
1776 3329 1844 3365 per
1876 3316 2106 3353 violentiam.
2137 3317 2264 3363 Quare
2293 3323 2472 3364 sequetur

1418 3446 1580 3478 simpliciter.
1592 3459 1610 3465 ·-
1623 3447 1659 3471 lta
1674 3446 1747 3471 codd.
1762 3450 1787 3469 et
1804 3452 1821 3469 α
1832 3445 1860 3473 b,-
1878 3445 2022 3470 recedendo
2041 3451 2058 3469 a
2077 3444 2188 3469 termino
2202 3451 2219 3468 a
2233 3451 2284 3476 quo
2302 3444 2401 3469 recedit
2420 3451 2470 3469 non

1419 3481 1573 3512 simpliciter
1583 3481 1602 3505 P
1613 3489 1672 3505 cum
1682 3481 1723 3505 ed.
1740 3480 1830 3504 Vener.
1854 3479 1931 3511 1545;
1946 3480 1992 3503 sed
2011 3480 2118 3503 omissio
2131 3479 2307 3508 homoteleuti.
2322 3480 2430 3511 quiescit
2444 3480 2470 3504 in

1420 3516 1540 3544 termino,
1561 3516 1712 3540 sententiam
1731 3515 1836 3539 omnino
1855 3514 1996 3539 intricatam
2015 3514 2109 3544 reddit;
2129 3519 2172 3539 aut
2186 3514 2262 3538 etiam
2280 3514 2385 3546 praebet
2396 3522 2469 3539 occa-

1421 3551 1520 3574 sionem
1540 3550 1618 3575 falsae
1638 3550 1760 3580 lectionis,
1781 3556 1882 3581 nempe,
1895 3549 1966 3581 quod
1984 3549 2110 3574 recedita
2123 3549 2235 3574 termino
2253 3556 2270 3574 α
2289 3557 2353 3581 quo,
2373 3550 2472 3575 recedit

1420 3585 1562 3610 secundum
1582 3585 1652 3617 quod
1666 3585 1752 3609 adhuc
1771 3587 1859 3608 manet
1878 3584 1903 3608 in
1924 3584 1969 3609 illo
1988 3584 2206 3609 termino.—-lnfra
2225 3592 2271 3618 pro
2290 3585 2415 3614 totaliter,
2431 3588 2470 3609 to-

365 3619 392 3654 η)
412 3619 557 3645 recedendo
575 3625 592 3644 a
611 3619 740 3648 term1'no,
762 3619 870 3651 quiescit
895 3619 921 3644 in
941 3619 1053 3645 termino
1076 3627 1093 3644 a
1117 3626 1168 3652 quo
1194 3618 1300 3649 recedit,
1316 3626 1367 3644 non
1421 3622 1478 3644 tum
1497 3619 1591 3645 habent
1610 3620 1710 3644 codices
1730 3619 1799 3643 EGH
1819 3624 1844 3644 et
1863 3619 1903 3644 ed.
1916 3626 1942 3644 a.

453 3674 521 3706 Opp.
541 3673 572 3698 D.
586 3673 700 3698 Tnonnn
718 3673 749 3697 T.
769 3673 798 3698 11.

2261 3673 2293 3704 34

2523 762 2586 783 Lect.
2607 768 2682 790 praec.

2498 794 2521 809 n.
2536 794 2555 815 3.

2499 863 2507 871 '
2523 868 2575 884 esse
2588 868 2638 884 om.
2655 868 2683 884 γε

2502 1491 2511 1501 “
2518 1490 2681 1511 dubitationem
2689 1496 2712 1511 o-

2501 1516 2550 1537 mit.
2559 1516 2637 1538 anaba
2646 1518 2669 1537 et
2676 1516 2712 1537 di-

2502 1543 2536 1563 cit
2548 1548 2602 1563 aea.

2500 2798 2594 2820 ⁸Num.
2609 2804 2630 2825 7.

2500 2825 2522 2835 ⁸*
2550 2827 2625 2845 movet
2651 2830 2711 2850 uzu,

2388 2845 2475 2883 dicit
2497 2851 2577 2878 posuit
2590 2851 2642 2871 pah.
